1687 2969
568 153 610 158 -
682 134 783 173 LXXI
855 155 896 160 -

49 261 147 302 pars
178 247 354 302 propria
385 252 513 300 esset,
546 245 659 288 unde
679 262 811 301 quum
831 247 1023 301 ipsorum
1044 245 1220 286 deorum
1241 251 1395 285 natura

48 309 232 359 pateret,
264 310 355 345 tum
386 303 514 346 etiam
533 303 770 344 animorum
802 318 876 345 eos
898 301 1240 344 consectantium
1271 299 1393 341 indo-

47 360 109 402 les
141 365 394 417 emergeret.
454 359 608 415 Itaque
639 359 735 401 Iovi
766 358 966 414 quidem,
995 372 1120 413 quem
1150 358 1287 398 voluit
1319 373 1393 413 ag—

46 431 145 458 men
174 415 352 458 deorum
373 416 530 459 ducere
553 422 683 471 atque
705 417 922 472 perfectae
952 415 1130 456 rationis
1162 415 1394 472 imaginem

47 473 206 514 reserre
251 475 322 528 (v.
364 489 406 528 p.
439 474 534 516 250.
564 473 617 515 B.
650 474 745 515 252.
778 472 827 515 C.
861 473 912 515 E.
947 473 1041 516 253.
1070 472 1126 513 A.
1161 472 1257 513 coll.
1292 472 1394 513 Phi-

48 529 131 572 leb.
172 544 215 585 p.
258 531 325 572 28.
357 530 408 572 C.
452 537 496 572 et
524 531 590 572 30.
622 530 720 583 D.),
761 530 913 586 procul
957 528 1088 570 dubio
1120 529 1265 570 orbem
1296 529 1393 571 fixis

48 586 265 630 sideribus
295 593 493 629 ornatum
512 586 722 640 attribuit,
755 593 801 628 ut
831 587 905 642 qui
926 585 1058 627 habet
1086 585 1221 639 ideas,
1255 586 1392 627 omnis

48 639 328 686 scientiae'et
352 643 614 700 cognitionis
634 650 834 700 parentes
856 650 898 685 et
917 642 1170 684 effectrices.
1236 642 1393 683 Vestae

47 706 191 742 autem
211 701 407 757 opinioni
427 702 643 742 communi
661 701 967 743 convenienter
986 700 1163 741 Terram
1182 714 1268 740 una
1298 714 1391 740 cum

48 756 175 799 domo
206 757 384 800 deorum
415 758 468 800 ab
499 757 572 799 illa
600 764 770 800 servata
800 757 1052 813 adscripsit,
1086 757 1246 812 quippe
1284 772 1393 810 quae

47 813 285 856 secundum
332 815 556 870 vulgarem
616 829 787 870 quoque
841 814 1097 857 sententiam
1139 814 1296 866 efficit,
1348 819 1395 854 ut

47 877 162 912 terra
199 871 379 914 firmiter
413 872 458 913 in
497 870 640 914 medio
685 871 845 914 mundo
877 877 1055 927 perstet,
1088 871 1179 912 sivc
1223 875 1394 921 ἵστησιν

48 927 199 980 αὐτήν.
260 929 478 985 Perquam
518 935 661 970 autem
700 928 878 970 dubium
908 934 997 981 est,
1029 927 1246 982 quomodo
1280 934 1392 968 cete-

48 999 116 1026 ras
153 983 359 1041 sphaeras
397 986 509 1027 inter
545 986 735 1040 reliquos
768 985 872 1028 deos
903 985 1194 1037 distribuerit,
1245 1000 1393 1039 quam-

49 1057 177 1096 quam
208 1042 373 1097 aliquid
416 1043 566 1085 saltem
597 1058 646 1084 ea
673 1042 726 1084 de
755 1058 800 1084 re
828 1042 974 1097 colligi
1005 1042 1106 1083 licet
1139 1057 1191 1083 ex
1222 1058 1262 1097 p.
1296 1043 1390 1082 252.

49 1097 99 1140 C.
130 1099 189 1140 D.
233 1111 275 1140 et
302 1116 344 1156 p.
376 1100 471 1142 253.
501 1101 558 1142 A.
589 1100 641 1141 B.
674 1098 724 1141 C.
757 1099 972 1141 Nimirum
1003 1099 1224 1154 planetas,
1257 1098 1389 1139 veluti

47 1154 297 1209 Satur-num,
331 1157 405 1211 qui
435 1172 523 1198 non
560 1162 706 1198 essent
746 1157 858 1198 iuter
888 1155 993 1197 deos
1026 1155 1268 1211 Olympios,
1301 1171 1390 1196 om-

47 1213 150 1254 nino
182 1212 354 1254 videtur
383 1213 628 1266 sustulisse,
660 1214 866 1270 Apolline
899 1219 941 1254 et
969 1213 1098 1254 Luna
1127 1213 1312 1253 fortasse
1348 1212 1389 1252 111

45 1269 190 1312 locum
229 1269 344 1313 Solis
387 1276 518 1325 atque
556 1270 708 1312 Lunae
748 1270 957 1312 suffectis.
1018 1269 1218 1311 Vacuum
1249 1279 1392 1310 autem

48 1325 223 1370 Saturni
261 1327 406 1370 locum
447 1327 540 1369 fieri
586 1333 732 1384 potest
769 1334 818 1369 ut
871 1327 1099 1369 Minervae
1148 1326 1394 1368 attribuerit

46 1389 195 1440 utpote
235 1389 339 1440 post
380 1384 530 1427 Iovem
573 1385 928 1441 sapientissimae.
1000 1382 1130 1437 Quod
1172 1396 1214 1425 et
1251 1383 1393 1439 ipsum

51 1448 120 1482 est
147 1440 450 1483 Homericum:
492 1458 532 1482 v.
573 1441 697 1484 Iliad.
729 1441 770 1483 (ι’.
809 1458 848 1482 v.
893 1443 984 1483 131.
1027 1447 1070 1482 et
1101 1439 1391 1496 Spanhcm.

45 1496 102 1540 ad
144 1496 314 1540 Callim.
354 1498 516 1555 Hymn.
563 1499 709 1555 Apoll.
747 1515 786 1541 v.
822 1500 888 1540 29.
960 1497 1092 1552 Quod
1122 1499 1157 1540 si
1188 1513 1287 1540 vere
1318 1504 1394 1538 aut

45 1554 328 1611 probabiliter
354 1555 415 1596 ita
445 1555 688 1597 coniectum
721 1563 801 1610 est,
833 1556 1024 1611 reliquae
1057 1561 1155 1597 sunt
1183 1554 1392 1610 sphaerae

46 1612 138 1654 sive
178 1611 325 1668 potius
366 1611 508 1664 τάξεις
555 1612 769 1667 aetheris,
811 1613 921 1654 aeris
971 1622 1014 1654 et
1064 1627 1226 1666 aquae,
1286 1626 1393 1666 quas

48 1667 264 1723 quomodo
299 1669 413 1710 inter
450 1668 639 1724 reliquos
683 1669 788 1711 deos
830 1668 1151 1711 distribuendas
1181 1667 1392 1720 statuerit,

47 1731 169 1767 tanto
200 1725 341 1767 minus
372 1725 603 1768 decernere
634 1726 757 1780 licet,
792 1725 910 1780 quod
938 1726 1110 1767 omnino
1143 1724 1321 1767 dubium
1352 1731 1396 1766 et

48 1782 259 1824 incertum
286 1788 374 1836 est,
419 1798 630 1838 quosnam
662 1783 767 1825 deos
799 1783 958 1824 Gracci
990 1783 1033 1824 in
1062 1782 1277 1839 Olympiis
1310 1780 1393 1822 diis

47 1838 288 1881 habuerint.
380 1838 534 1895 Itaque
593 1840 719 1882 huius
768 1839 939 1895 quidem
992 1840 1050 1880 rci
1098 1839 1395 1894 quaestionem

47 1896 279 1938 mittamus.
339 1896 455 1938 Illud
484 1913 615 1938 unum
641 1897 827 1953 aliquam
858 1897 1029 1938 videtur
1060 1896 1395 1937 admonitionem

48 1953 292 2008 requirere,
337 1953 456 2009 quod
497 1969 601 1996 sane
634 1954 761 1996 alicui
790 1968 1000 2010 perquam
1030 1954 1182 1995 mirum
1211 1952 1394 2007 accidat,

47 2024 125 2051 cur
153 2009 328 2052 tandem
366 2011 648 2067 philosophus
686 2011 813 2052 etiam
855 2011 981 2053 orbes
1010 2011 1285 2064 sublunares,
1327 2024 1396 2050 ae-

48 2065 266 2121 thereum,
319 2068 503 2122 aerium,
552 2068 804 2124 pluvialem,
854 2067 1149 2123 respiciendos
1200 2066 1395 2121 adeoque

50 2122 133 2165 diis
189 2124 488 2168 attribuendos
536 2125 805 2167 iudicaverit.
885 2125 1100 2166 Nimirum
1152 2138 1306 2164 caussa
1355 2130 1397 2163 et

51 2180 158 2222 ratio
196 2181 258 2223 rei
297 2182 423 2224 nobis
464 2181 637 2237 quidem
683 2198 770 2224 11011
808 2181 916 2223 adeo
957 2181 1085 2237 longe
1137 2180 1398 2222 arcessenda

53 2236 233 2280 videtur.
293 2239 448 2281 Voluit
476 2239 589 2280 enim
620 2254 788 2281 omnem
820 2238 992 2281 omnino
1026 2237 1272 2278 varietatem
1307 2252 1397 2278 1110-

54 2307 147 2334 rum
179 2301 220 2335 et
237 2295 508 2352 ingeniorum
536 2296 581 2337 in
616 2296 858 2338 amantibus
899 2294 1157 2336 elucentium
1189 2309 1238 2335 eo
1270 2292 1398 2335 niodo

53 2347 293 2406 declarare,
324 2358 374 2393 ut
403 2353 532 2394 etiam
564 2368 712 2394 eorum
743 2352 972 2394 duceretur
999 2351 1124 2404 ratio,
1166 2351 1241 2405 qui
1271 2366 1296 2391 a
1325 2366 1400 2391 na-

55 2405 146 2447 tivo
177 2409 411 2464 sapientiae
443 2409 614 2451 divinae
645 2409 790 2451 studio
822 2409 992 2465 longius
1023 2407 1310 2450 descivissent
1341 2413 1397 2460 et,

55 2468 105 2504 ut
135 2478 231 2505 cum
259 2472 388 2520 poeta
418 2466 670 2520 loquamur,
708 2469 935 2522 affixissent
965 2468 1085 2506 humo
1112 2467 1276 2505 divinae
1299 2480 1399 2518 par-

55 2522 224 2560 ticulam
255 2537 394 2563 aurae.
466 2524 622 2578 Itaque
664 2538 742 2565 nec
781 2522 890 2564 coeli
931 2522 1056 2564 orbes
1085 2530 1224 2563 terrae
1255 2520 1400 2576 proxi-

52 2592 144 2618 mos
167 2582 345 2633 propter
372 2579 510 2634 ipsam
539 2580 601 2621 rei
620 2581 830 2621 rationem
855 2579 1025 2621 silentio
1045 2576 1400 2620 transmittendos

52 2634 236 2730 putavit,
267 2639 317 2675 ut
346 2650 398 2676 ex
429 2636 584 2691 quibus
622 2636 901 2692 plurimorum
931 2636 1169 2678 animorum
1199 2634 1400 2675 humilius

74 2704 275 2745 apsorum
305 2690 479 2734 fortuna
507 2693 689 2750 intelligi
720 2709 847 2749 posse
878 2693 1110 2734 videretur.
1172 2690 1302 2743 Quod
1326 2706 1400 2730 au-
