1687 2969
450 178 522 215 AD
552 178 795 216 GORGIAM
825 179 1092 217 PLATONIS.
1393 183 1440 217 41

102 291 364 342 philosophiae
393 291 604 329 rationibus
632 291 770 340 triplici
814 291 976 328 nomine.
1036 292 1207 329 Primum
1236 292 1337 329 enim
1366 292 1444 330 vis

103 351 151 386 et
188 352 370 386 natura
408 347 489 385 eius
529 347 700 396 arguitur
738 347 919 385 scientiae
959 361 1001 385 ac
1040 348 1210 386 iustitiae
1248 362 1323 385 non
1363 362 1445 386 esse

105 417 244 453 capax,
294 404 542 455 quantumvis
595 418 678 442 eam
725 404 865 441 iactare
905 405 1043 442 soleat:
1096 419 1129 454 p.
1173 408 1263 442 448.
1304 408 1350 442 A.
1390 427 1446 432 —-

105 464 196 498 461.
218 463 264 498 A.
294 461 442 498 Deinde
472 474 610 498 usum
641 461 721 498 eius
744 460 959 498 ostenditur
988 474 1071 498 esse
1091 474 1244 507 vanum,
1275 463 1444 512 quando-

103 517 256 568 quidem
284 517 467 566 potentia,
498 530 574 568 qua
602 530 642 555 se
670 517 784 566 potiri
812 530 922 567 posse
952 518 1147 565 glorietur,
1176 531 1310 555 revera
1338 520 1446 556 nulla

103 574 164 619 sit,
194 587 313 624 quum
342 587 434 611 vera
463 574 634 623 potentia
662 587 738 611 non
766 574 807 610 in
836 574 1040 612 temeraria
1079 574 1269 621 lubidine,
1310 576 1375 613 sed
1405 576 1445 613 in

102 634 227 668 rectae
256 630 469 668 voluntatis
508 630 674 667 consiliis
713 636 907 668 cernatur:
937 645 971 680 p.
1005 634 1095 668 461.
1127 633 1173 667 A.
1202 653 1257 657 —
1289 636 1379 669 481.
1402 633 1442 669 B.

103 687 278 738 Denique
299 687 480 735 agendi
509 687 778 736 principia,
801 688 901 724 unde
922 688 1194 736 proficiscatur,
1216 688 1311 725 falsa
1329 694 1444 739 atque

102 743 228 792 turpia
257 756 339 780 esse
359 743 559 789 evincitur,
590 744 678 781 lieet
708 744 753 781 iis
773 744 980 793 plurimum
1000 744 1213 793 superbiat:
1243 758 1278 793 p.
1298 746 1442 782 481.C.

101 821 156 826 —
187 802 277 837 522.
316 800 360 836 E.
412 799 560 840 Quibus
598 800 772 838 omnibus
812 801 1012 849 explicatis
1050 801 1186 838 deinde
1226 801 1444 850 proceditur

100 857 148 893 ad
187 857 459 894 consideranda
497 870 560 903 ea,
611 870 708 907 quae
749 858 836 894 inde
876 858 923 894 ad
961 858 1064 895 vitae
1103 857 1290 895 actionem
1329 864 1444 908 atque

99 913 397 950 moderationem
426 919 717 964 consequantur.
765 914 926 951 Videtur
954 914 1071 962 igitur
1106 928 1241 963 operae
1278 915 1444 964 pretium

100 969 310 1018 paullisper
337 970 542 1019 dispicere,
582 971 768 1021 quomodo
798 971 939 1020 triplex
979 971 1052 1008 ista
1082 971 1240 1008 materia
1271 985 1292 1008 a
1321 971 1443 1020 philo-

100 1026 219 1075 sopho
249 1030 410 1064 tractata
450 1027 519 1073 sit,
560 1027 747 1077 siquidem
779 1040 826 1064 ex
858 1027 972 1064 huius
1013 1028 1066 1064 rei
1097 1027 1236 1064 iudicio
1266 1041 1444 1075 magnam

99 1086 247 1131 partem
276 1083 417 1131 pendet
445 1083 615 1120 universi
645 1084 768 1132 operis
798 1084 973 1121 subtilior
1002 1084 1268 1132 intelligentia.

184 1139 320 1189 Itaque
348 1139 513 1188 primum
548 1139 719 1190 quidem,
761 1141 947 1191 colloquio
977 1153 1063 1177 eum
1093 1141 1252 1189 Gorgia,
1292 1141 1443 1179 scholae

100 1195 288 1244 principe,
328 1195 526 1243 instituto,
566 1198 739 1247 quaestio
769 1203 945 1235 versatur
983 1198 1022 1234 in
1053 1198 1287 1246 exploranda
1327 1204 1443 1249 atque

100 1253 358 1300 cognoscenda
396 1253 444 1290 vi
473 1258 521 1290 et
549 1258 733 1291 natura
763 1255 984 1291 rhetoricae.
1032 1254 1123 1291 Fuit
1152 1255 1254 1291 enim
1285 1255 1443 1303 Gorgias

99 1308 225 1346 minus
254 1309 293 1346 in
321 1309 517 1358 republica
545 1315 720 1348 versatus
750 1311 935 1348 oratoriae
965 1311 1146 1348 scientiae
1176 1311 1325 1357 doctor,
1366 1312 1441 1349 vid.

101 1365 252 1403 Cicer.
283 1366 341 1403 De
362 1366 465 1403 Orat.
486 1367 561 1412 III,
580 1370 638 1412 16,
663 1371 724 1404 59.
756 1368 793 1403 Is
815 1381 905 1404 vero
927 1367 998 1404 etsi
1019 1367 1112 1405 artis
1134 1381 1224 1405 suae
1244 1368 1444 1406 materiam

101 1421 212 1470 longe
259 1422 529 1471 amplissimam
578 1428 693 1474 atque
733 1424 1100 1473 praestantissimam
1138 1425 1347 1473 praedicat,
1397 1426 1443 1463 de

101 1491 175 1528 quo
205 1479 300 1516 conf.
331 1479 478 1516 Phileb.
512 1483 573 1517 58.
605 1483 651 1517 A.
681 1481 722 1517 B.
764 1481 924 1518 Phaedr.
954 1495 989 1529 p.
1023 1484 1113 1517 268.
1146 1485 1211 1527 A„
1252 1489 1380 1519 tamen
1411 1482 1443 1519 is

100 1534 254 1572 videtur
281 1548 384 1581 esse,
421 1536 487 1586 qui
516 1549 586 1573 nec
615 1543 756 1575 certam
786 1537 868 1574 eius
897 1537 1091 1574 notionem
1121 1539 1246 1575 animo
1277 1552 1443 1588 eompre—

99 1591 258 1628 hensam
286 1596 417 1629 teneat
446 1606 516 1629 nec
545 1593 667 1630 eidem
697 1594 848 1631 laudem
879 1594 1060 1631 scientiae
1094 1601 1161 1632 aut
1189 1595 1344 1632 virtutis
1374 1595 1442 1632 im-

98 1647 305 1698 primisque
335 1648 505 1686 iustitiae
535 1650 728 1686 vindicare
757 1651 887 1699 possit.
926 1649 1111 1690 Quocirca
1138 1652 1326 1689 rhetorice
1346 1652 1443 1689 nihil

100 1704 172 1741 nisi
193 1705 374 1742 scientiae
394 1706 558 1754 speciem
578 1704 740 1754 (πίστιν)
769 1707 903 1744 sectari
934 1707 1119 1755 arguitur,
1149 1709 1195 1745 de
1227 1722 1303 1759 qua
1321 1708 1443 1757 ipsius

99 1761 292 1799 sententia
337 1775 373 1799 v.
421 1762 536 1799 etiam
575 1764 736 1800 Phaedr.
787 1766 877 1801 267.
918 1766 964 1801 A.
1006 1764 1157 1801 Cicer.
1207 1766 1253 1801 de
1294 1765 1440 1803 Orator.

98 1818 174 1863 ΙΙΙ,
206 1821 268 1863 32,
304 1820 391 1855 129.
422 1819 453 1864 Ι,
485 1822 548 1863 22,
584 1823 670 1856 103.
702 1820 760 1857 De
790 1821 872 1857 Fin.
904 1821 956 1866 II,
992 1823 1023 1866 1,
1061 1823 1113 1866 1.;
1146 1822 1192 1858 de
1222 1822 1334 1859 laude
1364 1822 1440 1859 vir-

70 1915 71 1918 *
98 1873 192 1911 tutis
221 1878 349 1912 autem
379 1874 501 1912 eidem
529 1880 609 1913 tam
637 1877 765 1923 gravis
794 1883 970 1915 movetur
989 1878 1257 1924 controversia,
1287 1883 1331 1916 ut
1359 1879 1440 1928 ipse

98 1930 256 1978 Gorgias
296 1944 341 1968 ea
375 1931 415 1968 in
445 1944 577 1969 caussa
616 1933 757 1971 titubet
787 1947 829 1970 ae
857 1933 1011 1971 vacillet
1051 1939 1088 1971 et
1127 1935 1259 1972 nativa
1287 1940 1441 1973 tantum

98 1987 214 2024 animi
244 1988 474 2025 verecundia
513 1993 551 2026 et
578 1989 758 2027 interiore
794 1991 958 2040 quodam
998 1991 1091 2028 recti
1129 1991 1287 2042 verique
1326 2006 1441 2030 sensu

98 2048 291 2092 permotus
311 2045 490 2082 concedat
522 2045 733 2083 rhetoricae
760 2047 875 2084 etiam
897 2047 1052 2084 virtutis
1074 2054 1110 2084 et
1129 2048 1299 2086 iustitiae
1319 2049 1440 2086 scien-

97 2099 191 2137 tiam
208 2101 451 2138 tribuendam
470 2115 562 2139 esse.
592 2101 702 2142 Quod
722 2103 847 2152 ipsum
867 2110 995 2141 tamen
1015 2118 1133 2154 quum
1162 2105 1298 2142 deinde
1309 2106 1439 2151 Polus,

97 2156 294 2194 familiaris
323 2158 404 2194 eius
443 2171 486 2194 ac
514 2158 742 2208 discipulus,
782 2161 963 2208 magistro
994 2161 1095 2197 haud
1126 2162 1255 2209 paullo
1285 2161 1439 2200 liberior

98 2217 137 2250 et
173 2213 383 2262 procacior,
432 2216 639 2252 secundum
677 2217 826 2253 scholae
866 2216 1051 2254 rationem
1090 2223 1223 2265 neget,
1265 2218 1438 2256 Socrates

96 2268 184 2306 inde
231 2270 408 2307 continuo
447 2272 636 2309 concludit
682 2273 894 2310 rhetoricen
936 2273 1068 2323 utique
1107 2274 1277 2311 iustitiae
1325 2275 1438 2313 laude

98 2338 180 2362 esse
210 2326 445 2373 destitutam,
475 2329 782 2378 quandoquidem
812 2330 935 2367 virtus
965 2334 1001 2366 et
1032 2329 1179 2367 iustitia
1200 2330 1295 2368 citra
1317 2331 1436 2368 scien-

96 2381 190 2418 tiam
220 2383 423 2420 consistere
462 2385 568 2421 nullo
607 2386 716 2422 modo
754 2387 883 2434 possit.
941 2386 1132 2423 Nimirum
1171 2387 1245 2425 isto
1285 2388 1438 2437 quidem

97 2442 207 2486 paeto
244 2439 335 2488 quid
364 2440 417 2476 rei
448 2441 516 2486 sit,
557 2441 659 2478 haud
699 2456 789 2479 sane
818 2444 976 2479 obscure
1006 2442 1252 2490 significatur.
1311 2446 1437 2493 Argu-

96 2499 290 2532 mentatur
306 2495 407 2532 enim
428 2497 611 2543 Socrates,
642 2502 684 2535 ut
712 2499 787 2535 iam
806 2504 918 2536 antea
938 2499 1183 2546 ostendimus,
1203 2513 1222 2537 e
1243 2501 1436 2539 doctrinae

96 2563 188 2587 suae
217 2550 375 2597 ratione,
406 2566 480 2602 qua
508 2553 691 2592 virtutem
713 2556 906 2592 statuebat
925 2555 1088 2604 positam
1117 2570 1198 2594 esse
1220 2556 1259 2593 in
1278 2557 1437 2595 scientia

97 2606 258 2657 ideoque
278 2620 375 2653 eum,
406 2609 470 2658 qui
490 2610 580 2659 quid
600 2612 752 2657 bonum,
784 2611 888 2655 utile,
910 2612 1122 2658 honestum,
1153 2613 1297 2650 iustum
1324 2620 1435 2659 esset,

98 2663 251 2711 penitus
280 2663 449 2702 novisset
478 2670 516 2703 et
546 2667 670 2703 animo
697 2667 805 2717 quasi
826 2674 1006 2713 cerneret,
1037 2669 1074 2705 id
1105 2669 1144 2706 in
1174 2670 1319 2718 agendo
1349 2683 1435 2706 con-

99 2724 245 2757 stanter
274 2720 382 2771 sequi
412 2721 542 2760 solere,
601 2724 738 2774 Itaquf¹
778 2724 987 2762 rhetoricae
1026 2738 1109 2763 eam
1137 2732 1312 2764 naturam
1353 2739 1435 2765 esse
