1687 2969
245 178 322 212 328
796 175 1056 214 PLATONIS

245 284 380 323 ΚΑΛ.
410 278 552 331 Ἴσως·
603 283 769 324 οἴεσθαί
807 298 854 336 γε
894 285 984 338 χρή.
1066 285 1166 325 Σῼ.
1211 284 1383 325 Οὐκοῦν
1430 285 1507 326 οἴει
1547 283 1593 326 ἐν

247 348 360 401 πείσῃ
390 347 548 405 α’πορίᾳ
577 347 631 388 ἂν
659 347 790 389 αὐτὸν
818 348 985 403 ἔχεσθαι
1025 346 1047 390 ὅ
1076 365 1115 390 τι
1143 348 1220 403 χρὴ
1250 349 1405 398 εἰπεῖν,·
1453 351 1592 393 ΚΑΛ.

249 414 377 453 Πάνυ
406 427 464 465 γε.

332 478 438 536 Cap.
470 479 728 522 LXXVIII.
789 481 887 520 Σῼ.
951 482 1160 521 Τοιοῦτον
1208 480 1353 534 μέντοι
1400 480 1472 522 καὶ
1512 479 1594 533 ἐγὼ

245 541 327 586 οἶδ
365 545 429 586 ὅτι
466 547 608 593 πάθος
645 546 827 598 πάθοιμι
871 545 924 585 ἂν
963 544 1163 593 είςελθὼν
1213 547 1270 594 εἰς
1309 546 1594 600 δικαστήριον.

245 613 341 651 οὔτε
369 610 450 663 γὰρ
490 610 649 663 ἡδονὰς
686 612 735 658 οἷς
776 609 1031 663 ἐκπεπόρικα
1069 609 1145 661 ε’ξω
1176 612 1321 660 αὐτοῖς
1349 609 1506 664 λέγειν,
1545 613 1595 659 ἃς

246 669 365 716 οὗτοι
395 676 630 728 εὐεργεσίας
671 676 741 716 καὶ
771 676 974 727 ὠφελείας
1002 676 1272 729 νομίζουσιν,
1315 675 1396 729 ἐγὼ
1426 675 1470 718 δὲ
1499 679 1594 718 οὔτε

246 741 346 788 τοὺς
374 742 625 793 πορίζοντας
655 744 762 794 ζηλῶ
803 743 898 781 οὔτε
929 736 992 789 οἷς
1019 742 1252 792 πορίζεται·
1284 740 1358 783 ἐάν
1386 739 1428 782 τέ
1456 743 1518 790 τίς
1545 756 1594 795 με

246 806 270 859 ἢ
301 806 534 857 νεωτέρους
565 813 625 859 φῇ
656 805 923 858 διαφθείρειν
951 807 1128 858 ἀπορεῖν
1170 812 1401 856 ποιοῦντα,
1440 806 1466 859 ἢ
1495 807 1596 855 τοὺς

245 869 561 923 πρεσβυτέρους
610 875 864 924 κακηγορεῖν
911 871 1088 924 λέγοντα
1139 868 1318 924 πικροὺς
1363 872 1519 925 λόγους
1568 871 1594 925 ἢ

245 937 330 991 ἰδίᾳ
358 936 383 989 ἢ
414 936 608 990 δημοσίᾳ,
638 939 734 977 οὔτε
762 938 809 978 τὸ
840 937 996 990 ἀληθὲς
1025 935 1100 987 ἔξω
1128 938 1283 987 εἰπεῖν,
1315 934 1379 978 ὅτι
1407 937 1596 985 Δικαίως

244 1003 383 1043 πάντα
420 1008 553 1042 ταῦτα
593 999 674 1054 ἐγὼ
722 1002 856 1054 λέγω,
900 1002 967 1043 καὶ
1007 1003 1176 1055 πράττω
1214 1003 1261 1043 τὸ
1300 1001 1504 1056 ὑμέτερον
1543 1001 1594 1056 δὴ

313 1167 331 1200 ὅ
364 1182 395 1200 τι
427 1169 504 1212 χρὴ
537 1169 707 1210 εἰπεῖν]
758 1171 846 1212 Aug.
878 1171 1016 1202 Meerm.
1049 1169 1150 1201 Vind.
1181 1169 1212 1202 1.
1243 1169 1273 1203 2.
1305 1169 1337 1203 6.
1370 1169 1399 1204 7.
1433 1171 1519 1202 Ven.
1555 1171 1594 1202 Ξ.

247 1226 396 1292 ποιῖἳ“
376 1257 422 1293 ἃς
448 1254 575 1291 οὗτοι
600 1257 752 1302 εὐεργ]
779 1258 818 1293 ἃς
843 1270 908 1291 0111.
934 1259 1050 1291 Clark.
1077 1260 1156 1292 Vat.
1214 1242 1218 1243 ⁷

315 1303 334 1348 ἢ
361 1304 607 1346 πεωτέρους
634 1305 700 1348 φῇ]
727 1305 900 1347 Hirsehig.
926 1306 1012 1336 coni.
1039 1303 1058 1346 ἢ
1084 1305 1162 1339 τοὺς
1191 1317 1284 1338 νεωτ.

313 1349 411 1383 τοὺς
444 1350 785 1391 πρεσβυτέρους
821 1350 1112 1392 κακηγορεῖν]
1155 1351 1211 1382 sio
1236 1351 1312 1383 Vat.
1338 1352 1424 1383 Ven.
1453 1351 1491 1383 Ξ.
1517 1352 1596 1383 Par.

247 1395 592 1428 BCFIVW.F101.
617 1407 646 1427 a.
672 1406 699 1427 e.
725 1407 767 1428 m.
816 1396 930 1437 Vulgo
955 1399 1167 1438 κατηγορεῖν.

313 1441 349 1472 C.
399 1441 467 1472 καὶ
503 1439 671 1481 πράττω
706 1438 748 1472 τὸ
784 1438 854 1483 ἵνα]
911 1441 1025 1482 Vulgo
1065 1445 1141 1482 post
1173 1452 1306 1481 πραττω
1340 1446 1508 1472 commate
1548 1440 1596 1472 di-

246 1486 441 1528 stinguitur,
466 1497 568 1528 quam
592 1486 759 1517 rationem
783 1486 872 1518 male
898 1486 1050 1517 defendit
1074 1486 1203 1517 Astius.
1250 1486 1457 1518 Emendavit
1479 1485 1595 1517 locum

245 1531 475 1608 Hegndorfius.
523 1531 694 1573 Deinceps
724 1536 837 1563 autem
869 1531 964 1572 vide,
999 1542 1042 1562 an
1077 1530 1310 1573 reponendum
1343 1532 1387 1563 sit
1411 1528 1495 1563 οὐδὲ
1519 1528 1596 1562 ἄλλο

283 1590 288 1601 1
317 1588 364 1607 εν.

247 1589 285 1608 GL
314 1619 428 1653 οὕτω
462 1620 757 1664 διακείμενος]

809 1621 924 1653 Clark.
956 1621 1060 1652 Vind.
1085 1620 1116 1652 2.
1163 1621 1355 1653 Florentini
1381 1625 1541 1662 quattuor
1564 1626 1597 1652 et

246 1668 384 1699 Meerm.
411 1665 519 1700 οῖ’-τως
545 1666 770 1705 διακείμενος.

818 1667 864 1698 Et
886 1666 1021 1698 videtur
1054 1665 1163 1699 οὕτως
1196 1667 1299 1699 etiam
1330 1671 1492 1708 sequente
1517 1676 1596 1698 con-

283 1809 424 1845 Ἴσως·
472 1812 665 1844 οἴεσθαί
703 1823 749 1853 γε
787 1809 885 1854 χρή]

248 1857 304 1889 Sic
329 1857 538 1899 distinguere
564 1858 670 1888 malui
695 1868 796 1898 quam
818 1868 886 1888 uno

247 1909 362 1934 tenore
404 1903 517 1945 legere
542 1900 641 1936 ”Iocus
676 1903 823 1934 οἴεσθαί
849 1914 887 1944 γε

246 1946 320 1989 χρή.
368 1948 457 1979 Nam
482 1949 566 1981 ἴσως
596 1948 636 1979 de
661 1958 695 1979 re
720 1953 812 1979 certa
838 1948 885 1978 di-

247 1994 345 2024 citur.
370 2003 401 2026 v.
428 1993 469 2024 ad
494 1993 668 2024 Phaedon.
697 2004 729 2034 p.
753 1992 807 2025 56.
832 1994 885 2024 De

247 2038 394 2070 formula
427 2043 541 2070 autem
576 2039 723 2070 οἴεσθαί
749 2050 787 2080 γε
810 2036 884 2079 χρή,

248 2084 399 2124 reliquae
424 2084 570 2115 orationi
595 2085 644 2115 sie
671 2083 749 2114 addi
773 2083 883 2122 solita,

249 2139 277 2160 v.
304 2129 347 2160 ad
372 2129 498 2160 Criton
523 2141 553 2171 p.
581 2127 655 2161 142.

294 2208 342 2227 ει
382 2194 493 2236 πάσῃ
531 2193 696 2238 αποριά
727 2214 771 2218 —
803 2195 886 2236 ἔχε-

250 2240 373 2294 σθαι]
422 2241 597 2273 Phaedon.
636 2252 675 2295 p.
719 2240 792 2273 108
840 2242 883 2272 B:

249 2285 288 2317 ἐι
321 2285 411 2327 πάσῃ
449 2286 591 2327 ἑχοιιέῑη
623 2284 764 2327 ἀπορίᾳ.
812 2285 888 2327 Ly-

249 2332 342 2363 sias
368 2331 443 2363 adv.
458 2333 562 2385 A‘gor.
575 2342 607 2373 p.
621 2330 674 2363 97.
693 2331 743 2364 ed.
759 2331 887 2362 B1·em.:

249 2376 352 2409 ειδώς
392 2376 426 2408 τὸ
470 2374 637 2417 ὑμέτεροι·
677 2377 808 2418 πλῆθος
849 2375 887 2407 ἐν

249 2419 381 2463 α’ῖτορίᾳ
411 2419 585 2462 ἐχόμενον.
624 2433 656 2452 v.
695 2426 809 2453 annot.
847 2421 889 2453 ad

250 2467 378 2499 Criton.
422 2477 453 2508 p.
484 2465 539 2498 43.
580 2467 617 2500 C.
660 2472 693 2498 et
724 2467 889 2499 Wesse·

251 2513 354 2554 ling.
378 2512 419 2543 ad
444 2511 604 2543 Herodot.
631 2513 692 2543 ΙΙΙ.
719 2523 745 2546 e.
769 2510 844 2544 129.

296 2579 377 2621 Cap.
402 2579 595 2611 LXXVIII.
618 2580 656 2610 B.
679 2592 699 2633 ,⁰
714 2577 783 2611 ὅτε
806 2576 855 2621 γὰ
870 2591 886 2620 ρ

254 2623 359 2667 ήδοι
370 2622 413 2657 ὰ
410 2624 506 2665 —]
533 2625 625 2657 Huic
652 2622 729 2656 οἷ’τε
752 2635 890 2666 16511011-

251 2649 308 2702 <let
330 2669 454 2702 vocula
479 2670 513 2702 τὲ
548 2671 584 2701 in
616 2669 730 2701 verbis
762 2668 825 2701 ἐάν
857 2668 890 2700 τέ

254 2727 300 2749 us
325 2727 364 2754 με
389 2727 416 2746 κ.
444 2727 468 2747 τ.
493 2716 537 2753 L,
564 2716 604 2748 de
628 2726 695 2757 qua
720 2720 889 2747 structura

958 1822 989 1842 v.
1020 1810 1063 1842 ad
1088 1811 1234 1853 Apolog.
1261 1811 1390 1843 Socrat.
1421 1821 1454 1853 p.
1478 1810 1532 1844 26.
1557 1811 1594 1843 C.

959 1857 1113 1898 Sympos.
1139 1867 1171 1898 p.
1199 1855 1275 1889 223.
1301 1856 1339 1888 C.
1377 1856 1431 1888 Ad
1456 1853 1510 1889 οἷς
1535 1868 1597 1888 πο-

961 1904 1088 1942 ρίζεται
1109 1903 1247 1933 omnino
1276 1902 1453 1943 intelligas
1485 1904 1596 1938 ταῦτα,

956 1958 998 1978 116
1041 1948 1166 1978 Ῐ“1·’115113
1205 1947 1346 1978 haereas
1381 1948 1417 1978 in
1455 1957 1595 1977 numero

955 1992 1134 2033 singulari,
1159 2002 1263 2033 quum
1280 1992 1505 2033 praecesserit
1521 1989 1597 2034 ἡδο-

958 2035 1017 2069 πάδ-
1077 2037 1290 2089 Quamquam
1328 2048 1371 2069 ne
1412 2042 1484 2068 tum
1525 2037 1598 2078 qui-

955 2082 1047 2122 (16111,
1087 2082 1117 2113 si
1146 2082 1213 2114 hoc
1244 2083 1356 2134 ipsum
1387 2093 1513 2114 nomen
1547 2092 1598 2113 re-

955 2134 1050 2169 petas
1090 2128 1180 2169 apud
1215 2128 1383 2167 animum,
1424 2132 1597 2159 structura

956 2173 1141 2214 quidquam
1186 2172 1390 2204 insolentiae
1441 2171 1593 2203 habebit.

956 2229 987 2252 v
1014 2218 1057 2249 ad
1082 2218 1236 2263 SympOS.
1262 2229 1294 2260 p.
1325 2215 1401 2249 188.
1418 2218 1456 2249 B.
1480 2217 1597 2249 Verba

957 2260 1023 2305 ἐγώ
1057 2262 1095 2295 δὲ
1118 2281 1163 2286 -
1187 2265 1241 2296 οἱς
1272 2264 1447 2303 πορίζεται
1477 2273 1537 2304 per
1560 2273 1596 2294 se

940 2306 1109 2340 ¹seorsum
1150 2309 1263 2350 posita
1307 2309 1597 2340 constumtionem

957 2354 1055 2395 quasi
1085 2353 1313 2385 interturbant
1321 2377 1329 2392 ‚
1369 2353 1466 2384 euius
1497 2353 1597 2385 ratio-

957 2400 1010 2430 nis
1035 2399 1193 2441 exempla
1225 2398 1293 2430 alia
1317 2399 1517 2440 neutiquam
1542 2398 1597 2430 de-

960 2448 1050 2476 sunt.

1003 2486 1192 2528 ᾰπορεῖν
1234 2487 1473 2530 ποιοῦντα]
1520 2489 1598 2521 Hoc

958 2535 1048 2565 enim
1074 2533 1207 2565 Socrati
1238 2533 1374 2565 crimini
1405 2533 1532 2565 datum.
1564 2545 1596 2565 v.

957 2581 1094 2611 Menon.
1124 2590 1156 2620 p.
1189 2576 1242 2610 79.
1273 2579 1312 2610 E.
1357 2578 1532 2610 Theaetet.
1564 2582 1600 2620 p.

959 2623 1032 2657 149.
1059 2625 1099 2656 A.
1111 2648 1118 2662 ‚
1151 2634 1236 2665 quos
1259 2623 1352 2655 locos
1374 2624 1443 2655 iam
1468 2625 1502 2656 H
1511 2635 1528 2655 6
1538 2624 1549 2655 i
1561 2636 1597 2655 n-

959 2670 979 2702 d
989 2681 1007 2702 o
1017 2681 1033 2701 r
1042 2670 1064 2701 f.
1089 2669 1308 2710 comparavit.

1003 2714 1183 2757 λέγοντα
1208 2710 1394 2756 πικροὺεΊ
1419 2712 1592 2756 λόγους]
