1687 2969
92 416 174 458 512

202 165 282 199 292
744 160 1004 199 PLATONIS
1203 176 1216 190 ο

203 271 288 310 τῶν
318 269 623 322 συμπλεόντων)
662 269 742 310 οὐκ
771 267 897 316 ἐάσας
925 271 1312 320 καταποντωθῆναι
1350 265 1422 308 καὶ
1457 266 1549 315 οὕς-

205 349 322 381 τινας
352 332 560 386 ἔβλαψεν,
599 334 730 382 εἰδὼς,
770 332 833 374 ὅτι
863 332 989 373 οὐδὲν
1019 332 1176 381 αὐτοὺς
1205 333 1397 384 βελτίους
1425 331 1549 384 ἐξεβί-

205 400 334 451 βασεν
363 399 387 452 ἢ
418 395 502 440 οἷοι
531 396 738 452 ἐνέβησαν
768 401 864 438 οὔτε
893 397 943 438 τὰ
973 398 1143 450 σώματα
1173 399 1268 438 οὔτε
1297 396 1371 445 τὰς
1399 398 1548 450 ψυχάς.

205 465 409 516 λογίζεται
439 460 530 513 οὖν,
561 463 625 504 ὅτι
654 464 756 511 οὐκ,
787 463 822 503 εἰ
849 460 927 514 μέν
955 477 1016 510 τις
1044 463 1239 514 μεγάλοις
1266 461 1337 502 καὶ
1365 462 1552 510 ἀνιάτοις

206 530 416 582 νοσήμασι
465 529 571 569 κατὰ
621 529 667 569 τὸ
715 533 835 578 σῶμα
884 528 1166 580 συνεχόμενος
1221 526 1277 580 μὴ
1327 526 1551 579 ἀπεπνίγη,

208 588 332 642 οὗτος
370 593 447 646 μὲν
477 594 626 641 ἄθλιός
665 592 800 640 ἐστιν,
845 588 908 632 ὅτι
947 592 1026 632 οὐκ
1064 590 1278 641 ἀπέθανε,
1320 590 1390 632 καὶ
1427 591 1553 632 οὐδὲν

208 653 276 699 ὑπ’
306 659 440 699 αὐτοῦ
470 656 702 710 ὠφέληται·
747 657 780 697 εἰ
809 655 852 697 δέ
881 672 942 704 τις
972 659 1055 708 ἄρα
1095 655 1140 696 ἐν
1167 659 1226 712 τῷ
1255 660 1332 697 τοῦ
1362 657 1553 708 σώματος

208 721 450 776 τιμιωτέοῳ,
491 738 538 776 τι,
578 729 719 775 ψυχῇ,
758 721 893 762 πολλα
922 722 1141 775 νοσήματα
1171 720 1251 775 ἔχει
1288 721 1358 762 καὶ
1387 720 1551 764 α’νιάτα

207 790 345 829 τούτω
374 788 418 829 δὲ
448 785 625 840 βιωτέον
666 786 751 827 ἐστὶ
789 786 859 827 καὶ
895 793 1050 827 τοῦτον
1079 785 1293 847 ονήσειεν,
1333 788 1388 826 ἀν
1427 799 1470 825 τε
1510 783 1554 825 ἐκ

208 854 421 906 θαλαττης
457 855 511 893 ἄν
539 867 581 893 τε
612 851 657 892 ἐκ
687 852 963 904 δικαστηρίου
1003 853 1058 892 ἄν
1086 865 1128 891 τε
1157 853 1342 892 ἄλλοθεν
1372 849 1553 891 ὁποθεν-

214 990 394 1034 Ac'yz'rrzou
420 988 440 1033 ἢ
465 990 501 1022 ἐκ
527 989 666 1022 Πόντου
693 989 770 1031 τύχῃ
799 988 955 1027 σώσασα,
988 987 1007 1021 ἃ
1035 993 1100 1021 ιῦν
1133 989 1173 1032 δὴ
1199 990 1335 1031 ἔλεγον,
1368 990 1422 1021 καὶ
1449 986 1556 1020 αὑτὸν

210 1037 264 1068 καὶ
292 1036 413 1069 παῖδα,Ι
440 1038 493 1067 καὶ
519 1035 669 1078 χοῶιιατα
694 1036 748 1067 καὶ
774 1039 956 1089 γυναῖκας,
995 1032 1243 1076 (ιποβιβάσασα
1267 1041 1320 1067 εις
1346 1032 1405 1066 τὸ]
1428 1033 1554 1072 λιμέιῃα

209 1080 273 1113 ἑὰ]
298 1081 467 1119 ττιὶιιττολι,
495 1092 616 1122 ται-της
641 1084 696 1122 τῆς
720 1078 866 1122 μεγάῖης
891 1077 1095 1121 εὓεργεσιας
1121 1079 1182 1111 διό
1209 1077 1358 1121 δοαχμὰς
1376 1077 1555 1120 ἐποάξατο.

210 1127 302 1158 Iusto
328 1126 514 1165 audacius,
539 1137 603 1158 nee
627 1136 712 1168 opus
737 1129 787 1156 est
812 1126 1000 1157 mutatione
1024 1125 1107 1156 ulla.
1155 1124 1269 1157 Verba
1294 1122 1356 1156 εὰν
1381 1122 1486 1163 πάμπ.
1511 1142 1554 1147 -

209 1169 412 1214 ειέργεσιάς
443 1182 512 1203 11011
544 1172 712 1213 expressit
735 1171 886 1202 Fioinus.
933 1171 974 1202 In
1003 1181 1071 1202 uno
1097 1171 1174 1202 Par.
1207 1171 1343 1212 punctis
1373 1174 1492 1202 notata
1523 1173 1556 1201 et

209 1217 405 1259 parenthesi
428 1216 562 1249 inclusa
587 1220 676 1248 sunt.

276 1263 316 1294 E.
347 1260 367 1305 ἡ
392 1258 480 1294 οἶοι
513 1269 558 1293 ε’]
569 1259 754 1303 ἔβησαν]
789 1261 827 1291 οἵ
849 1260 966 1294 Clark.
991 1260 1070 1292 Vat.
1094 1259 1198 1291 Vind.
1223 1258 1253 1292 6.
1284 1260 1362 1292 Par.
1387 1258 1554 1292 CEFW.

256 1391 293 1421 P.
340 1389 416 1421 512.
489 1390 708 1431 λογίζεται
756 1382 846 1425 οὖν,

214 1433 274 1467 ὅτι
306 1432 398 1472 οὐκ,
432 1433 471 1465 εἰ
503 1434 580 1472 μὲν
605 1432 671 1476 -]
719 1434 849 1465 Prima-

211 1481 298 1511 rium
331 1479 461 1521 periodi
492 1479 679 1511 membrum
710 1480 759 1510 sie
791 1489 849 1522 po-

211 1525 314 1556 tuerit
343 1524 531 1556 enuntiari:
573 1525 736 1575 λογίζεται
771 1524 847 1560 οὑν,

213 1569 261 1601 ὅτι
293 1567 336 1601 οἱ
361 1568 508 1611 βιωτέον
539 1567 646 1611 τοῦτο)
673 1568 784 1604 ἐστιί,
818 1569 854 1599 εί

921 1400 971 1419 roc
1011 1388 1146 1419 ἔταττον
1187 1388 1312 1426 ἔμενον
1348 1386 1460 1427 ὥςπερ
1501 1387 1554 1419 καὶ

917 1430 1014 1466 ἄλλος
1047 1444 1111 1467 τις·
1146 1435 1205 1464 τοῦ
1237 1432 1274 1465 δὲ
1300 1434 1389 1464 θεοῦ
1421 1431 1555 1465 τάττον-

919 1489 973 1511 τος
1004 1497 1048 1501 -
1080 1477 1234 1509 ἐνταῦθα
1268 1477 1306 1510 δὲ
1338 1497 1379 1501 -
1411 1479 1556 1516 λείποιμι

919 1520 978 1565 τὴν
1004 1520 1114 1563 τάξιν,
1150 1522 1212 1554 ubi
1243 1533 1274 1555 v.
1310 1527 1425 1554 annot.
1473 1523 1557 1554 Uni-

917 1578 1052 1599 versam
1093 1567 1161 1600 loei
1198 1569 1402 1600 sententiam
1434 1568 1556 1600 Latine

214 1626 260 1647 τις
286 1614 325 1645 ἐν
351 1618 387 1656 τῇ
416 1617 503 1655 ψιχῇ
537 1612 640 1645 :tollet
677 1624 850 1655 mamam

213 1661 278 1700 ἔχει
303 1671 357 1690 και
391 1657 534 1690 αἰιέατα
566 1662 744 1700 1eputat
775 1658 852 1700 igi-

213 1710 280 1735 tur
312 1715 455 1735 seeum
488 1705 618 1735 vitam
651 1714 731 1735 non
756 1713 851 1734 esse

213 1749 414 1788 vitalem,
445 1750 481 1780 si
511 1749 608 1790 quis
632 1749 787 1780 multis
812 1753 850 1780 et

213 1793 551 1825 insanabilibus
585 1794 717 1825 animi
748 1804 851 1825 mor-

214 1840 279 1871 bis
309 1838 493 1871 laboret.
546 1838 614 1870 Sed
643 1849 709 1880 quo
742 1839 850 1880 magis

213 1890 380 1926 augeatur
422 1884 525 1915 huius
571 1885 758 1915 sententiae
799 1884 851 1914 vis

213 1929 409 1970 clariusque
434 1928 713 1969 exsplendeseat‚
748 1928 851 1960 aliam

214 1975 438 2012 sententiam,
479 1984 564 2014 quae
596 1975 761 2005 minorem
794 1973 852 2004 ha-

214 2020 271 2051 bet
300 2019 522 2061 gravitatem,
563 2018 641 2050 huie
680 2019 728 2050 ita
759 2029 852 2060 prae-

213 2065 333 2103 mittit,
364 2068 402 2095 ut
425 2063 561 2095 insertis
585 2063 764 2105 particulis
789 2063 852 2102 μέν

215 2114 247 2141 et
273 2108 310 2140 δέ
333 2108 475 2140 alteram
505 2108 548 2139 ad
572 2109 712 2140 alteram
736 2108 853 2140 referri

215 2159 368 2195 oportere
401 2153 582 2196 significet.
639 2155 749 2193 Quam
781 2154 854 2194 qui-

215 2200 291 2231 dem
315 2198 542 2230 membrorum
577 2199 852 2230 coniunctionem

216 2245 341 2285 optime
365 2243 551 2275 illustravit
569 2244 604 2275 M
615 2244 717 2277 atth.
731 2245 762 2282 ἓ.
777 2242 851 2275 622.

215 2288 246 2320 4.
271 2289 312 2320 ef.
346 2290 599 2320 Buttmann.
631 2289 686 2320 Gr.
719 2299 749 2329 p.
775 2287 853 2320 434.

214 2333 267 2365 ed.
291 2333 410 2365 decim.
456 2334 600 2365 Prorsus
625 2333 743 2364 eadem
767 2338 853 2365 stru-

216 2382 328 2409 cturae
351 2378 438 2409 ratio
463 2383 515 2409 est
537 2389 568 2419 p.
594 2377 670 2410 516.
695 2379 741 2409 E:
773 2376 851 2409 οὔκ-

216 2434 280 2454 ovz·
313 2423 352 2453 οἷ’
383 2434 421 2464 γε
457 2420 585 2464 ἀγαθοὶ
619 2420 748 2465 ἡνίοχοι
787 2424 852 2454 κτλ.

215 2467 412 2499 Particulae
448 2467 512 2505 μὲν
549 2486 591 2490 ——
631 2466 693 2506 μέν
733 2471 766 2499 et
815 2467 853 2499 δὲ

217 2531 260 2536 -
308 2511 346 2543 δέ
397 2511 513 2544 eodem
572 2512 671 2544 modo
722 2513 853 2554 positae

217 2561 307 2595 sunt,
332 2567 397 2597 quo
409 2556 566 2600 A.polog
592 2557 721 2590 Soerat.
747 2568 775 2598 p.
797 2556 851 2591 28.

216 2603 261 2633 E:
289 2601 355 2643 ἐγώ
379 2601 445 2633 οιῖι
461 2601 556 2633 δεινὰ
579 2599 623 2632 ἂι
640 2602 718 2643 εἰήν
735 2613 852 2654 ειργα·

220 2645 342 2684 σιιὲνςο
380 2646 422 2683 εἰ
448 2644 503 2677 ὅτε
527 2645 590 2684 μέι·
611 2657 651 2684 ιιε
676 2658 707 2677 οι
729 2644 852 2691 ἅοχοι-

218 2702 270 2724 τες
294 2691 488 2728 έ’ταττοι-,
514 2688 587 2722 τότε
611 2690 675 2729 μὲι
699 2692 740 2723 οὐ
764 2691 851 2723 ἐκεῖ·

918 1614 1180 1655 interpretamur
1204 1614 1269 1646 sie:
1307 1613 1466 1654 Itaque
1500 1624 1559 1645 se—

920 1669 1010 1690 cum
1035 1662 1231 1700 reputat,
1256 1668 1380 1699 quum
1404 1658 1457 1697 is,
1483 1658 1556 1699 qui

918 1703 1090 1745 magnis
1140 1707 1181 1735 et
1221 1702 1557 1735 insanabilibus

920 1749 1121 1790 corporis
1152 1748 1316 1780 morbis
1347 1747 1557 1780 afflictus

919 1794 962 1824 in
993 1793 1100 1824 mari
1132 1804 1218 1825 non
1250 1793 1456 1835 perierit,
1489 1794 1558 1824 mi-

921 1848 987 1870 ser
1012 1838 1067 1869 sit
1091 1838 1207 1878 ideo,
1240 1838 1341 1879 quia
1364 1848 1445 1869 non
1472 1848 1558 1879 per-

920 1883 1049 1923 ierit,
1096 1893 1175 1915 nee
1221 1893 1314 1915 eum
1359 1887 1558 1924 oportere

920 1929 1092 1967 vivere,
1139 1928 1210 1970 qui
1247 1928 1290 1959 in
1335 1938 1399 1966 eo,
1448 1927 1557 1969 quod

921 1983 1102 2014 corpore
1136 1973 1443 2015 praestantius
1483 1977 1558 2013 est,

921 2019 963 2049 iu
988 2018 1148 2058 animo,
1179 2017 1344 2049 multos
1378 2022 1418 2049 et
1448 2019 1558 2050 insa-

921 2062 1096 2094 nabiles
1149 2061 1313 2094 habeat
1372 2062 1555 2097 morbos,

922 2107 1025 2139 Vides
1064 2108 1169 2150 igitur
1208 2105 1271 2139 οὐκ
1309 2108 1476 2149 pertinere
1515 2108 1557 2139 ad

921 2153 1117 2194 primariam
1150 2157 1283 2184 tantum
1316 2154 1420 2184 totius
1453 2164 1557 2184 enun—

921 2199 997 2229 tiati
1020 2203 1151 2239 partem
1185 2208 1294 2239 neque
1318 2198 1434 2229 referri
1459 2209 1558 2239 posse

922 2244 1023 2275 etiam
1048 2242 1090 2274 ad
1114 2243 1291 2274 interiecta
1308 2242 1410 2274 haee:
1438 2242 1472 2274 εἰ
1495 2242 1558 2281 μέν

924 2299 969 2321 τις
993 2286 1105 2329 μεγάλ.
1139 2299 1167 2318 κ.
1194 2300 1217 2319 τ.
1243 2288 1287 2323 L,
1318 2288 1353 2318 in
1386 2299 1452 2329 qua
1484 2298 1558 2319 sen—

922 2333 1029 2364 tentia
1050 2333 1114 2364 fuit
1130 2331 1437 2366 Heindorfius.
1462 2334 1559 2364 Pror-

923 2388 980 2409 sus
1005 2377 1093 2408 alius
1116 2377 1251 2418 generis
1267 2382 1319 2408 est
1335 2377 1423 2409 illud
1435 2389 1467 2419 p.
1481 2376 1558 2410 508.

922 2423 960 2454 Β.
988 2423 1149 2454 Proxima
1170 2421 1225 2453 καὶ
1252 2425 1373 2454 τοῦτον
1395 2420 1559 2465 ὀνήσειεν

921 2467 1070 2509 pendent
1109 2471 1141 2497 et
1171 2467 1246 2508 ipsa
1269 2477 1296 2509 *e
1326 2467 1558 2509 superioribus

922 2512 1009 2543 illis:
1040 2513 1207 2553 λογίζεται
1237 2511 1321 2550 οὐν,
1349 2510 1416 2549 ὅτι,
1449 2513 1497 2544 ita
1522 2520 1559 2543 ut

922 2556 1070 2598 negandi
1093 2556 1262 2597 particula
1279 2567 1372 2588 nune
1388 2558 1469 2589 item
1487 2557 1572 2588 ani-r

922 2613 976 2633 mo
1007 2601 1189 2642 repetenda
1220 2602 1280 2641 sit3
1312 2613 1392 2634 nam
1425 2606 1557 2633 senten-

922 2647 970 2678 tia
993 2645 1079 2678 haee
1111 2652 1179 2678 est:
1211 2651 1390 2688 reputat
1419 2647 1558 2689 igitur

922 2711 963 2716 —
989 2701 1097 2731 eum,
1137 2691 1212 2732 qui
1248 2692 1382 2723 animi
1414 2692 1558 2724 morbo
