<?xml version="1.0" encoding="UTF-8"?>
<!DOCTYPE html PUBLIC "-//W3C//DTD XHTML 1.0 Transitional//EN"
    "http://www.w3.org/TR/xhtml1/DTD/xhtml1-transitional.dtd">
<html xmlns="http://www.w3.org/1999/xhtml" xml:lang="en" lang="en">
 <head>
  <title>
</title>
<meta http-equiv="Content-Type" content="text/html;charset=utf-8" />
  <meta name='ocr-system' content='tesseract 3.04.00' />
  <meta name='ocr-capabilities' content='ocr_page ocr_carea ocr_par ocr_line ocrx_word'/>
</head>
<body>
  <div class='ocr_page' id='page_1' title='image "./n1operaomniarecens04platuoft/n1operaomniarecens04platuoft_0558.png"; bbox 0 0 1687 2969; ppageno 0'>
   <div class='ocr_carea' id='block_1_1' title="bbox 172 355 211 395">
    <p class='ocr_par' dir='ltr' id='par_1_1' title="bbox 172 355 211 395">
     <span class='ocr_line' id='line_1_1' title="bbox 172 355 211 395; baseline 0 0"><span class='ocrx_word' id='word_1_1' title='bbox 172 355 211 395; x_wconf 94' lang='lat' dir='ltr'>D</span> 
     </span>
    </p>
   </div>
   <div class='ocr_carea' id='block_1_2' title="bbox 198 422 446 472">
    <p class='ocr_par' dir='ltr' id='par_1_2' title="bbox 198 422 446 472">
     <span class='ocr_line' id='line_1_2' title="bbox 198 422 446 472; baseline 0 -12"><span class='ocrx_word' id='word_1_2' title='bbox 198 430 226 439; x_wconf 57' lang='grc'><em>“</em></span> <span class='ocrx_word' id='word_1_3' title='bbox 252 422 421 472; x_wconf 73' lang='grc' dir='ltr'><em>πρῶτον</em></span> <span class='ocrx_word' id='word_1_4' title='bbox 437 453 446 467; x_wconf 79' lang='grc'>,</span> 
     </span>
    </p>
   </div>
   <div class='ocr_carea' id='block_1_3' title="bbox 191 1018 228 1060">
    <p class='ocr_par' dir='ltr' id='par_1_3' title="bbox 191 1018 228 1060">
     <span class='ocr_line' id='line_1_3' title="bbox 191 1018 228 1060; baseline 0 -1"><span class='ocrx_word' id='word_1_5' title='bbox 191 1018 228 1060; x_wconf 87' lang='grc' dir='ltr'>Ε</span> 
     </span>
    </p>
   </div>
   <div class='ocr_carea' id='block_1_4' title="bbox 243 940 1303 996">
    <p class='ocr_par' dir='ltr' id='par_1_4' title="bbox 243 940 1303 996">
     <span class='ocr_line' id='line_1_4' title="bbox 243 940 1303 996; baseline -0.002 -12"><span class='ocrx_word' id='word_1_6' title='bbox 243 940 422 985; x_wconf 63' lang='grc' dir='ltr'><em>’Ἠκιστά</em></span> <span class='ocrx_word' id='word_1_7' title='bbox 450 957 510 996; x_wconf 75' lang='grc' dir='ltr'>γε,</span> <span class='ocrx_word' id='word_1_8' title='bbox 541 942 626 984; x_wconf 77' lang='grc' dir='ltr'><em>ἐπεὶ</em></span> <span class='ocrx_word' id='word_1_9' title='bbox 656 942 766 984; x_wconf 76' lang='grc' dir='ltr'><em>οὕτω</em></span> <span class='ocrx_word' id='word_1_10' title='bbox 794 944 828 995; x_wconf 83' lang='grc' dir='ltr'>γ’</span> <span class='ocrx_word' id='word_1_11' title='bbox 860 942 912 982; x_wconf 77' lang='grc' dir='ltr'><em>ἂν</em></span> <span class='ocrx_word' id='word_1_12' title='bbox 941 943 1201 990; x_wconf 72' lang='grc' dir='ltr'><em>ἀθλιώτατος</em></span> <span class='ocrx_word' id='word_1_13' title='bbox 1230 942 1303 995; x_wconf 80' lang='grc' dir='ltr'><strong>εἴη.</strong></span> 
     </span>
    </p>
   </div>
   <div class='ocr_carea' id='block_1_5' title="bbox 255 183 1058 220">
    <p class='ocr_par' dir='ltr' id='par_1_5' title="bbox 255 183 1058 220">
     <span class='ocr_line' id='line_1_5' title="bbox 255 183 1058 220; baseline 0.001 -1"><span class='ocrx_word' id='word_1_14' title='bbox 255 185 330 219; x_wconf 90' lang='grc'>166</span> <span class='ocrx_word' id='word_1_15' title='bbox 801 183 1006 220; x_wconf 87' lang='lat' dir='ltr'><strong>PLATON</strong></span> <span class='ocrx_word' id='word_1_16' title='bbox 1009 183 1058 220; x_wconf 87' lang='lat' dir='ltr'>IS</span> 
     </span>
    </p>
   </div>
   <div class='ocr_carea' id='block_1_6' title="bbox 255 289 1597 1390">
    <p class='ocr_par' dir='ltr' id='par_1_6' title="bbox 255 289 1597 734">
     <span class='ocr_line' id='line_1_6' title="bbox 256 289 1592 343; baseline 0 -13"><span class='ocrx_word' id='word_1_17' title='bbox 256 290 485 343; x_wconf 81' lang='grc' dir='ltr'><em>αἴσχιστον·</em></span> <span class='ocrx_word' id='word_1_18' title='bbox 527 291 573 331; x_wconf 85' lang='grc' dir='ltr'>τὸ</span> <span class='ocrx_word' id='word_1_19' title='bbox 612 290 691 343; x_wconf 78' lang='grc' dir='ltr'>γὰρ</span> <span class='ocrx_word' id='word_1_20' title='bbox 720 293 951 342; x_wconf 80' lang='grc' dir='ltr'><em>κεφάλαιον</em></span> <span class='ocrx_word' id='word_1_21' title='bbox 980 291 1123 331; x_wconf 74' lang='grc' dir='ltr'><em>αὐτῶν</em></span> <span class='ocrx_word' id='word_1_22' title='bbox 1152 289 1263 330; x_wconf 78' lang='grc' dir='ltr'><em>ἐστιν</em></span> <span class='ocrx_word' id='word_1_23' title='bbox 1291 290 1316 343; x_wconf 84' lang='grc' dir='ltr'>ἢ</span> <span class='ocrx_word' id='word_1_24' title='bbox 1345 289 1592 342; x_wconf 72' lang='grc' dir='ltr'><em>γιγνώσκειν</em></span> 
     </span>
     <span class='ocr_line' id='line_1_7' title="bbox 258 353 1594 409; baseline 0.001 -14"><span class='ocrx_word' id='word_1_25' title='bbox 258 354 282 407; x_wconf 85' lang='grc' dir='ltr'>ἢ</span> <span class='ocrx_word' id='word_1_26' title='bbox 313 355 508 407; x_wconf 75' lang='grc' dir='ltr'>ἀγνοεῖν,</span> <span class='ocrx_word' id='word_1_27' title='bbox 548 354 656 404; x_wconf 82' lang='grc' dir='ltr'><em>ὅςτις</em></span> <span class='ocrx_word' id='word_1_28' title='bbox 682 370 722 396; x_wconf 80' lang='grc' dir='ltr'>τε</span> <span class='ocrx_word' id='word_1_29' title='bbox 753 356 963 409; x_wconf 77' lang='grc' dir='ltr'><em>εὐδαίμων</em></span> <span class='ocrx_word' id='word_1_30' title='bbox 991 354 1075 396; x_wconf 76' lang='grc' dir='ltr'>ἐστὶ</span> <span class='ocrx_word' id='word_1_31' title='bbox 1104 354 1174 396; x_wconf 80' lang='grc' dir='ltr'>καὶ</span> <span class='ocrx_word' id='word_1_32' title='bbox 1202 353 1311 404; x_wconf 81' lang='grc' dir='ltr'><em>ὅςτις</em></span> <span class='ocrx_word' id='word_1_33' title='bbox 1337 356 1405 408; x_wconf 83' lang='grc' dir='ltr'><strong>μή.</strong></span> <span class='ocrx_word' id='word_1_34' title='bbox 1444 356 1594 396; x_wconf 84' lang='grc' dir='ltr'><em>αὐτίκα</em></span> 
     </span>
     <span class='ocr_line' id='line_1_8' title="bbox 486 414 1592 474; baseline 0.001 -14"><span class='ocrx_word' id='word_1_35' title='bbox 486 421 578 472; x_wconf 77' lang='grc' dir='ltr'><em>περὶ</em></span> <span class='ocrx_word' id='word_1_36' title='bbox 617 414 669 461; x_wconf 79' lang='grc' dir='ltr'>οὗ</span> <span class='ocrx_word' id='word_1_37' title='bbox 705 427 788 461; x_wconf 78' lang='grc' dir='ltr'>νῦν</span> <span class='ocrx_word' id='word_1_38' title='bbox 827 420 850 462; x_wconf 99' lang='lat'>6</span> <span class='ocrx_word' id='word_1_39' title='bbox 887 422 1012 473; x_wconf 72' lang='grc' dir='ltr'><em>λόγος</em></span> <span class='ocrx_word' id='word_1_40' title='bbox 1053 420 1157 470; x_wconf 76' lang='grc' dir='ltr'><em>ἐστί,</em></span> <span class='ocrx_word' id='word_1_41' title='bbox 1198 420 1250 461; x_wconf 80' lang='grc' dir='ltr'>σὺ</span> <span class='ocrx_word' id='word_1_42' title='bbox 1287 421 1382 474; x_wconf 77' lang='grc' dir='ltr'><em>ἡγεῖ</em></span> <span class='ocrx_word' id='word_1_43' title='bbox 1419 415 1512 461; x_wconf 83' lang='grc' dir='ltr'><em>οἶόν</em></span> <span class='ocrx_word' id='word_1_44' title='bbox 1550 435 1592 461; x_wconf 81' lang='grc' dir='ltr'>τε</span> 
     </span>
     <span class='ocr_line' id='line_1_9' title="bbox 256 480 1594 538; baseline 0.001 -14"><span class='ocrx_word' id='word_1_45' title='bbox 256 480 364 525; x_wconf 80' lang='grc' dir='ltr'><em>εἶναι</em></span> <span class='ocrx_word' id='word_1_46' title='bbox 405 486 615 537; x_wconf 79' lang='grc' dir='ltr'><em>μακάριον</em></span> <span class='ocrx_word' id='word_1_47' title='bbox 654 487 788 538; x_wconf 77' lang='grc' dir='ltr'><em>ἄνδρα</em></span> <span class='ocrx_word' id='word_1_48' title='bbox 838 487 1065 526; x_wconf 74' lang='grc' dir='ltr'><em>ἀδικοῦντά</em></span> <span class='ocrx_word' id='word_1_49' title='bbox 1101 501 1141 526; x_wconf 80' lang='grc' dir='ltr'>τε</span> <span class='ocrx_word' id='word_1_50' title='bbox 1181 484 1251 526; x_wconf 83' lang='grc' dir='ltr'>καὶ</span> <span class='ocrx_word' id='word_1_51' title='bbox 1293 486 1441 526; x_wconf 77' lang='grc' dir='ltr'><em>ἄδικον</em></span> <span class='ocrx_word' id='word_1_52' title='bbox 1479 489 1594 535; x_wconf 73' lang='grc' dir='ltr'><em>ὄντα,</em></span> 
     </span>
     <span class='ocr_line' id='line_1_10' title="bbox 255 546 1591 604; baseline 0.001 -14"><span class='ocrx_word' id='word_1_53' title='bbox 255 550 370 602; x_wconf 77' lang='grc' dir='ltr'><em>εἴπερ</em></span> <span class='ocrx_word' id='word_1_54' title='bbox 394 546 626 604; x_wconf 74' lang='grc' dir='ltr'><em>Ἀρχέλαον</em></span> <span class='ocrx_word' id='word_1_55' title='bbox 666 552 816 592; x_wconf 74' lang='grc' dir='ltr'><em>ἄδικον</em></span> <span class='ocrx_word' id='word_1_56' title='bbox 853 550 928 604; x_wconf 73' lang='grc' dir='ltr'><em>μὲν</em></span> <span class='ocrx_word' id='word_1_57' title='bbox 966 551 1058 604; x_wconf 74' lang='grc' dir='ltr'>ἡγεῖ</span> <span class='ocrx_word' id='word_1_58' title='bbox 1097 547 1223 600; x_wconf 76' lang='grc' dir='ltr'><em>εἶναι,</em></span> <span class='ocrx_word' id='word_1_59' title='bbox 1264 550 1494 603; x_wconf 79' lang='grc' dir='ltr'><em>εὐδαίμονα</em></span> <span class='ocrx_word' id='word_1_60' title='bbox 1535 551 1591 592; x_wconf 79' lang='grc' dir='ltr'><strong>δὲ.</strong></span> 
     </span>
     <span class='ocr_line' id='line_1_11' title="bbox 256 616 1597 669; baseline -0.001 -14"><span class='ocrx_word' id='word_1_61' title='bbox 256 618 356 656; x_wconf 74' lang='grc' dir='ltr'><em>ἄλλο</em></span> <span class='ocrx_word' id='word_1_62' title='bbox 398 630 436 656; x_wconf 83' lang='grc' dir='ltr'>τι</span> <span class='ocrx_word' id='word_1_63' title='bbox 472 616 528 664; x_wconf 83' lang='grc' dir='ltr'>ὡς</span> <span class='ocrx_word' id='word_1_64' title='bbox 556 616 665 657; x_wconf 76' lang='grc' dir='ltr'><em>οὕτω</em></span> <span class='ocrx_word' id='word_1_65' title='bbox 704 626 782 657; x_wconf 85' lang='grc' dir='ltr'>σου</span> <span class='ocrx_word' id='word_1_66' title='bbox 820 617 1067 668; x_wconf 77' lang='grc' dir='ltr'><em>νομίζοντος</em></span> <span class='ocrx_word' id='word_1_67' title='bbox 1102 616 1395 669; x_wconf 67' lang='grc' dir='ltr'><em>διανοώμεθας</em></span> <span class='ocrx_word' id='word_1_68' title='bbox 1454 618 1597 657; x_wconf 68' lang='grc' dir='ltr'><strong>ΠΩΛ.</strong></span> 
     </span>
     <span class='ocr_line' id='line_1_12' title="bbox 262 682 474 734; baseline 0.005 -13"><span class='ocrx_word' id='word_1_69' title='bbox 262 682 387 721; x_wconf 90' lang='grc' dir='ltr'><em>Πάνυ</em></span> <span class='ocrx_word' id='word_1_70' title='bbox 417 695 474 734; x_wconf 84' lang='grc' dir='ltr'>γε.</span> 
     </span>
    </p>

    <p class='ocr_par' dir='ltr' id='par_1_7' title="bbox 256 743 1596 1390">
     <span class='ocr_line' id='line_1_13' title="bbox 343 743 1594 804; baseline -0.003 -13"><span class='ocrx_word' id='word_1_71' title='bbox 343 747 446 804; x_wconf 86' lang='lat' dir='ltr'>Cap.</span> <span class='ocrx_word' id='word_1_72' title='bbox 478 746 692 790; x_wconf 88' lang='lat' dir='ltr'>XXVIII.</span> <span class='ocrx_word' id='word_1_73' title='bbox 755 748 849 787; x_wconf 74' lang='grc' dir='ltr'>ΣΩ.</span> <span class='ocrx_word' id='word_1_74' title='bbox 876 743 982 799; x_wconf 85' lang='grc' dir='ltr'>Ἐγὼ</span> <span class='ocrx_word' id='word_1_75' title='bbox 1030 745 1073 787; x_wconf 81' lang='grc' dir='ltr'>δέ</span> <span class='ocrx_word' id='word_1_76' title='bbox 1116 762 1224 800; x_wconf 76' lang='grc' dir='ltr'><em>φημι</em></span> <span class='ocrx_word' id='word_1_77' title='bbox 1270 747 1496 788; x_wconf 73' lang='grc' dir='ltr'><em>ἀδύνατον.</em></span> <span class='ocrx_word' id='word_1_78' title='bbox 1546 747 1594 788; x_wconf 70' lang='grc' dir='ltr'><em>ἓν</em></span> 
     </span>
     <span class='ocr_line' id='line_1_14' title="bbox 256 808 1595 867; baseline -0.001 -13"><span class='ocrx_word' id='word_1_79' title='bbox 256 813 332 867; x_wconf 78' lang='grc' dir='ltr'><em>μὲν</em></span> <span class='ocrx_word' id='word_1_80' title='bbox 360 814 477 854; x_wconf 87' lang='grc' dir='ltr'><em>τουτὶ</em></span> <span class='ocrx_word' id='word_1_81' title='bbox 507 814 865 866; x_wconf 78' lang='grc' dir='ltr'><em>άμφιςβητοῡμεν.</em></span> <span class='ocrx_word' id='word_1_82' title='bbox 896 808 999 852; x_wconf 79' lang='grc' dir='ltr'><em>εἶεν·</em></span> <span class='ocrx_word' id='word_1_83' title='bbox 1047 812 1206 852; x_wconf 78' lang='grc' dir='ltr'><em>ἀδικῶν</em></span> <span class='ocrx_word' id='word_1_84' title='bbox 1233 811 1276 852; x_wconf 81' lang='grc' dir='ltr'>δὲ</span> <span class='ocrx_word' id='word_1_85' title='bbox 1305 811 1355 866; x_wconf 78' lang='grc' dir='ltr'>δὴ</span> <span class='ocrx_word' id='word_1_86' title='bbox 1386 813 1595 866; x_wconf 78' lang='grc' dir='ltr'><em>εὐδαίμων</em></span> 
     </span>
     <span class='ocr_line' id='line_1_15' title="bbox 258 871 1593 931; baseline -0.001 -12"><span class='ocrx_word' id='word_1_87' title='bbox 258 877 369 919; x_wconf 77' lang='grc' dir='ltr'><em>ἔσται</em></span> <span class='ocrx_word' id='word_1_88' title='bbox 407 871 486 930; x_wconf 73' lang='grc' dir='ltr'>ἆρ’,</span> <span class='ocrx_word' id='word_1_89' title='bbox 529 878 581 918; x_wconf 78' lang='grc' dir='ltr'><em>ἂν</em></span> <span class='ocrx_word' id='word_1_90' title='bbox 609 879 794 931; x_wconf 76' lang='grc' dir='ltr'><em>τυγχάνῃ</em></span> <span class='ocrx_word' id='word_1_91' title='bbox 835 877 952 930; x_wconf 78' lang='grc' dir='ltr'><em>δίκης</em></span> <span class='ocrx_word' id='word_1_92' title='bbox 980 891 1020 917; x_wconf 77' lang='grc' dir='ltr'>τε</span> <span class='ocrx_word' id='word_1_93' title='bbox 1060 877 1128 918; x_wconf 79' lang='grc' dir='ltr'>καὶ</span> <span class='ocrx_word' id='word_1_94' title='bbox 1164 878 1382 930; x_wconf 64' lang='grc' dir='ltr'><em>τιμωρίαςς</em></span> <span class='ocrx_word' id='word_1_95' title='bbox 1452 879 1593 918; x_wconf 76' lang='grc' dir='ltr'><strong>ΠΩΛ.</strong></span> 
     </span>
     <span class='ocr_line' id='line_1_16' title="bbox 1354 939 1589 984; baseline 0 -1"><span class='ocrx_word' id='word_1_96' title='bbox 1354 944 1449 984; x_wconf 76' lang='grc' dir='ltr'>ΣΩ.</span> <span class='ocrx_word' id='word_1_97' title='bbox 1479 939 1589 984; x_wconf 79' lang='grc' dir='ltr'>Ἀλλ’</span> 
     </span>
     <span class='ocr_line' id='line_1_17' title="bbox 261 1007 1590 1061; baseline -0.001 -11"><span class='ocrx_word' id='word_1_98' title='bbox 261 1008 335 1050; x_wconf 78' lang='grc' dir='ltr'><em>ἐὰν</em></span> <span class='ocrx_word' id='word_1_99' title='bbox 362 1011 444 1061; x_wconf 59' lang='lat' dir='ltr'>cioca</span> <span class='ocrx_word' id='word_1_100' title='bbox 472 1007 529 1061; x_wconf 60' lang='lat' dir='ltr'>af]</span> <span class='ocrx_word' id='word_1_101' title='bbox 558 1009 744 1061; x_wconf 69' lang='grc' dir='ltr'><em>τυγχάνῃ</em></span> <span class='ocrx_word' id='word_1_102' title='bbox 785 1008 902 1061; x_wconf 71' lang='grc' dir='ltr'><em>δίκης</em></span> <span class='ocrx_word' id='word_1_103' title='bbox 931 1007 954 1048; x_wconf 90' lang='lat'>6</span> <span class='ocrx_word' id='word_1_104' title='bbox 982 1008 1152 1055; x_wconf 76' lang='grc' dir='ltr'><em>άδικών,</em></span> <span class='ocrx_word' id='word_1_105' title='bbox 1183 1023 1288 1048; x_wconf 82' lang='grc' dir='ltr'><em>κατα</em></span> <span class='ocrx_word' id='word_1_106' title='bbox 1316 1008 1391 1048; x_wconf 84' lang='grc' dir='ltr'><em>τὸν</em></span> <span class='ocrx_word' id='word_1_107' title='bbox 1419 1009 1496 1048; x_wconf 86' lang='grc' dir='ltr'><em>σὸν</em></span> <span class='ocrx_word' id='word_1_108' title='bbox 1524 1009 1590 1049; x_wconf 82' lang='grc' dir='ltr'>λό-</span> 
     </span>
     <span class='ocr_line' id='line_1_18' title="bbox 259 1072 1596 1127; baseline -0.003 -12"><span class='ocrx_word' id='word_1_109' title='bbox 259 1090 337 1127; x_wconf 90' lang='grc' dir='ltr'><em>γον</em></span> <span class='ocrx_word' id='word_1_110' title='bbox 358 1074 569 1127; x_wconf 81' lang='grc' dir='ltr'><em>εὐδαίμων</em></span> <span class='ocrx_word' id='word_1_111' title='bbox 599 1072 732 1122; x_wconf 55' lang='lat' dir='ltr'>Zona,-</span> <span class='ocrx_word' id='word_1_112' title='bbox 765 1074 853 1113; x_wconf 85' lang='lat' dir='ltr'>H9</span> <span class='ocrx_word' id='word_1_113' title='bbox 836 1075 908 1113; x_wconf 86' lang='grc' dir='ltr'>Λ.</span> <span class='ocrx_word' id='word_1_114' title='bbox 946 1073 1067 1125; x_wconf 75' lang='grc' dir='ltr'><strong>Φημί.</strong></span> <span class='ocrx_word' id='word_1_115' title='bbox 1100 1074 1197 1113; x_wconf 65' lang='grc' dir='ltr'><strong>ΣΞ).</strong></span> <span class='ocrx_word' id='word_1_116' title='bbox 1231 1072 1351 1113; x_wconf 83' lang='grc' dir='ltr'><em>Κατὰ</em></span> <span class='ocrx_word' id='word_1_117' title='bbox 1380 1072 1424 1114; x_wconf 79' lang='grc' dir='ltr'>δέ</span> <span class='ocrx_word' id='word_1_118' title='bbox 1446 1087 1490 1126; x_wconf 83' lang='grc' dir='ltr'>γε</span> <span class='ocrx_word' id='word_1_119' title='bbox 1519 1072 1596 1126; x_wconf 79' lang='grc' dir='ltr'><em>τὴν</em></span> 
     </span>
     <span class='ocr_line' id='line_1_19' title="bbox 260 1134 1594 1194; baseline -0.002 -13"><span class='ocrx_word' id='word_1_120' title='bbox 260 1139 363 1194; x_wconf 76' lang='grc' dir='ltr'><em>ἐμὴν</em></span> <span class='ocrx_word' id='word_1_121' title='bbox 392 1140 534 1191; x_wconf 81' lang='grc' dir='ltr'><em>δόξαν,</em></span> <span class='ocrx_word' id='word_1_122' title='bbox 565 1134 598 1180; x_wconf 77' lang='grc' dir='ltr'><strong><em>ὦ</em></strong></span> <span class='ocrx_word' id='word_1_123' title='bbox 629 1141 765 1182; x_wconf 78' lang='grc' dir='ltr'>Πώλε</span> <span class='ocrx_word' id='word_1_124' title='bbox 795 1137 818 1178; x_wconf 88' lang='lat'>6</span> <span class='ocrx_word' id='word_1_125' title='bbox 847 1137 1003 1178; x_wconf 74' lang='grc' dir='ltr'><em>ἀδικῶν</em></span> <span class='ocrx_word' id='word_1_126' title='bbox 1035 1152 1076 1178; x_wconf 84' lang='grc' dir='ltr'>τε</span> <span class='ocrx_word' id='word_1_127' title='bbox 1106 1138 1175 1179; x_wconf 84' lang='grc' dir='ltr'>καὶ</span> <span class='ocrx_word' id='word_1_128' title='bbox 1205 1138 1227 1179; x_wconf 91' lang='lat'><em>6</em></span> <span class='ocrx_word' id='word_1_129' title='bbox 1255 1139 1399 1187; x_wconf 77' lang='grc' dir='ltr'><em>ἄδικος</em></span> <span class='ocrx_word' id='word_1_130' title='bbox 1427 1140 1594 1187; x_wconf 82' lang='grc' dir='ltr'><em>πάντως</em></span> 
     </span>
     <span class='ocr_line' id='line_1_20' title="bbox 259 1203 1594 1259; baseline -0.001 -13"><span class='ocrx_word' id='word_1_131' title='bbox 259 1207 334 1259; x_wconf 75' lang='grc' dir='ltr'><em>μὲν</em></span> <span class='ocrx_word' id='word_1_132' title='bbox 362 1207 523 1253; x_wconf 77' lang='grc' dir='ltr'><em>ἅθλιος,</em></span> <span class='ocrx_word' id='word_1_133' title='bbox 554 1204 810 1256; x_wconf 74' lang='grc' dir='ltr'><em>ἀθλιώτερος</em></span> <span class='ocrx_word' id='word_1_134' title='bbox 838 1203 995 1254; x_wconf 70' lang='grc' dir='ltr'><em>μέντοι.</em></span> <span class='ocrx_word' id='word_1_135' title='bbox 1026 1203 1099 1244; x_wconf 78' lang='grc' dir='ltr'><em>ἐὰν</em></span> <span class='ocrx_word' id='word_1_136' title='bbox 1127 1203 1183 1257; x_wconf 78' lang='grc' dir='ltr'>μὴ</span> <span class='ocrx_word' id='word_1_137' title='bbox 1213 1204 1313 1257; x_wconf 78' lang='grc' dir='ltr'><em>διδῷ</em></span> <span class='ocrx_word' id='word_1_138' title='bbox 1343 1204 1464 1257; x_wconf 80' lang='grc' dir='ltr'><em>δίκην</em></span> <span class='ocrx_word' id='word_1_139' title='bbox 1492 1204 1594 1258; x_wconf 82' lang='grc' dir='ltr'><em>μηδὲ</em></span> 
     </span>
     <span class='ocr_line' id='line_1_21' title="bbox 259 1262 1594 1325; baseline -0.001 -14"><span class='ocrx_word' id='word_1_140' title='bbox 259 1271 444 1324; x_wconf 75' lang='grc' dir='ltr'><em>τυγχάνῃ</em></span> <span class='ocrx_word' id='word_1_141' title='bbox 473 1271 670 1323; x_wconf 75' lang='grc' dir='ltr'><em>τιμωρίας</em></span> <span class='ocrx_word' id='word_1_142' title='bbox 706 1270 884 1319; x_wconf 70' lang='grc' dir='ltr'><em>ἀδικῶν,</em></span> <span class='ocrx_word' id='word_1_143' title='bbox 925 1262 1052 1322; x_wconf 80' lang='grc' dir='ltr'><em>ἧττον</em></span> <span class='ocrx_word' id='word_1_144' title='bbox 1090 1268 1133 1309; x_wconf 71' lang='grc' dir='ltr'>δὲ</span> <span class='ocrx_word' id='word_1_145' title='bbox 1173 1272 1346 1317; x_wconf 75' lang='grc' dir='ltr'><em>ἅθλιος,</em></span> <span class='ocrx_word' id='word_1_146' title='bbox 1391 1268 1464 1310; x_wconf 81' lang='grc' dir='ltr'><em>ἐὰν</em></span> <span class='ocrx_word' id='word_1_147' title='bbox 1492 1270 1594 1325; x_wconf 78' lang='grc' dir='ltr'><em>διδῷ</em></span> 
     </span>
     <span class='ocr_line' id='line_1_22' title="bbox 259 1334 1595 1390; baseline -0.001 -13"><span class='ocrx_word' id='word_1_148' title='bbox 259 1337 379 1390; x_wconf 82' lang='grc' dir='ltr'><em>δίκην</em></span> <span class='ocrx_word' id='word_1_149' title='bbox 407 1335 476 1377; x_wconf 82' lang='grc' dir='ltr'>καὶ</span> <span class='ocrx_word' id='word_1_150' title='bbox 502 1335 689 1389; x_wconf 82' lang='grc' dir='ltr'><em>τυγχάνῃ</em></span> <span class='ocrx_word' id='word_1_151' title='bbox 729 1335 846 1388; x_wconf 77' lang='grc' dir='ltr'><em>δίκης</em></span> <span class='ocrx_word' id='word_1_152' title='bbox 876 1334 958 1375; x_wconf 84' lang='grc' dir='ltr'>ὑπὸ</span> <span class='ocrx_word' id='word_1_153' title='bbox 997 1337 1113 1375; x_wconf 75' lang='grc' dir='ltr'><em>θεῶν</em></span> <span class='ocrx_word' id='word_1_154' title='bbox 1155 1349 1195 1374; x_wconf 80' lang='grc' dir='ltr'>τε</span> <span class='ocrx_word' id='word_1_155' title='bbox 1233 1334 1303 1375; x_wconf 83' lang='grc' dir='ltr'>καὶ</span> <span class='ocrx_word' id='word_1_156' title='bbox 1343 1334 1595 1387; x_wconf 71' lang='grc' dir='ltr'><em>ἀνθρώπων.</em></span> 
     </span>
    </p>
   </div>
   <div class='ocr_carea' id='block_1_7' title="bbox 258 1472 1598 1598">
    <p class='ocr_par' dir='ltr' id='par_1_8' title="bbox 258 1472 1598 1598">
     <span class='ocr_line' id='line_1_23' title="bbox 326 1472 1598 1518; baseline -0.001 -11"><span class='ocrx_word' id='word_1_157' title='bbox 326 1476 368 1507; x_wconf 96' lang='lat' dir='ltr'>D.</span> <span class='ocrx_word' id='word_1_158' title='bbox 402 1473 498 1507; x_wconf 71' lang='grc' dir='ltr'><em>ἄλλο</em></span> <span class='ocrx_word' id='word_1_159' title='bbox 532 1488 564 1507; x_wconf 81' lang='grc' dir='ltr'>τι</span> <span class='ocrx_word' id='word_1_160' title='bbox 597 1473 648 1509; x_wconf 69' lang='grc' dir='ltr'>[ὥς</span> <span class='ocrx_word' id='word_1_161' title='bbox 680 1474 804 1518; x_wconf 74' lang='grc' dir='ltr'><em>οὕτω]</em></span> <span class='ocrx_word' id='word_1_162' title='bbox 841 1473 917 1507; x_wconf 75' lang='grc' dir='ltr'>ἄλλο</span> <span class='ocrx_word' id='word_1_163' title='bbox 950 1487 976 1506; x_wconf 86' lang='grc' dir='ltr'>τι</span> <span class='ocrx_word' id='word_1_164' title='bbox 1009 1472 1096 1517; x_wconf 69' lang='grc' dir='ltr'>ἦώς</span> <span class='ocrx_word' id='word_1_165' title='bbox 1122 1475 1206 1506; x_wconf 88' lang='lat' dir='ltr'>Ven.</span> <span class='ocrx_word' id='word_1_166' title='bbox 1236 1474 1274 1506; x_wconf 93' lang='grc' dir='ltr'>Σ.</span> <span class='ocrx_word' id='word_1_167' title='bbox 1300 1479 1333 1506; x_wconf 83' lang='lat' dir='ltr'>et</span> <span class='ocrx_word' id='word_1_168' title='bbox 1355 1486 1404 1518; x_wconf 88' lang='lat' dir='ltr'>pr.</span> <span class='ocrx_word' id='word_1_169' title='bbox 1432 1475 1468 1506; x_wconf 93' lang='grc' dir='ltr'>Ξ.</span> <span class='ocrx_word' id='word_1_170' title='bbox 1494 1474 1598 1506; x_wconf 89' lang='lat' dir='ltr'>Vind.</span> 
     </span>
     <span class='ocr_line' id='line_1_24' title="bbox 258 1519 1598 1598; baseline 0.001 -46"><span class='ocrx_word' id='word_1_171' title='bbox 258 1519 446 1598; x_wconf 42' lang='lat' dir='ltr'>{laszan</span> <span class='ocrx_word' id='word_1_172' title='bbox 477 1522 516 1552; x_wconf 79' lang='lat' dir='ltr'>V.</span> <span class='ocrx_word' id='word_1_173' title='bbox 549 1522 637 1563; x_wconf 78' lang='lat' dir='ltr'>Aug.</span> <span class='ocrx_word' id='word_1_174' title='bbox 668 1522 806 1553; x_wconf 85' lang='lat' dir='ltr'>Meerm.</span> <span class='ocrx_word' id='word_1_175' title='bbox 838 1520 933 1553; x_wconf 87' lang='lat' dir='ltr'>Bodl.</span> <span class='ocrx_word' id='word_1_176' title='bbox 969 1521 1058 1552; x_wconf 86' lang='lat' dir='ltr'>Flor.</span> <span class='ocrx_word' id='word_1_177' title='bbox 1091 1531 1120 1552; x_wconf 89' lang='lat' dir='ltr'>a.</span> <span class='ocrx_word' id='word_1_178' title='bbox 1146 1519 1177 1551; x_wconf 89' lang='lat' dir='ltr'>b.</span> <span class='ocrx_word' id='word_1_179' title='bbox 1213 1530 1241 1552; x_wconf 88' lang='lat' dir='ltr'>c.</span> <span class='ocrx_word' id='word_1_180' title='bbox 1267 1520 1288 1552; x_wconf 87' lang='lat' dir='ltr'>f.</span> <span class='ocrx_word' id='word_1_181' title='bbox 1313 1532 1354 1552; x_wconf 89' lang='lat' dir='ltr'>m.</span> <span class='ocrx_word' id='word_1_182' title='bbox 1389 1519 1430 1552; x_wconf 88' lang='lat' dir='ltr'>ed</span> <span class='ocrx_word' id='word_1_183' title='bbox 1461 1531 1504 1552; x_wconf 82' lang='lat' dir='ltr'>ex</span> <span class='ocrx_word' id='word_1_184' title='bbox 1535 1531 1598 1554; x_wconf 84' lang='lat' dir='ltr'>em.</span> 
     </span>
    </p>
   </div>
   <div class='ocr_carea' id='block_1_8' title="bbox 258 1609 1599 1696">
    <p class='ocr_par' dir='ltr' id='par_1_9' title="bbox 258 1609 1599 1696">
     <span class='ocr_line' id='line_1_25' title="bbox 303 1609 1597 1653; baseline 0.001 -10"><span class='ocrx_word' id='word_1_185' title='bbox 303 1612 341 1643; x_wconf 88' lang='lat' dir='ltr'>E.</span> <span class='ocrx_word' id='word_1_186' title='bbox 368 1611 536 1644; x_wconf 73' lang='grc' dir='ltr'><em>πάντως</em></span> <span class='ocrx_word' id='word_1_187' title='bbox 562 1611 639 1649; x_wconf 72' lang='grc' dir='ltr'>μὲν</span> <span class='ocrx_word' id='word_1_188' title='bbox 665 1609 830 1652; x_wconf 57' lang='grc' dir='ltr'>ἄθλιος]</span> <span class='ocrx_word' id='word_1_189' title='bbox 865 1611 921 1643; x_wconf 81' lang='lat' dir='ltr'>Sic</span> <span class='ocrx_word' id='word_1_190' title='bbox 947 1611 1039 1643; x_wconf 84' lang='lat' dir='ltr'>Stob.</span> <span class='ocrx_word' id='word_1_191' title='bbox 1064 1610 1207 1653; x_wconf 82' lang='lat' dir='ltr'>Eelogg.</span> <span class='ocrx_word' id='word_1_192' title='bbox 1231 1611 1310 1642; x_wconf 83' lang='lat' dir='ltr'>Eth.</span> <span class='ocrx_word' id='word_1_193' title='bbox 1335 1621 1366 1652; x_wconf 92' lang='lat' dir='ltr'>p.</span> <span class='ocrx_word' id='word_1_194' title='bbox 1392 1609 1467 1643; x_wconf 83' lang='lat'>102.</span> <span class='ocrx_word' id='word_1_195' title='bbox 1493 1609 1597 1644; x_wconf 85' lang='lat' dir='ltr'>Codd.</span> 
     </span>
     <span class='ocr_line' id='line_1_26' title="bbox 258 1655 1599 1696; baseline -0.001 -7"><span class='ocrx_word' id='word_1_196' title='bbox 258 1668 336 1689; x_wconf 84' lang='lat' dir='ltr'>mss.</span> <span class='ocrx_word' id='word_1_197' title='bbox 369 1662 401 1689; x_wconf 83' lang='lat' dir='ltr'>et</span> <span class='ocrx_word' id='word_1_198' title='bbox 432 1656 523 1690; x_wconf 81' lang='lat' dir='ltr'>editt.</span> <span class='ocrx_word' id='word_1_199' title='bbox 554 1656 708 1688; x_wconf 85' lang='lat' dir='ltr'>Platonis</span> <span class='ocrx_word' id='word_1_200' title='bbox 741 1668 857 1690; x_wconf 87' lang='lat' dir='ltr'>omnes</span> <span class='ocrx_word' id='word_1_201' title='bbox 884 1655 1038 1688; x_wconf 70' lang='grc' dir='ltr'><em>πάντων.</em></span> <span class='ocrx_word' id='word_1_202' title='bbox 1073 1655 1227 1688; x_wconf 82' lang='lat' dir='ltr'>Indidem</span> <span class='ocrx_word' id='word_1_203' title='bbox 1258 1655 1372 1695; x_wconf 73' lang='grc' dir='ltr'><em>μέντοι</em></span> <span class='ocrx_word' id='word_1_204' title='bbox 1395 1656 1599 1696; x_wconf 79' lang='lat' dir='ltr'>restitutum,</span> 
     </span>
    </p>
   </div>
   <div class='ocr_carea' id='block_1_9' title="bbox 258 1766 1600 1857">
    <p class='ocr_par' dir='ltr' id='par_1_10' title="bbox 258 1766 1600 1857">
     <span class='ocr_line' id='line_1_27' title="bbox 302 1766 1598 1812; baseline -0.002 -11"><span class='ocrx_word' id='word_1_205' title='bbox 302 1770 343 1801; x_wconf 91' lang='lat' dir='ltr'>D.</span> <span class='ocrx_word' id='word_1_206' title='bbox 391 1767 543 1801; x_wconf 64' lang='grc' dir='ltr'><em>αὐτίκα</em></span> <span class='ocrx_word' id='word_1_207' title='bbox 585 1769 767 1812; x_wconf 72' lang='grc' dir='ltr'><em>πρῶτον]</em></span> <span class='ocrx_word' id='word_1_208' title='bbox 814 1771 893 1811; x_wconf 81' lang='lat' dir='ltr'>pri·</span> <span class='ocrx_word' id='word_1_209' title='bbox 1005 1770 1045 1801; x_wconf 89' lang='lat' dir='ltr'>E.</span> <span class='ocrx_word' id='word_1_210' title='bbox 1095 1767 1264 1803; x_wconf 64' lang='grc' dir='ltr'><em>πάντως</em></span> <span class='ocrx_word' id='word_1_211' title='bbox 1307 1769 1385 1807; x_wconf 78' lang='grc' dir='ltr'>μὲν</span> <span class='ocrx_word' id='word_1_212' title='bbox 1426 1766 1598 1811; x_wconf 58' lang='grc' dir='ltr'>ἄθλιος]</span> 
     </span>
     <span class='ocr_line' id='line_1_28' title="bbox 258 1814 1600 1857; baseline -0.001 -11"><span class='ocrx_word' id='word_1_213' title='bbox 258 1826 362 1847; x_wconf 89' lang='lat' dir='ltr'>mum</span> <span class='ocrx_word' id='word_1_214' title='bbox 394 1821 438 1846; x_wconf 89' lang='lat' dir='ltr'>ut</span> <span class='ocrx_word' id='word_1_215' title='bbox 470 1816 618 1847; x_wconf 86' lang='lat' dir='ltr'>statim</span> <span class='ocrx_word' id='word_1_216' title='bbox 650 1815 892 1857; x_wconf 77' lang='lat' dir='ltr'>exemplum</span> <span class='ocrx_word' id='word_1_217' title='bbox 962 1815 1134 1846; x_wconf 89' lang='lat' dir='ltr'>omnino</span> <span class='ocrx_word' id='word_1_218' title='bbox 1188 1814 1317 1846; x_wconf 86' lang='lat' dir='ltr'>miser</span> <span class='ocrx_word' id='word_1_219' title='bbox 1369 1818 1449 1853; x_wconf 87' lang='lat' dir='ltr'>est,</span> <span class='ocrx_word' id='word_1_220' title='bbox 1506 1815 1600 1846; x_wconf 87' lang='lat' dir='ltr'>sive</span> 
     </span>
    </p>
   </div>
   <div class='ocr_carea' id='block_1_10' title="bbox 256 1859 1600 1946">
    <p class='ocr_par' dir='ltr' id='par_1_11' title="bbox 256 1859 1600 1946">
     <span class='ocr_line' id='line_1_29' title="bbox 257 1859 1600 1902; baseline -0.001 -10"><span class='ocrx_word' id='word_1_221' title='bbox 257 1861 446 1895; x_wconf 80' lang='lat' dir='ltr'>afferam,</span> <span class='ocrx_word' id='word_1_222' title='bbox 479 1870 511 1892; x_wconf 83' lang='lat' dir='ltr'>v.</span> <span class='ocrx_word' id='word_1_223' title='bbox 543 1861 719 1902; x_wconf 74' lang='lat' dir='ltr'>Protagor.</span> <span class='ocrx_word' id='word_1_224' title='bbox 750 1872 781 1902; x_wconf 83' lang='lat' dir='ltr'>p.</span> <span class='ocrx_word' id='word_1_225' title='bbox 815 1859 890 1893; x_wconf 73' lang='lat'>359.</span> <span class='ocrx_word' id='word_1_226' title='bbox 961 1860 1151 1891; x_wconf 88' lang='lat' dir='ltr'>iniuriae</span> <span class='ocrx_word' id='word_1_227' title='bbox 1183 1870 1345 1901; x_wconf 89' lang='lat' dir='ltr'>poenas</span> <span class='ocrx_word' id='word_1_228' title='bbox 1385 1859 1478 1891; x_wconf 84' lang='lat' dir='ltr'>luat</span> <span class='ocrx_word' id='word_1_229' title='bbox 1508 1860 1600 1890; x_wconf 86' lang='lat' dir='ltr'>sive</span> 
     </span>
     <span class='ocr_line' id='line_1_30' title="bbox 256 1903 1600 1946; baseline -0.001 -8"><span class='ocrx_word' id='word_1_230' title='bbox 256 1907 296 1938; x_wconf 88' lang='lat' dir='ltr'>E.</span> <span class='ocrx_word' id='word_1_231' title='bbox 328 1906 549 1938; x_wconf 79' lang='lat' dir='ltr'>Ruhnken.</span> <span class='ocrx_word' id='word_1_232' title='bbox 583 1905 626 1937; x_wconf 86' lang='lat' dir='ltr'>ad</span> <span class='ocrx_word' id='word_1_233' title='bbox 657 1907 744 1937; x_wconf 90' lang='lat' dir='ltr'><strong>Tim.</strong></span> <span class='ocrx_word' id='word_1_234' title='bbox 776 1916 807 1946; x_wconf 94' lang='lat' dir='ltr'>p.</span> <span class='ocrx_word' id='word_1_235' title='bbox 840 1904 894 1937; x_wconf 80' lang='lat'>56.</span> <span class='ocrx_word' id='word_1_236' title='bbox 963 1916 1043 1936; x_wconf 90' lang='lat' dir='ltr'>non</span> <span class='ocrx_word' id='word_1_237' title='bbox 1069 1905 1172 1936; x_wconf 82' lang='lat' dir='ltr'>luat.</span> <span class='ocrx_word' id='word_1_238' title='bbox 1206 1916 1237 1936; x_wconf 85' lang='lat' dir='ltr'>v.</span> <span class='ocrx_word' id='word_1_239' title='bbox 1261 1904 1393 1936; x_wconf 88' lang='lat' dir='ltr'>Phileb.</span> <span class='ocrx_word' id='word_1_240' title='bbox 1425 1915 1457 1946; x_wconf 92' lang='lat' dir='ltr'>p.</span> <span class='ocrx_word' id='word_1_241' title='bbox 1483 1903 1537 1937; x_wconf 86' lang='lat'>39.</span> <span class='ocrx_word' id='word_1_242' title='bbox 1560 1905 1600 1936; x_wconf 88' lang='lat' dir='ltr'>E.</span> 
     </span>
    </p>
   </div>
   <div class='ocr_carea' id='block_1_11' title="bbox 257 1951 895 2761">
    <p class='ocr_par' dir='ltr' id='par_1_12' title="bbox 257 1951 895 2129">
     <span class='ocr_line' id='line_1_31' title="bbox 258 1951 894 1992; baseline -0.003 -9"><span class='ocrx_word' id='word_1_243' title='bbox 258 1952 387 1983; x_wconf 86' lang='lat' dir='ltr'>Koen.</span> <span class='ocrx_word' id='word_1_244' title='bbox 448 1951 490 1982; x_wconf 83' lang='lat' dir='ltr'>ad</span> <span class='ocrx_word' id='word_1_245' title='bbox 547 1951 685 1992; x_wconf 87' lang='lat' dir='ltr'>Gregor.</span> <span class='ocrx_word' id='word_1_246' title='bbox 742 1951 894 1982; x_wconf 85' lang='lat' dir='ltr'>Corinth.</span> 
     </span>
     <span class='ocr_line' id='line_1_32' title="bbox 257 1995 895 2038; baseline -0.003 -9"><span class='ocrx_word' id='word_1_247' title='bbox 257 2008 288 2038; x_wconf 90' lang='lat' dir='ltr'>p.</span> <span class='ocrx_word' id='word_1_248' title='bbox 321 1995 675 2036; x_wconf 61' lang='lat' dir='ltr'>416.V00..70a3102-</span> <span class='ocrx_word' id='word_1_249' title='bbox 713 2006 773 2028; x_wconf 82' lang='lat' dir='ltr'>our</span> <span class='ocrx_word' id='word_1_250' title='bbox 804 1996 895 2027; x_wconf 85' lang='lat' dir='ltr'>Hir-</span> 
     </span>
     <span class='ocr_line' id='line_1_33' title="bbox 258 2041 895 2084; baseline -0.003 -10"><span class='ocrx_word' id='word_1_251' title='bbox 258 2041 426 2084; x_wconf 84' lang='lat' dir='ltr'>sehigio</span> <span class='ocrx_word' id='word_1_252' title='bbox 453 2046 647 2083; x_wconf 80' lang='lat' dir='ltr'>suspectum</span> <span class='ocrx_word' id='word_1_253' title='bbox 663 2042 776 2081; x_wconf 75' lang='lat' dir='ltr'>fuerit,</span> <span class='ocrx_word' id='word_1_254' title='bbox 800 2051 895 2073; x_wconf 82' lang='lat' dir='ltr'>oaus-</span> 
     </span>
     <span class='ocr_line' id='line_1_34' title="bbox 258 2086 745 2141; baseline -0.004 -22"><span class='ocrx_word' id='word_1_255' title='bbox 258 2098 328 2119; x_wconf 82' lang='lat' dir='ltr'>sam</span> <span class='ocrx_word' id='word_1_256' title='bbox 354 2086 579 2141; x_wconf 86' lang='lat' dir='ltr'><strong>intelligimus</strong></span> <span class='ocrx_word' id='word_1_257' title='bbox 604 2087 745 2118; x_wconf 83' lang='lat' dir='ltr'><strong>nullam</strong></span> 
     </span>
    </p>

    <p class='ocr_par' dir='ltr' id='par_1_13' title="bbox 257 2129 895 2534">
     <span class='ocr_line' id='line_1_35' title="bbox 303 2129 892 2169; baseline -0.003 -6"><span class='ocrx_word' id='word_1_258' title='bbox 303 2129 399 2164; x_wconf 71' lang='grc' dir='ltr'>ἄλλο</span> <span class='ocrx_word' id='word_1_259' title='bbox 425 2144 458 2163; x_wconf 87' lang='grc' dir='ltr'>τι</span> <span class='ocrx_word' id='word_1_260' title='bbox 484 2129 532 2165; x_wconf 77' lang='grc' dir='ltr'><em>ὦ</em></span> <span class='ocrx_word' id='word_1_261' title='bbox 562 2130 670 2163; x_wconf 75' lang='lat' dir='ltr'>oi&#39;zm</span> <span class='ocrx_word' id='word_1_262' title='bbox 698 2142 775 2163; x_wconf 74' lang='lat' dir='ltr'>oni</span> <span class='ocrx_word' id='word_1_263' title='bbox 804 2143 892 2169; x_wconf 74' lang='grc' dir='ltr'><strong>νομ.</strong></span> 
     </span>
     <span class='ocr_line' id='line_1_36' title="bbox 259 2177 894 2220; baseline -0.002 -12"><span class='ocrx_word' id='word_1_264' title='bbox 259 2177 320 2220; x_wconf 74' lang='grc' dir='ltr'><strong>δ.,·]</strong></span> <span class='ocrx_word' id='word_1_265' title='bbox 347 2178 465 2209; x_wconf 86' lang='lat' dir='ltr'>itane</span> <span class='ocrx_word' id='word_1_266' title='bbox 490 2181 529 2208; x_wconf 86' lang='lat' dir='ltr'>te</span> <span class='ocrx_word' id='word_1_267' title='bbox 554 2177 721 2208; x_wconf 85' lang='lat' dir='ltr'>sentire</span> <span class='ocrx_word' id='word_1_268' title='bbox 747 2177 894 2208; x_wconf 80' lang='lat' dir='ltr'>existi</span> 
     </span>
     <span class='ocr_line' id='line_1_37' title="bbox 257 2220 892 2264; baseline -0.002 -10"><span class='ocrx_word' id='word_1_269' title='bbox 257 2224 435 2254; x_wconf 79' lang='lat' dir='ltr'><strong>memus?</strong></span> <span class='ocrx_word' id='word_1_270' title='bbox 481 2222 655 2255; x_wconf 82' lang='lat' dir='ltr'>Phaedon.</span> <span class='ocrx_word' id='word_1_271' title='bbox 697 2233 731 2264; x_wconf 90' lang='lat' dir='ltr'>p.</span> <span class='ocrx_word' id='word_1_272' title='bbox 762 2220 814 2253; x_wconf 86' lang='lat'>94.</span> <span class='ocrx_word' id='word_1_273' title='bbox 845 2222 892 2253; x_wconf 86' lang='lat' dir='ltr'>E:</span> 
     </span>
     <span class='ocr_line' id='line_1_38' title="bbox 258 2264 895 2321; baseline -0.003 -22"><span class='ocrx_word' id='word_1_274' title='bbox 258 2266 312 2307; x_wconf 77' lang='grc' dir='ltr'>[ὶῡ</span> <span class='ocrx_word' id='word_1_275' title='bbox 354 2279 419 2299; x_wconf 73' lang='grc' dir='ltr'>Οίέί</span> <span class='ocrx_word' id='word_1_276' title='bbox 466 2264 508 2300; x_wconf 61' lang='grc' dir='ltr'>αὖ</span> <span class='ocrx_word' id='word_1_277' title='bbox 514 2265 572 2321; x_wconf 54' lang='grc' dir='ltr'>ἴύἕν·</span> <span class='ocrx_word' id='word_1_278' title='bbox 612 2279 712 2299; x_wconf 70' lang='lat' dir='ltr'><em>laura</em></span> <span class='ocrx_word' id='word_1_279' title='bbox 758 2270 895 2307; x_wconf 71' lang='grc' dir='ltr'>,ΤΟίῆΟαι</span> 
     </span>
     <span class='ocr_line' id='line_1_39' title="bbox 258 2309 894 2353; baseline 0.002 -10"><span class='ocrx_word' id='word_1_280' title='bbox 258 2312 509 2351; x_wconf 71' lang='grc' dir='ltr'>διαι·οοῑ’μει··ο]</span> <span class='ocrx_word' id='word_1_281' title='bbox 532 2310 578 2346; x_wconf 68' lang='grc' dir='ltr'>ὠς</span> <span class='ocrx_word' id='word_1_282' title='bbox 603 2310 771 2353; x_wconf 39' lang='lat' dir='ltr'>aoQuozc‘as</span> <span class='ocrx_word' id='word_1_283' title='bbox 793 2309 894 2353; x_wconf 50' lang='grc' dir='ltr'>αι’τῆ.»Ἰ</span> 
     </span>
     <span class='ocr_line' id='line_1_40' title="bbox 257 2356 889 2399; baseline -0.003 -10"><span class='ocrx_word' id='word_1_284' title='bbox 257 2356 382 2399; x_wconf 47' lang='lat' dir='ltr'>offane.-</span> <span class='ocrx_word' id='word_1_285' title='bbox 407 2359 459 2389; x_wconf 93' lang='lat' dir='ltr'>De</span> <span class='ocrx_word' id='word_1_286' title='bbox 483 2358 624 2399; x_wconf 86' lang='lat' dir='ltr'>Republ.</span> <span class='ocrx_word' id='word_1_287' title='bbox 643 2359 682 2388; x_wconf 88' lang='lat' dir='ltr'>V.</span> <span class='ocrx_word' id='word_1_288' title='bbox 707 2367 738 2398; x_wconf 91' lang='lat' dir='ltr'>p.</span> <span class='ocrx_word' id='word_1_289' title='bbox 756 2356 889 2389; x_wconf 85' lang='lat' dir='ltr'>470.E:</span> 
     </span>
     <span class='ocr_line' id='line_1_41' title="bbox 258 2401 893 2444; baseline -0.002 -10"><span class='ocrx_word' id='word_1_290' title='bbox 258 2405 311 2434; x_wconf 80' lang='grc' dir='ltr'>καὶ</span> <span class='ocrx_word' id='word_1_291' title='bbox 346 2403 564 2435; x_wconf 72' lang='grc' dir='ltr'><em>διανοεῖσθαι</em></span> <span class='ocrx_word' id='word_1_292' title='bbox 597 2401 643 2434; x_wconf 51' lang='grc' dir='ltr'>ὠς</span> <span class='ocrx_word' id='word_1_293' title='bbox 675 2403 893 2444; x_wconf 71' lang='grc' dir='ltr'><em>διαλλαγησο-</em></span> 
     </span>
     <span class='ocr_line' id='line_1_42' title="bbox 257 2445 892 2489; baseline -0.002 -11"><span class='ocrx_word' id='word_1_294' title='bbox 257 2447 372 2486; x_wconf 67' lang='grc' dir='ltr'><em>μένων</em></span> <span class='ocrx_word' id='word_1_295' title='bbox 388 2447 442 2479; x_wconf 83' lang='grc' dir='ltr'>καὶ</span> <span class='ocrx_word' id='word_1_296' title='bbox 460 2445 523 2479; x_wconf 70' lang='lat'>02³7.</span> <span class='ocrx_word' id='word_1_297' title='bbox 545 2445 599 2479; x_wconf 73' lang='grc' dir='ltr'>ἀεὶ</span> <span class='ocrx_word' id='word_1_298' title='bbox 618 2446 892 2489; x_wconf 74' lang='grc' dir='ltr'><em>πολεμησόντων.</em></span> 
     </span>
     <span class='ocr_line' id='line_1_43' title="bbox 257 2492 766 2534; baseline 0 -10"><span class='ocrx_word' id='word_1_299' title='bbox 257 2493 445 2534; x_wconf 83' lang='lat' dir='ltr'>Xenoph.</span> <span class='ocrx_word' id='word_1_300' title='bbox 471 2492 580 2524; x_wconf 84' lang='lat' dir='ltr'>Anab.</span> <span class='ocrx_word' id='word_1_301' title='bbox 607 2494 632 2533; x_wconf 85' lang='grc' dir='ltr'>Ι,</span> <span class='ocrx_word' id='word_1_302' title='bbox 656 2492 688 2531; x_wconf 86' lang='grc'><strong>8,</strong></span> <span class='ocrx_word' id='word_1_303' title='bbox 717 2492 766 2525; x_wconf 86' lang='grc' dir='ltr'>ΙΟ.</span> 
     </span>
    </p>

    <p class='ocr_par' dir='ltr' id='par_1_14' title="bbox 258 2534 894 2761">
     <span class='ocr_line' id='line_1_44' title="bbox 303 2534 892 2580; baseline -0.002 -11"><span class='ocrx_word' id='word_1_304' title='bbox 303 2538 384 2580; x_wconf 85' lang='lat' dir='ltr'>Cap.</span> <span class='ocrx_word' id='word_1_305' title='bbox 421 2539 582 2569; x_wconf 85' lang='lat' dir='ltr'>XXVIII.</span> <span class='ocrx_word' id='word_1_306' title='bbox 652 2534 765 2570; x_wconf 79' lang='grc' dir='ltr'><em>εἶεν·</em></span> <span class='ocrx_word' id='word_1_307' title='bbox 807 2535 892 2568; x_wconf 79' lang='grc' dir='ltr'><em>ἀδι-</em></span> 
     </span>
     <span class='ocr_line' id='line_1_45' title="bbox 260 2580 894 2625; baseline -0.003 -10"><span class='ocrx_word' id='word_1_308' title='bbox 260 2587 344 2615; x_wconf 78' lang='grc' dir='ltr'>κῶν</span> <span class='ocrx_word' id='word_1_309' title='bbox 370 2582 415 2614; x_wconf 82' lang='grc' dir='ltr'>δὲ</span> <span class='ocrx_word' id='word_1_310' title='bbox 440 2581 487 2625; x_wconf 85' lang='grc' dir='ltr'>δὴ</span> <span class='ocrx_word' id='word_1_311' title='bbox 518 2580 616 2625; x_wconf 77' lang='grc' dir='ltr'><strong>εὐδ.]</strong></span> <span class='ocrx_word' id='word_1_312' title='bbox 664 2583 791 2615; x_wconf 87' lang='lat' dir='ltr'>Eadem</span> <span class='ocrx_word' id='word_1_313' title='bbox 823 2594 894 2614; x_wconf 87' lang='lat' dir='ltr'>ver-</span> 
     </span>
     <span class='ocr_line' id='line_1_46' title="bbox 259 2629 892 2670; baseline -0.002 -11"><span class='ocrx_word' id='word_1_314' title='bbox 259 2629 377 2660; x_wconf 84' lang='lat' dir='ltr'>borum</span> <span class='ocrx_word' id='word_1_315' title='bbox 411 2632 578 2659; x_wconf 79' lang='lat' dir='ltr'><strong>structura</strong></span> <span class='ocrx_word' id='word_1_316' title='bbox 617 2633 668 2659; x_wconf 83' lang='lat' dir='ltr'>est</span> <span class='ocrx_word' id='word_1_317' title='bbox 694 2629 831 2670; x_wconf 72' lang='lat' dir='ltr'>Plotag.</span> <span class='ocrx_word' id='word_1_318' title='bbox 863 2639 892 2669; x_wconf 85' lang='lat' dir='ltr'>p.</span> 
     </span>
     <span class='ocr_line' id='line_1_47' title="bbox 258 2672 894 2715; baseline -0.003 -9"><span class='ocrx_word' id='word_1_319' title='bbox 258 2673 333 2706; x_wconf 69' lang='lat'>312)</span> <span class='ocrx_word' id='word_1_320' title='bbox 366 2674 406 2704; x_wconf 83' lang='lat' dir='ltr'>E.</span> <span class='ocrx_word' id='word_1_321' title='bbox 436 2674 526 2706; x_wconf 90' lang='lat' dir='ltr'>Men.</span> <span class='ocrx_word' id='word_1_322' title='bbox 560 2683 592 2714; x_wconf 89' lang='lat' dir='ltr'>p.</span> <span class='ocrx_word' id='word_1_323' title='bbox 619 2672 671 2706; x_wconf 83' lang='lat'>78.</span> <span class='ocrx_word' id='word_1_324' title='bbox 708 2673 745 2705; x_wconf 91' lang='lat' dir='ltr'>C.</span> <span class='ocrx_word' id='word_1_325' title='bbox 779 2684 809 2715; x_wconf 92' lang='lat' dir='ltr'>p.</span> <span class='ocrx_word' id='word_1_326' title='bbox 843 2672 894 2705; x_wconf 79' lang='lat'>75.</span> 
     </span>
     <span class='ocr_line' id='line_1_48' title="bbox 259 2716 774 2761; baseline -0.002 -11"><span class='ocrx_word' id='word_1_327' title='bbox 259 2721 300 2751; x_wconf 82' lang='lat'>1).</span> <span class='ocrx_word' id='word_1_328' title='bbox 328 2729 358 2750; x_wconf 79' lang='lat' dir='ltr'>v.</span> <span class='ocrx_word' id='word_1_329' title='bbox 385 2717 426 2749; x_wconf 85' lang='lat' dir='ltr'>ad</span> <span class='ocrx_word' id='word_1_330' title='bbox 450 2717 640 2761; x_wconf 84' lang='lat' dir='ltr'>Euthyphr.</span> <span class='ocrx_word' id='word_1_331' title='bbox 666 2729 696 2760; x_wconf 92' lang='lat' dir='ltr'>p.</span> <span class='ocrx_word' id='word_1_332' title='bbox 721 2716 774 2750; x_wconf 88' lang='grc'>88.</span> 
     </span>
    </p>
   </div>
   <div class='ocr_carea' id='block_1_12' title="bbox 962 1948 1601 2577">
    <p class='ocr_par' dir='ltr' id='par_1_15' title="bbox 963 1948 1600 2082">
     <span class='ocr_line' id='line_1_49' title="bbox 963 1948 1600 1992; baseline -0.002 -11"><span class='ocrx_word' id='word_1_333' title='bbox 963 1949 1167 1991; x_wconf 79' lang='lat' dir='ltr'>Euthydem.</span> <span class='ocrx_word' id='word_1_334' title='bbox 1198 1961 1228 1991; x_wconf 95' lang='lat' dir='ltr'>p.</span> <span class='ocrx_word' id='word_1_335' title='bbox 1253 1948 1328 1982; x_wconf 74' lang='lat'>292.</span> <span class='ocrx_word' id='word_1_336' title='bbox 1362 1949 1398 1981; x_wconf 93' lang='lat' dir='ltr'>C.</span> <span class='ocrx_word' id='word_1_337' title='bbox 1429 1950 1534 1992; x_wconf 86' lang='lat' dir='ltr'>Legg.</span> <span class='ocrx_word' id='word_1_338' title='bbox 1560 1950 1600 1981; x_wconf 93' lang='lat' dir='ltr'>V.</span> 
     </span>
     <span class='ocr_line' id='line_1_50' title="bbox 963 1994 1599 2036; baseline -0.002 -9"><span class='ocrx_word' id='word_1_339' title='bbox 963 2006 994 2036; x_wconf 91' lang='lat' dir='ltr'>p.</span> <span class='ocrx_word' id='word_1_340' title='bbox 1042 1994 1117 2027; x_wconf 84' lang='lat'>731.</span> <span class='ocrx_word' id='word_1_341' title='bbox 1154 1995 1196 2026; x_wconf 92' lang='lat' dir='ltr'>D.</span> <span class='ocrx_word' id='word_1_342' title='bbox 1246 1995 1323 2026; x_wconf 83' lang='lat' dir='ltr'>coll.</span> <span class='ocrx_word' id='word_1_343' title='bbox 1369 1995 1599 2027; x_wconf 85' lang='lat' dir='ltr'>Sehaeferi</span> 
     </span>
     <span class='ocr_line' id='line_1_51' title="bbox 964 2038 1347 2082; baseline 0 -10"><span class='ocrx_word' id='word_1_344' title='bbox 964 2040 1092 2072; x_wconf 83' lang='lat' dir='ltr'>Melett.</span> <span class='ocrx_word' id='word_1_345' title='bbox 1117 2041 1190 2072; x_wconf 85' lang='lat' dir='ltr'>crit.</span> <span class='ocrx_word' id='word_1_346' title='bbox 1215 2051 1245 2082; x_wconf 91' lang='lat' dir='ltr'>p.</span> <span class='ocrx_word' id='word_1_347' title='bbox 1274 2038 1347 2072; x_wconf 88' lang='grc'><strong>130.</strong></span> 
     </span>
    </p>

    <p class='ocr_par' dir='ltr' id='par_1_16' title="bbox 962 2082 1600 2388">
     <span class='ocr_line' id='line_1_52' title="bbox 1008 2082 1600 2127; baseline -0.003 -10"><span class='ocrx_word' id='word_1_348' title='bbox 1008 2083 1129 2117; x_wconf 86' lang='grc' dir='ltr'><strong>Ρ.473.</strong></span> <span class='ocrx_word' id='word_1_349' title='bbox 1149 2087 1248 2125; x_wconf 74' lang='grc' dir='ltr'><em>(Ῑίλο</em></span> <span class='ocrx_word' id='word_1_350' title='bbox 1262 2098 1280 2115; x_wconf 83' lang='lat'>1·</span> <span class='ocrx_word' id='word_1_351' title='bbox 1306 2085 1385 2127; x_wconf 75' lang='grc' dir='ltr'>γάρ</span> <span class='ocrx_word' id='word_1_352' title='bbox 1411 2094 1455 2115; x_wconf 85' lang='grc' dir='ltr'>σε</span> <span class='ocrx_word' id='word_1_353' title='bbox 1478 2082 1600 2126; x_wconf 83' lang='grc' dir='ltr'><em>ἡγοῦ-</em></span> 
     </span>
     <span class='ocr_line' id='line_1_53' title="bbox 964 2129 1600 2173; baseline -0.003 -11"><span class='ocrx_word' id='word_1_354' title='bbox 964 2130 1044 2173; x_wconf 79' lang='grc' dir='ltr'>μαι]</span> <span class='ocrx_word' id='word_1_355' title='bbox 1081 2132 1220 2162; x_wconf 78' lang='lat' dir='ltr'>Referas</span> <span class='ocrx_word' id='word_1_356' title='bbox 1251 2131 1335 2162; x_wconf 84' lang='lat' dir='ltr'>haec</span> <span class='ocrx_word' id='word_1_357' title='bbox 1372 2129 1413 2161; x_wconf 87' lang='lat' dir='ltr'>ad</span> <span class='ocrx_word' id='word_1_358' title='bbox 1447 2130 1600 2170; x_wconf 81' lang='lat' dir='ltr'>proxime</span> 
     </span>
     <span class='ocr_line' id='line_1_54' title="bbox 962 2174 1600 2218; baseline -0.003 -11"><span class='ocrx_word' id='word_1_359' title='bbox 962 2175 1216 2218; x_wconf 81' lang='lat' dir='ltr'>praecedentia,</span> <span class='ocrx_word' id='word_1_360' title='bbox 1249 2181 1287 2206; x_wconf 85' lang='lat' dir='ltr'>ut</span> <span class='ocrx_word' id='word_1_361' title='bbox 1317 2175 1485 2206; x_wconf 85' lang='lat' dir='ltr'>sententia</span> <span class='ocrx_word' id='word_1_362' title='bbox 1515 2174 1600 2206; x_wconf 86' lang='lat' dir='ltr'>haec</span> 
     </span>
     <span class='ocr_line' id='line_1_55' title="bbox 963 2220 1598 2262; baseline -0.003 -10"><span class='ocrx_word' id='word_1_363' title='bbox 963 2223 1024 2253; x_wconf 82' lang='lat' dir='ltr'>sit:</span> <span class='ocrx_word' id='word_1_364' title='bbox 1063 2232 1156 2252; x_wconf 84' lang='lat' dir='ltr'>nam</span> <span class='ocrx_word' id='word_1_365' title='bbox 1196 2231 1321 2262; x_wconf 85' lang='lat' dir='ltr'><strong>quum</strong></span> <span class='ocrx_word' id='word_1_366' title='bbox 1359 2220 1468 2251; x_wconf 85' lang='lat' dir='ltr'>mihi</span> <span class='ocrx_word' id='word_1_367' title='bbox 1500 2220 1598 2252; x_wconf 83' lang='lat' dir='ltr'>ami-</span> 
     </span>
     <span class='ocr_line' id='line_1_56' title="bbox 964 2268 1600 2304; baseline -0.002 -7"><span class='ocrx_word' id='word_1_368' title='bbox 964 2277 1037 2298; x_wconf 84' lang='lat' dir='ltr'>cus</span> <span class='ocrx_word' id='word_1_369' title='bbox 1069 2268 1145 2304; x_wconf 82' lang='lat' dir='ltr'>sis,</span> <span class='ocrx_word' id='word_1_370' title='bbox 1184 2271 1223 2297; x_wconf 81' lang='lat' dir='ltr'>te</span> <span class='ocrx_word' id='word_1_371' title='bbox 1257 2276 1493 2296; x_wconf 86' lang='lat' dir='ltr'>sermonem</span> <span class='ocrx_word' id='word_1_372' title='bbox 1524 2275 1600 2296; x_wconf 86' lang='lat' dir='ltr'>me-</span> 
     </span>
     <span class='ocr_line' id='line_1_57' title="bbox 963 2310 1600 2343; baseline -0.003 0"><span class='ocrx_word' id='word_1_373' title='bbox 963 2322 1026 2343; x_wconf 90' lang='lat' dir='ltr'>um</span> <span class='ocrx_word' id='word_1_374' title='bbox 1079 2312 1287 2343; x_wconf 81' lang='lat' dir='ltr'>lubenter</span> <span class='ocrx_word' id='word_1_375' title='bbox 1346 2310 1600 2342; x_wconf 82' lang='lat' dir='ltr'>auditurum</span> 
     </span>
     <span class='ocr_line' id='line_1_58' title="bbox 965 2356 1168 2388; baseline -0.005 0"><span class='ocrx_word' id='word_1_376' title='bbox 965 2356 1168 2388; x_wconf 78' lang='lat' dir='ltr'>arbitror.</span> 
     </span>
    </p>

    <p class='ocr_par' dir='ltr' id='par_1_17' title="bbox 963 2399 1601 2577">
     <span class='ocr_line' id='line_1_59' title="bbox 1008 2399 1600 2442; baseline -0.002 -9"><span class='ocrx_word' id='word_1_377' title='bbox 1008 2403 1044 2433; x_wconf 89' lang='lat' dir='ltr'>B.</span> <span class='ocrx_word' id='word_1_378' title='bbox 1094 2400 1254 2442; x_wconf 66' lang='grc' dir='ltr'><em>Ἀληθῆ</em></span> <span class='ocrx_word' id='word_1_379' title='bbox 1302 2411 1345 2442; x_wconf 86' lang='grc' dir='ltr'>γε</span> <span class='ocrx_word' id='word_1_380' title='bbox 1392 2399 1600 2438; x_wconf 58' lang='grc' dir='ltr'><em>οἰόμενος</em></span> 
     </span>
     <span class='ocr_line' id='line_1_60' title="bbox 964 2446 1601 2488; baseline -0.002 -11"><span class='ocrx_word' id='word_1_381' title='bbox 964 2446 1083 2488; x_wconf 47' lang='grc' dir='ltr'><em>ἴσως]</em></span> <span class='ocrx_word' id='word_1_382' title='bbox 1117 2447 1192 2477; x_wconf 84' lang='lat' dir='ltr'>Hoc</span> <span class='ocrx_word' id='word_1_383' title='bbox 1225 2447 1310 2479; x_wconf 68' lang='grc' dir='ltr'>ἴσως</span> <span class='ocrx_word' id='word_1_384' title='bbox 1344 2455 1420 2477; x_wconf 86' lang='lat' dir='ltr'>cum</span> <span class='ocrx_word' id='word_1_385' title='bbox 1445 2446 1601 2476; x_wconf 86' lang='lat' dir='ltr'>irrisione</span> 
     </span>
     <span class='ocr_line' id='line_1_61' title="bbox 963 2490 1601 2530; baseline -0.002 -8"><span class='ocrx_word' id='word_1_386' title='bbox 963 2492 1089 2523; x_wconf 85' lang='lat' dir='ltr'>dictum</span> <span class='ocrx_word' id='word_1_387' title='bbox 1113 2491 1153 2522; x_wconf 88' lang='lat' dir='ltr'>de</span> <span class='ocrx_word' id='word_1_388' title='bbox 1178 2502 1212 2523; x_wconf 87' lang='lat' dir='ltr'>re</span> <span class='ocrx_word' id='word_1_389' title='bbox 1239 2496 1348 2530; x_wconf 82' lang='lat' dir='ltr'>certa,</span> <span class='ocrx_word' id='word_1_390' title='bbox 1379 2495 1417 2521; x_wconf 84' lang='lat' dir='ltr'>ut</span> <span class='ocrx_word' id='word_1_391' title='bbox 1440 2490 1601 2521; x_wconf 84' lang='lat' dir='ltr'>Latinum</span> 
     </span>
     <span class='ocr_line' id='line_1_62' title="bbox 963 2536 1600 2577; baseline -0.005 -9"><span class='ocrx_word' id='word_1_392' title='bbox 963 2538 1165 2568; x_wconf 78' lang='lat' dir='ltr'>fortasse.</span> <span class='ocrx_word' id='word_1_393' title='bbox 1213 2536 1271 2568; x_wconf 77' lang='lat' dir='ltr'>Sic</span> <span class='ocrx_word' id='word_1_394' title='bbox 1308 2537 1360 2567; x_wconf 84' lang='lat' dir='ltr'>De</span> <span class='ocrx_word' id='word_1_395' title='bbox 1398 2536 1479 2577; x_wconf 84' lang='lat' dir='ltr'>Rep.</span> <span class='ocrx_word' id='word_1_396' title='bbox 1510 2536 1536 2566; x_wconf 95' lang='lat' dir='ltr'>I.</span> <span class='ocrx_word' id='word_1_397' title='bbox 1569 2545 1600 2576; x_wconf 92' lang='lat' dir='ltr'>p.</span> 
     </span>
    </p>
   </div>
   <div class='ocr_carea' id='block_1_13' title="bbox 962 2579 1600 2714">
    <p class='ocr_par' dir='ltr' id='par_1_18' title="bbox 962 2579 1600 2714">
     <span class='ocr_line' id='line_1_63' title="bbox 962 2579 1597 2623; baseline -0.006 -9"><span class='ocrx_word' id='word_1_398' title='bbox 962 2580 1036 2614; x_wconf 88' lang='lat'>339.</span> <span class='ocrx_word' id='word_1_399' title='bbox 1063 2582 1103 2612; x_wconf 88' lang='lat' dir='ltr'>A.</span> <span class='ocrx_word' id='word_1_400' title='bbox 1136 2581 1276 2613; x_wconf 82' lang='lat' dir='ltr'>Laehet</span> <span class='ocrx_word' id='word_1_401' title='bbox 1307 2592 1339 2623; x_wconf 92' lang='lat' dir='ltr'>p.</span> <span class='ocrx_word' id='word_1_402' title='bbox 1372 2579 1445 2613; x_wconf 86' lang='lat'>196.</span> <span class='ocrx_word' id='word_1_403' title='bbox 1481 2579 1522 2611; x_wconf 89' lang='lat' dir='ltr'>C.</span> <span class='ocrx_word' id='word_1_404' title='bbox 1555 2579 1597 2611; x_wconf 87' lang='lat' dir='ltr'>al.</span> 
     </span>
     <span class='ocr_line' id='line_1_64' title="bbox 962 2623 1597 2667; baseline 0 -11"><span class='ocrx_word' id='word_1_405' title='bbox 962 2638 993 2658; x_wconf 81' lang='lat' dir='ltr'>v.</span> <span class='ocrx_word' id='word_1_406' title='bbox 1020 2626 1238 2658; x_wconf 83' lang='lat' dir='ltr'>Schaefer.</span> <span class='ocrx_word' id='word_1_407' title='bbox 1266 2626 1308 2657; x_wconf 85' lang='lat' dir='ltr'>ad</span> <span class='ocrx_word' id='word_1_408' title='bbox 1332 2626 1486 2667; x_wconf 86' lang='lat' dir='ltr'>Long.p</span> <span class='ocrx_word' id='word_1_409' title='bbox 1490 2623 1597 2656; x_wconf 79' lang='lat'>..357</span> 
     </span>
     <span class='ocr_line' id='line_1_65' title="bbox 964 2669 1600 2714; baseline -0.002 -12"><span class='ocrx_word' id='word_1_410' title='bbox 964 2673 1049 2703; x_wconf 87' lang='lat' dir='ltr'>Ast.</span> <span class='ocrx_word' id='word_1_411' title='bbox 1090 2671 1131 2703; x_wconf 79' lang='lat' dir='ltr'>ad</span> <span class='ocrx_word' id='word_1_412' title='bbox 1163 2671 1268 2714; x_wconf 82' lang='lat' dir='ltr'>Legg.</span> <span class='ocrx_word' id='word_1_413' title='bbox 1307 2681 1337 2712; x_wconf 93' lang='lat' dir='ltr'>p.</span> <span class='ocrx_word' id='word_1_414' title='bbox 1372 2669 1423 2702; x_wconf 91' lang='grc'>78.</span> <span class='ocrx_word' id='word_1_415' title='bbox 1467 2670 1600 2702; x_wconf 83' lang='lat' dir='ltr'>Ironiee</span> 
     </span>
    </p>
   </div>
   <div class='ocr_carea' id='block_1_14' title="bbox 960 2713 1597 2758">
    <p class='ocr_par' dir='ltr' id='par_1_19' title="bbox 960 2713 1597 2758">
     <span class='ocr_line' id='line_1_66' title="bbox 960 2713 1597 2758; baseline -0.005 -9"><span class='ocrx_word' id='word_1_416' title='bbox 960 2717 1066 2749; x_wconf 84' lang='lat' dir='ltr'>Polus</span> <span class='ocrx_word' id='word_1_417' title='bbox 1090 2716 1240 2758; x_wconf 88' lang='lat' dir='ltr'>loquitur</span> <span class='ocrx_word' id='word_1_418' title='bbox 1269 2717 1371 2748; x_wconf 82' lang='lat' dir='ltr'>etiam</span> <span class='ocrx_word' id='word_1_419' title='bbox 1404 2726 1434 2758; x_wconf 91' lang='lat' dir='ltr'>p.</span> <span class='ocrx_word' id='word_1_420' title='bbox 1459 2713 1534 2747; x_wconf 88' lang='lat'>473.</span> <span class='ocrx_word' id='word_1_421' title='bbox 1560 2715 1597 2746; x_wconf 87' lang='grc' dir='ltr'>Β.</span> 
     </span>
    </p>
   </div>
  </div>
 </body>
</html>
