1687 2969
190 173 240 207 60
662 168 1055 207 PROLEGOMENA

190 296 240 314 z
274 285 352 318 420
385 295 417 318 a.
448 281 535 318 Chr.
565 294 601 317 n.
640 284 679 318 et
708 281 861 330 quidem
890 278 1018 334 ἡλικίᾳ
1046 278 1121 329 μὲν
1150 277 1205 319 ἔτι
1234 278 1322 319 τότε
1352 278 1406 318 (ὒν
1434 278 1528 327 νέος,

189 343 233 374 ut
262 337 316 375 ait
344 337 668 386 Thucydides
707 338 752 382 V,
784 341 868 382 43„
909 351 984 387 quo
1014 338 1114 374 facto
1153 337 1259 374 brevi
1299 338 1443 382 effecit,
1485 342 1529 374 ut

188 394 339 430 foedere
380 393 480 430 inter
518 393 776 430 Athenienses
825 397 863 430 et
901 393 1064 440 Argivos
1106 393 1303 431 conciliato
1351 406 1528 441 magnam

189 450 291 498 apud
328 450 512 498 populum
551 449 817 486 auctoritatem
858 448 1141 497 adipisceretur.
1210 450 1294 486 Iam
1331 462 1421 486 vero
1463 450 1529 486 So-

190 509 312 543 crates
351 505 423 543 etsi
460 508 559 542 teste
598 505 936 553 Xenophonte
967 506 1123 542 Memor.
1154 506 1185 551 I,
1221 508 1258 550 1,
1292 508 1354 542 24.
1385 507 1432 542 ab
1462 505 1527 542 illo

189 562 277 598 inde
307 564 476 610 tempore
515 562 562 598 ab
602 574 645 597 eo
684 561 880 607 neglectus
920 564 997 606 est,
1040 564 1170 598 tamen
1198 574 1285 598 eum
1315 562 1414 610 apud
1444 561 1530 598 Pla-

190 622 319 655 tonem
348 631 383 666 p.
414 620 506 654 481.
535 617 583 653 D.
614 617 685 654 sibi
715 630 836 666 usque
868 620 1036 654 amatum
1066 630 1148 654 esse
1178 618 1397 665 profitetur,
1429 618 1529 668 quod

191 675 378 724 quomodo
409 673 670 722 accipiendum
699 672 768 717 sit,
807 685 1015 722 sanequam
1045 673 1204 710 dubium
1232 673 1396 711 videtur.
1457 674 1530 710 Sed

190 734 385 780 utcunque
415 743 460 766 ea
489 730 534 766 de
564 742 604 766 re
634 728 902 774 statuerimus,
942 728 1037 765 illud
1076 730 1230 779 quidem
1267 728 1433 778 positum
1472 734 1530 766 est

191 790 301 824 extra
331 799 480 823 omnem
509 785 807 830 dubitationem,
837 797 908 821 nec
936 798 1003 833 per
1032 798 1093 831 ea,
1130 798 1227 835 quae
1257 786 1303 822 de
1332 784 1531 822 Alcibiade

191 843 215 879 l.
246 856 275 879 c.
306 846 575 887 memorantur,
606 841 798 888 dialogum
828 841 875 877 ad
907 840 1056 890 Olymp.
1082 845 1143 887 88,
1168 845 1203 878 2.
1233 841 1376 879 retrahi
1408 841 1531 878 licere.

193 899 265 934 Sed
297 899 342 935 ad
372 899 467 935 haec
496 897 640 934 accedit
669 897 784 933 etiam
813 896 969 934 tertium
1000 897 1197 947 quiddam,
1228 899 1329 947 quod
1358 911 1435 934 non
1463 897 1533 934 mi-

191 955 293 991 noris
325 954 507 991 momenti
538 959 606 990 est.
664 953 842 990 Iniicitur
881 953 982 990 enim
1019 967 1054 1002 p.
1086 954 1177 990 470.
1207 954 1254 990 D.
1287 955 1377 991 471.
1408 955 1455 990 A.
1485 954 1532 990 D.

194 1012 285 1048 472.
316 1011 362 1047 D.
395 1012 486 1048 479.
525 1011 571 1046 A.
602 1010 647 1046 D.
678 1010 721 1046 E.
754 1012 843 1046 525.
883 1010 922 1046 C.
954 1009 999 1045 D.
1038 1010 1238 1055 Archelai,
1278 1010 1378 1057 regis
1408 1010 1534 1047 Mace-

192 1067 346 1112 doniae,
377 1066 532 1111 mentio,
564 1066 619 1102 ita
648 1065 812 1115 quidem,
844 1069 888 1102 ut
916 1070 1125 1103 memorata
1156 1066 1311 1114 opinata
1340 1066 1421 1103 eius
1450 1066 1534 1103 feli-

191 1123 306 1160 citate
344 1122 530 1171 imprimis
569 1123 711 1158 scelera
750 1126 789 1158 et
826 1121 976 1169 flagitia
1013 1122 1278 1169 exagitentur,
1318 1122 1457 1172 quibus
1488 1123 1534 1159 ad

192 1179 391 1228 imperinm
421 1179 670 1216 obtinendum
699 1182 893 1225 grassatus
924 1178 984 1215 sit'.
1030 1179 1146 1215 Hunc
1175 1192 1266 1216 vero
1297 1182 1364 1216 aut
1385 1178 1534 1228 Olymp.

194 1240 256 1280 89,
290 1238 483 1272 3:422
507 1248 538 1271 a.
560 1235 646 1271 Chr.
669 1248 706 1270 n.
736 1238 803 1271 aut
825 1234 974 1284 Olymp.
1006 1238 1067 1280 91,
1100 1239 1201 1272 4.:
1221 1238 1299 1271 413
1329 1248 1360 1272 a.
1382 1235 1467 1272 Chr.
1497 1249 1534 1272 n.

191 1305 307 1339 regno
347 1291 511 1340 potitum
550 1304 632 1327 esse
672 1291 846 1340 idemque
885 1304 1007 1340 usque
1047 1291 1093 1327 ad
1136 1291 1286 1340 Olymp.
1320 1295 1382 1336 95,
1418 1294 1449 1327 1.
1482 1305 1533 1324 z

195 1352 273 1384 400
307 1361 337 1384 a.
369 1348 456 1384 Chr.
486 1361 522 1383 n.
554 1347 784 1391 obtinuisse,
825 1347 1034 1383 secundum
1065 1360 1127 1392 ea,
1168 1360 1265 1396 quae
1294 1347 1535 1384 Dodwell.

194 1404 334 1440 Annal.
355 1404 527 1453 Thucyd.
550 1404 647 1440 Soet.
668 1403 831 1448 XXVI„
863 1402 1076 1440 Clinton.
1099 1403 1189 1440 Tab.
1214 1403 1389 1440 Chronol.
1410 1416 1445 1451 p.
1459 1407 1536 1448 80.,

193 1460 439 1497 Ritscliel.
478 1460 536 1496 De
566 1460 646 1496 vita
677 1459 892 1506 Agathonis
922 1459 1010 1507 Cap.
1044 1460 1074 1496 I.
1105 1459 1421 1508 disputaverunt,
1459 1462 1537 1496 tam

193 1520 339 1553 certum
379 1522 455 1561 est,
496 1529 610 1565 quam
641 1515 742 1565 quod
773 1519 831 1551 est
861 1515 1124 1552 certissimum.
1184 1514 1369 1555 Quocirca
1406 1515 1466 1552 his
1505 1515 1536 1552 si

194 1572 285 1622 quid
325 1576 383 1610 est
421 1572 688 1614 tribuendum,
729 1572 896 1619 profecto
936 1571 1023 1607 inde
1064 1571 1247 1617 efficitur,
1287 1575 1331 1608 ut
1367 1571 1539 1618 dialogus

194 1632 283 1665 ante
314 1628 527 1678 Olympiad.
561 1632 629 1673 89,
670 1630 704 1663 3.
736 1641 764 1664 s.
799 1630 877 1663 422
910 1640 941 1664 a.
965 1628 1051 1664 Chr.
1082 1640 1157 1664 non
1187 1627 1355 1676 potuerit
1384 1627 1538 1664 habitus

195 1685 299 1732 fingi.
377 1684 603 1722 Invenimus
633 1683 751 1730 igitur
789 1683 974 1720 hactenus
1023 1684 1097 1721 tria
1134 1687 1349 1732 temporum
1387 1683 1537 1729 indicia,

195 1740 335 1790 quibus
374 1740 543 1788 graviter
591 1752 916 1785 commoneamur,
966 1744 1010 1776 ut
1049 1753 1097 1777 ne
1137 1752 1348 1777 sermonem
1397 1743 1540 1776 temere

196 1797 411 1846 Olympiadi
444 1800 506 1833 88.
538 1796 794 1843 assignemus,
834 1796 899 1833 sed
929 1796 1057 1844 potius
1094 1799 1182 1845 post
1211 1796 1361 1845 Olymp.
1395 1799 1458 1841 89,
1491 1799 1538 1841 3.‚

195 1853 270 1889 imo
302 1853 418 1890 etiam
447 1857 533 1902 post
563 1852 620 1888 Ol.
653 1856 715 1897 90,
752 1855 783 1887 1.
817 1852 986 1901 adeoque
1016 1856 1103 1900 post
1133 1852 1283 1901 Olymp.
1316 1855 1379 1896 91,
1411 1856 1445 1888 4.
1477 1852 1538 1889 vel

197 1909 348 1958 Olymp.
382 1912 444 1945 92.
484 1921 680 1957 ponamus.
750 1907 823 1944 Sed
862 1908 1036 1944 addenda
1073 1912 1163 1945 sunt
1199 1908 1260 1945 his
1299 1907 1414 1944 etiam
1453 1907 1539 1952 alia,

197 1965 336 2015 quibus
366 1965 549 2002 sermonis
588 1968 760 2013 tempora
789 1977 879 2000 sane
917 1963 1071 2012 propius
1110 1965 1157 2001 ad
1186 1963 1277 2001 belli
1305 1964 1539 2012 Peloponne-

196 2021 286 2057 siaci
328 2021 475 2058 exitum
512 2020 667 2057 reiicere
707 2033 896 2067 cogamur.
954 2021 1217 2057 Memorantur
1255 2019 1357 2057 enim
1396 2020 1442 2057 de
1473 2020 1539 2057 So-

197 2081 299 2115 crate
338 2091 436 2127 quae
475 2090 551 2113 non
593 2076 667 2113 alia
705 2076 778 2113 nisi
817 2076 884 2112 illa
923 2079 1048 2114 aetate
1079 2076 1258 2114 accidisse
1299 2076 1540 2125 exploratum

197 2134 375 2171 habetur.
434 2133 533 2170 Nam
561 2132 726 2181 primum
763 2146 798 2181 p.
831 2134 921 2168 521.
952 2132 991 2169 C.
1024 2133 1071 2169 D.
1102 2146 1205 2183 seqq.
1246 2136 1336 2169 522.
1366 2132 1407 2168 Β.
1438 2132 1540 2169 haud

197 2191 355 2227 obscure
387 2189 624 2237 significatur
653 2188 904 2225 accusationis
925 2188 1137 2236 periculum
1157 2188 1240 2226 viro
1261 2187 1541 2237 sapientissimo

198 2246 421 2291 imminens,
460 2249 505 2282 nt
543 2245 608 2295 qni
648 2244 777 2293 populi
806 2243 934 2281 studia
971 2248 1010 2281 et
1048 2244 1276 2293 cupiditates
1304 2243 1475 2292 negligat
1503 2249 1542 2282 et

202 2305 431 2339 contemnat.
499 2301 646 2338 Deinde
686 2314 720 2349 p.
753 2301 844 2338 473.
874 2301 918 2336 E.
959 2300 1039 2349 ipse
1080 2301 1252 2337 Socrates
1290 2304 1421 2337 narrat
1458 2314 1540 2337 sese

200 2370 299 2394 anno
329 2357 522 2406 superiore
552 2357 735 2406 populum
765 2356 805 2393 in
831 2356 1013 2403 suffragia
1033 2357 1184 2393 mittere
1213 2356 1428 2402 nescivisse,
1457 2356 1542 2406 qui-

199 2414 270 2450 bus
300 2413 426 2450 verbis
457 2414 549 2462 quid
580 2413 826 2461 significetur,
857 2411 965 2448 nobis
995 2412 1149 2462 quidem
1179 2426 1255 2449 non
1277 2412 1430 2450 videtur
1459 2426 1541 2449 esse

200 2469 369 2506 dubium.
438 2470 538 2506 Nam
578 2470 728 2518 Olymp.
770 2472 833 2514 93,
877 2472 911 2504 4.
943 2482 995 2500 Σ·-
1026 2471 1103 2505 405
1147 2482 1178 2505 a.
1210 2469 1296 2505 Chr.
1337 2482 1455 2518 quum
1495 2469 1541 2505 de

200 2525 379 2570 ducibus,
420 2525 486 2574 qui
526 2525 565 2561 in
595 2537 723 2573 pugna
763 2525 809 2561 ad
838 2523 1051 2571 Arginusas
1081 2528 1234 2573 propter
1273 2528 1418 2562 coortas
1448 2529 1541 2561 tem-

200 2585 368 2630 pestates
407 2584 576 2618 mortuos
615 2581 747 2618 tollere
795 2579 1028 2624 omisissent,
1075 2580 1115 2616 in
1154 2580 1315 2618 comitiis
1354 2584 1540 2627 ageretur,

200 2651 301 2675 unus
332 2638 526 2682 Socrates,
566 2650 679 2686 quem
716 2637 937 2684 Xenoph.
977 2636 1091 2673 Mem.
1122 2637 1153 2682 I,
1189 2639 1229 2682 1,
1275 2639 1335 2672 18.
1365 2636 1430 2673 illo
1460 2636 1541 2684 ipso

201 2694 261 2732 die
291 2697 498 2748 prytanum
528 2689 745 2745 ἐπιστάτην
774 2692 891 2735 fuisse
922 2691 1071 2738 scribit,
1112 2691 1338 2733 auctoritate
1376 2704 1445 2729 sua
1473 2692 1545 2734 im-
