1687 2969
133 709 169 749 Β

208 115 285 155 188
702 112 1076 156 PLATONIS

203 232 308 283 κλῆς
343 228 453 286 πρὸς
492 230 550 283 τῷ
585 226 752 287 εὐᾳυι)ς
788 230 897 274 εἶναι
926 228 1162 283 ἐκτήσατο·
1193 227 1444 284 προςπεσών
1464 227 1563 285 γάρ,

204 297 343 353 οἶμαι,
380 295 568 349 τοιούτῳ
607 292 699 338 ὄντι
715 294 932 352 ’Aua-Soc)
910 314 995 353 ορᾳ
1026 299 1373 352 μετεωρολιομέις
1405 300 1566 351 ὲιιπλη-

203 368 330 414 σθεὶς
371 366 441 406 καὶ
489 365 557 405 ἐπι
594 360 728 420 φύσιν
775 366 852 407 ιοῦ
897 381 941 406 τε
978 366 1049 407 καὶ
1084 363 1242 413 ἀνοίας
1276 361 1563 420 ἀφικόμενος,

203 432 264 473 ὠν
309 428 361 483 δη
399 434 494 472 πέοι
530 426 609 472 τὸν
657 428 801 474 πο7ὐν
849 429 984 486 λάρον
1022 436 1209 473 ἐποιεῖτο
1250 427 1566 485 Ἀιαξαγόρας,

202 499 417 540 ἐντεῦθεν
454 499 643 539 είλκυσεν
680 499 748 540 ἐπὶ
784 514 865 550 την
886 500 973 540 τῶν
1009 496 1148 552 7ο’;ων
1174 502 1325 553 τέχνην
1355 493 1404 539 τὸ
1434 495 1565 552 πρός-

202 581 350 623 φορον
386 562 513 623 αὐτῇ.

308 631 438 674 ΦΑΙ.
479 631 582 679 Πῶς
618 630 751 672 τοῦτο
789 633 944 683 7.ἑ;ἐις;

305 697 410 740 ΣΩ.
439 695 486 739 ‘O
521 694 658 746 αὐτός
693 713 779 739 που
815 697 981 755 τρόπος
1018 703 1167 753 τέχνης
1202 694 1451 755 ῥητορικῆς,
1494 692 1564 745 ὅς-

201 782 280 821 περ
318 767 390 807 καὶ
427 764 638 817 ἰατρικῆς.

307 832 436 874 (DAI.
476 832 582 879 Πῶς
618 827 695 881 ὃής

335 898 441 940 ΣΩ.
473 895 545 938 'Ev
593 895 867 955 ἀμφοτέραις
910 898 972 940 δεῖ
1017 899 1242 940 διελέσθαι
1281 895 1437 956 φύσιν,
1484 894 1564 940 σώ-

292 1094 481 1136 ιοιοότῳ
521 1093 637 1136 ὄντι]
670 1093 770 1126 Bodl.
805 1094 878 1126 Vat.
913 1094 994 1128 Ven.
1023 1095 1062 1127 ll.
1092 1095 1168 1129 Par.
1197 1093 1415 1135 DGNOPT,

202 1142 289 1175 ὄντι.

292 1189 368 1217 νοῦ
404 1197 449 1216 τε
480 1185 553 1216 καὶ
585 1184 759 1228 ἀνοίας]

200 1233 368 1265 canterus
392 1231 501 1265 Novv.
529 1230 641 1264 Lectt.
668 1231 740 1264 vll.
765 1233 797 1266 3.

1449 1095 1490 1128 al.
1518 1096 1563 1139 τῷ

797 1185 888 1219 Flor.
922 1187 960 1220 θ.
987 1190 1021 1218 et
1046 1187 1077 1218 Φ
1103 1185 1275 1225 διανοίας,
1302 1184 1392 1226 qnod
1418 1185 1564 1218 coniecit

291 1278 331 1312 B.
358 1280 516 1318 τέχνης
540 1277 801 1320 ῥητ“ορικῆ”ς,
827 1275 963 1319 Serico
989 1274 1058 1307 καὶ
1083 1275 1309 1318 ἰατρικῆς]
1346 1275 1440 1308 Libri
1462 1277 1563 1318 longe

199 1323 350 1366 plurimi,
384 1324 471 1355 inter
500 1333 630 1364 eosque
658 1322 756 1356 Bodl.
781 1322 891 1357 ΞΠΣ,
919 1322 1037 1355 ordine
1064 1323 1217 1354 inverso:
1250 1321 1421 1362 ἰατρικῆς,
1456 1321 1561 1364 ὅςπερ

197 1370 256 1401 καὶ
282 1367 490 1412 (ρηγορικῆς.

540 1368 642 1402 Quod
675 1369 723 1400 ita
757 1368 909 1402 defendit
935 1369 1051 1401 Herm.
1087 1372 1123 1399 ut
1153 1372 1286 1400 veteres
1313 1367 1564 1400 animadvertat

196 1415 228 1447 in
262 1414 496 1457 comparando
529 1424 634 1456 saepe
669 1414 821 1448 ordinem
857 1416 950 1457 sequi
976 1414 1183 1447 contrarium
1218 1417 1321 1454 atque
1352 1423 1415 1446 nos
1447 1413 1563 1447 facere

196 1462 381 1495 soleamus,

195 1640 240 1670 ila
279 1643 316 1670 ut
348 1638 564 1680 propositum
606 1648 703 1671 snum
746 1640 844 1682 plane

195 1683 381 1727 perfecisse
406 1683 571 1716 videatur.

238 1728 424 1762 τοιούτω
472 1729 569 1761 ὄντι
612 1728 733 1766 ssva}
744 1726 845 1772 αγό-

193 1775 266 1818 ριι]
295 1775 334 1809 V.
362 1775 630 1809 Schaubach.
665 1776 717 1809 De
750 1781 842 1808 Ana-

193 1831 269 1863 xag.
296 1832 328 1863 p.
359 1822 398 1856 18
424 1832 475 1862 sq.

237 1870 316 1898 νοῦ
347 1878 390 1898 τε
419 1867 492 1898 καὶ
516 1865 689 1907 ἀνοίας]
718 1867 843 1899 Docuit

191 1913 278 1944 enim
307 1914 530 1953 Anaxagoras
561 1912 680 1945 rudem
709 1912 842 1953 indige-

193 1961 349 1999 stamque
366 1968 478 1990 rerum
496 1959 634 1997 molem,
648 1968 735 1999 quae
749 1958 839 1989 omni

192 2007 326 2036 careret
355 2004 506 2043 ratione,
542 2004 572 2035 in
599 2004 752 2036 ordinem
784 2013 838 2036 re-

193 2048 330 2082 dactam
359 2060 437 2082 esse
464 2050 586 2082 mentis
621 2050 715 2091 (νοῦ)
748 2049 777 2080 vi
807 2053 840 2081 et

192 2097 378 2136 potestate.
404 2106 435 2127 v.
463 2094 730 2129 Schaubach.
756 2095 782 2128 Ι.
809 2105 837 2126 c.

193 2151 225 2181 p.
257 2140 319 2176 ¹50
345 2151 394 2182 sq.
423 2142 498 2175 coll.
519 2151 550 2183 p.
569 2140 610 2174 65
625 2151 698 2182 sqq.
721 2142 839 2181 ltaque

192 2191 287 2218 recte
319 2186 348 2220 h.
386 2187 408 2219 l.
442 2190 506 2219 τοῦ
544 2190 603 2217 ποῦ
634 2189 762 2228 pariter
787 2191 838 2218 at-

191 2241 261 2272 que
291 2235 353 2272 τῆς
385 2231 504 2268 ἀνοίας
530 2233 658 2264 mentio
684 2232 838 2264 inlicitur.

191 2277 242 2309 De
284 2277 416 2310 Pericle
464 2278 587 2310 eodem
629 2278 700 2310 sere
735 2277 838 2310 modo

191 2322 714 2363 CiceroOrat.Brut.ll‚6:
748 2323 837 2356 Sed

192 2373 280 2399 tum
319 2368 413 2400 fere
456 2369 682 2409 Pericles,
729 2369 838 2402 Xan-

192 2411 338 2454 thippi
384 2414 531 2453 silius,
569 2415 737 2456 primus
771 2414 837 2447 ad-

192 2458 335 2490 hibuit
396 2459 660 2494 doctrinam:
733 2470 838 2502 quae

191 2513 430 2545 quanquam
468 2509 556 2538 tum
594 2512 693 2539 erat
721 2507 837 2538 nulla

192 2549 381 2588 dicendi,
415 2555 555 2583 tamen
589 2551 638 2583 ab
675 2556 835 2584 Anaxa-

192 2604 298 2635 gora
332 2594 514 2639 physico
541 2596 744 2629 eruditus
771 2607 835 2629 ex-

192 2640 508 2674 ercitationem
568 2643 722 2676 mentis
775 2653 835 2675 re-

192 2685 385 2733 penditis
424 2684 738 2731 abstrusisque
769 2699 831 2722 re·

915 1639 991 1671 bus
1038 1637 1085 1670 ad
1130 1647 1310 1670 caussas
1359 1637 1564 1672 forenses

914 1685 1248 1727 popularesque
1295 1682 1428 1716 facile
1477 1687 1563 1717 tra-

913 1731 1047 1764 duxit.
1103 1729 1211 1761 Usum
1243 1733 1356 1762 tamen
1389 1729 1561 1763 Periclem

912 1787 989 1809 esse
1027 1775 1128 1808 etiam
1169 1774 1297 1815 Gorgia
1334 1780 1561 1816 praeceptore

912 1826 1080 1854 testantur
1106 1819 1268 1852 Suidas
1293 1830 1323 1853 v.
1336 1822 1500 1862 Γοργίας,
1526 1826 1562 1854 ct

911 1867 1224 1900 Philostratus
1268 1866 1319 1898 De
1367 1866 1434 1899 vit.
1482 1867 1559 1899 So-

909 1912 1009 1955 phist.
1037 1912 1061 1945 l.
1088 1923 1120 1954 p.
1140 1911 1217 1946 493.
1243 1911 1295 1944 ed.
1321 1911 1461 1945 Olear.
1491 1912 1558 1945 Ce-

908 1965 1017 1990 terum
1046 1958 1147 1990 Plato
1172 1957 1264 1999 quod
1290 1958 1354 1989 iam
1390 1958 1557 1991 Periclem

908 2008 946 2036 ut
971 2013 1136 2036 summum
1162 2007 1335 2035 oratorem
1360 2003 1404 2035 ob
1437 2005 1557 2036 oculos

908 2050 1014 2092 ponit,
1041 2059 1140 2090 quern
1168 2053 1281 2081 tamen
1308 2049 1339 2080 in
1365 2049 1496 2091 Gorgia
1524 2060 1558 2091 p.

907 2096 987 2130 515.
1014 2095 1052 2127 Ι).
1079 2095 1117 2128 Ε.
1150 2095 1350 2137 gravissime
1376 2094 1560 2136 reprehen-

908 2141 957 2173 dit
986 2145 1190 2183 propterea,
1217 2140 1308 2181 quod
1335 2139 1559 2173 Athenienses

907 2188 1054 2228 ignaros,
1083 2187 1258 2228 garrulos,
1291 2187 1469 2227 loquaces,
1497 2186 1562 2218 de*

908 2233 1007 2273 nique
1039 2233 1223 2273 nequiores
1256 2231 1465 2272 reddiderit,
1501 2242 1557 2264 ca-

908 2277 1055 2310 vendum
1082 2283 1134 2310 est
1158 2287 1386 2319 magnopere,
1414 2287 1455 2310 ne
1481 2288 1556 2310 eum

909 2328 1070 2365 putemus
1109 2333 1225 2355 secum
1275 2323 1348 2365 ipso
1392 2333 1554 2366 pugnare.

908 2369 1044 2401 Etenim
1059 2368 1198 2410 agnovit
1222 2379 1303 2401 sane
1331 2368 1555 2411 philosophus

906 2420 1053 2455 utroque
1087 2416 1162 2446 loco
1196 2415 1385 2456 singulares
1413 2415 1557 2447 Periclis

907 2460 1072 2500 uirtutes,
1119 2460 1241 2501 quihus
1288 2460 1330 2492 ad
1373 2459 1553 2493 dicendum

905 2507 1089 2537 instructus
1115 2511 1201 2538 erat.
1236 2505 1459 2538 Nihilominus
1493 2516 1553 2538 au—

906 2556 974 2584 tem
1002 2551 1072 2583 eius
1106 2551 1246 2583 consilia
1276 2552 1306 2583 in
1332 2551 1552 2593 gubernanda

905 2597 1078 2638 republica
1103 2597 1321 2639 improbavit,
1336 2597 1460 2639 quippe.
1476 2597 1550 2638 qui·

907 2643 969 2674 bus
985 2642 1117 2675 videret
1133 2644 1295 2685 populum
1311 2642 1549 2675 Atheniensem

906 2687 1030 2721 misere
1047 2693 1243 2732 corruptum
1269 2699 1308 2722 ac
1328 2687 1550 2730 depravatum
