<?xml version="1.0" encoding="UTF-8"?>
<!DOCTYPE html PUBLIC "-//W3C//DTD XHTML 1.0 Transitional//EN"
    "http://www.w3.org/TR/xhtml1/DTD/xhtml1-transitional.dtd">
<html xmlns="http://www.w3.org/1999/xhtml" xml:lang="en" lang="en">
 <head>
  <title>
</title>
<meta http-equiv="Content-Type" content="text/html;charset=utf-8" />
  <meta name='ocr-system' content='tesseract 3.04.00' />
  <meta name='ocr-capabilities' content='ocr_page ocr_carea ocr_par ocr_line ocrx_word'/>
</head>
<body>
  <div class='ocr_page' id='page_1' title='image "./n1operaomniarecens04platuoft/n1operaomniarecens04platuoft_0066.png"; bbox 0 0 1687 2969; ppageno 0'>
   <div class='ocr_carea' id='block_1_1' title="bbox 907 191 1080 229">
    <p class='ocr_par' dir='ltr' id='par_1_1' title="bbox 907 191 1080 229">
     <span class='ocr_line' id='line_1_1' title="bbox 907 191 1080 229; baseline 0.012 -2"><span class='ocrx_word' id='word_1_1' title='bbox 907 191 965 229; x_wconf 93' lang='lat' dir='ltr'>LII</span> <span class='ocrx_word' id='word_1_2' title='bbox 1039 212 1080 216; x_wconf 77' lang='lat'>—</span> 
     </span>
    </p>
   </div>
   <div class='ocr_carea' id='block_1_2' title="bbox 219 301 1614 2795">
    <p class='ocr_par' dir='ltr' id='par_1_2' title="bbox 219 301 1614 2795">
     <span class='ocr_line' id='line_1_2' title="bbox 271 301 1609 360; baseline 0.001 -16"><span class='ocrx_word' id='word_1_3' title='bbox 271 302 513 358; x_wconf 74' lang='lat' dir='ltr'>principes,</span> <span class='ocrx_word' id='word_1_4' title='bbox 552 302 612 343; x_wconf 83' lang='lat' dir='ltr'>ita</span> <span class='ocrx_word' id='word_1_5' title='bbox 649 301 801 344; x_wconf 83' lang='lat' dir='ltr'>fecisse</span> <span class='ocrx_word' id='word_1_6' title='bbox 843 309 1091 352; x_wconf 58' lang='lat' dir='ltr'>narrantum</span> <span class='ocrx_word' id='word_1_7' title='bbox 1124 320 1162 344; x_wconf 73' lang='lat' dir='ltr'>v.</span> <span class='ocrx_word' id='word_1_8' title='bbox 1202 302 1342 343; x_wconf 84' lang='lat' dir='ltr'>Plat.</span> <span class='ocrx_word' id='word_1_9' title='bbox 1387 301 1525 359; x_wconf 84' lang='lat' dir='ltr'>Gorg.</span> <span class='ocrx_word' id='word_1_10' title='bbox 1568 321 1609 360; x_wconf 90' lang='lat' dir='ltr'>p.</span> 
     </span>
     <span class='ocr_line' id='line_1_3' title="bbox 271 359 1609 415; baseline 0.001 -15"><span class='ocrx_word' id='word_1_11' title='bbox 271 360 366 403; x_wconf 83' lang='lat'>454.</span> <span class='ocrx_word' id='word_1_12' title='bbox 393 361 449 400; x_wconf 91' lang='lat' dir='ltr'>A.</span> <span class='ocrx_word' id='word_1_13' title='bbox 488 359 540 400; x_wconf 89' lang='lat' dir='ltr'>B.</span> <span class='ocrx_word' id='word_1_14' title='bbox 580 359 677 400; x_wconf 84' lang='lat'>455.</span> <span class='ocrx_word' id='word_1_15' title='bbox 709 359 764 400; x_wconf 90' lang='lat' dir='ltr'>A.</span> <span class='ocrx_word' id='word_1_16' title='bbox 795 362 889 402; x_wconf 77' lang='lat'>459.</span> <span class='ocrx_word' id='word_1_17' title='bbox 930 373 1023 414; x_wconf 87' lang='lat' dir='ltr'>sqq.</span> <span class='ocrx_word' id='word_1_18' title='bbox 1054 360 1221 402; x_wconf 82' lang='lat' dir='ltr'>Phileb.</span> <span class='ocrx_word' id='word_1_19' title='bbox 1251 376 1292 415; x_wconf 90' lang='lat' dir='ltr'>p.</span> <span class='ocrx_word' id='word_1_20' title='bbox 1325 360 1391 401; x_wconf 80' lang='lat'>58.</span> <span class='ocrx_word' id='word_1_21' title='bbox 1422 359 1609 402; x_wconf 85' lang='lat' dir='ltr'>Phaedr.</span> 
     </span>
     <span class='ocr_line' id='line_1_4' title="bbox 271 414 1609 472; baseline -0.001 -14"><span class='ocrx_word' id='word_1_22' title='bbox 271 432 314 471; x_wconf 91' lang='lat' dir='ltr'>p.</span> <span class='ocrx_word' id='word_1_23' title='bbox 355 417 450 458; x_wconf 79' lang='lat'>261.</span> <span class='ocrx_word' id='word_1_24' title='bbox 490 415 541 456; x_wconf 91' lang='lat' dir='ltr'>B.</span> <span class='ocrx_word' id='word_1_25' title='bbox 581 414 630 457; x_wconf 80' lang='lat' dir='ltr'>C.</span> <span class='ocrx_word' id='word_1_26' title='bbox 673 422 714 457; x_wconf 86' lang='lat' dir='ltr'>et</span> <span class='ocrx_word' id='word_1_27' title='bbox 750 433 792 472; x_wconf 88' lang='lat' dir='ltr'>p.</span> <span class='ocrx_word' id='word_1_28' title='bbox 833 418 928 458; x_wconf 65' lang='lat'>⁶267.</span> <span class='ocrx_word' id='word_1_29' title='bbox 968 418 1023 458; x_wconf 90' lang='lat' dir='ltr'>A.</span> <span class='ocrx_word' id='word_1_30' title='bbox 1083 416 1336 459; x_wconf 78' lang='lat' dir='ltr'>Accedebat</span> <span class='ocrx_word' id='word_1_31' title='bbox 1383 416 1437 458; x_wconf 84' lang='lat' dir='ltr'>ad</span> <span class='ocrx_word' id='word_1_32' title='bbox 1486 417 1609 470; x_wconf 77' lang='lat' dir='ltr'>haec,</span> 
     </span>
     <span class='ocr_line' id='line_1_5' title="bbox 272 472 1612 529; baseline 0.001 -16"><span class='ocrx_word' id='word_1_33' title='bbox 272 472 388 527; x_wconf 90' lang='lat' dir='ltr'>quod</span> <span class='ocrx_word' id='word_1_34' title='bbox 428 472 648 528; x_wconf 73' lang='lat' dir='ltr'>sophistae</span> <span class='ocrx_word' id='word_1_35' title='bbox 691 479 824 514; x_wconf 84' lang='lat' dir='ltr'>artem</span> <span class='ocrx_word' id='word_1_36' title='bbox 863 489 1005 527; x_wconf 70' lang='lat' dir='ltr'>suam,</span> <span class='ocrx_word' id='word_1_37' title='bbox 1047 487 1130 528; x_wconf 81' lang='lat' dir='ltr'>qua.</span> <span class='ocrx_word' id='word_1_38' title='bbox 1161 478 1313 529; x_wconf 89' lang='lat' dir='ltr'>argute</span> <span class='ocrx_word' id='word_1_39' title='bbox 1344 480 1385 514; x_wconf 92' lang='lat' dir='ltr'>et</span> <span class='ocrx_word' id='word_1_40' title='bbox 1417 474 1612 528; x_wconf 77' lang='lat' dir='ltr'>speciose.</span> 
     </span>
     <span class='ocr_line' id='line_1_6' title="bbox 270 529 1612 586; baseline 0 -16"><span class='ocrx_word' id='word_1_41' title='bbox 270 530 315 570; x_wconf 89' lang='lat' dir='ltr'>in</span> <span class='ocrx_word' id='word_1_42' title='bbox 361 529 597 571; x_wconf 84' lang='lat' dir='ltr'>contrarias</span> <span class='ocrx_word' id='word_1_43' title='bbox 642 535 786 585; x_wconf 83' lang='lat' dir='ltr'>partes</span> <span class='ocrx_word' id='word_1_44' title='bbox 835 530 1054 586; x_wconf 89' lang='lat' dir='ltr'>disputare</span> <span class='ocrx_word' id='word_1_45' title='bbox 1103 530 1299 571; x_wconf 88' lang='lat' dir='ltr'>solebant</span> <span class='ocrx_word' id='word_1_46' title='bbox 1338 536 1466 585; x_wconf 90' lang='lat' dir='ltr'>atque</span> <span class='ocrx_word' id='word_1_47' title='bbox 1511 545 1612 585; x_wconf 85' lang='lat' dir='ltr'>cap-</span> 
     </span>
     <span class='ocr_line' id='line_1_7' title="bbox 268 586 1614 642; baseline -0.001 -15"><span class='ocrx_word' id='word_1_48' title='bbox 268 586 392 628; x_wconf 84' lang='lat' dir='ltr'>tiosis</span> <span class='ocrx_word' id='word_1_49' title='bbox 430 586 662 628; x_wconf 86' lang='lat' dir='ltr'>utebantur</span> <span class='ocrx_word' id='word_1_50' title='bbox 689 587 916 628; x_wconf 81' lang='lat' dir='ltr'>verborum</span> <span class='ocrx_word' id='word_1_51' title='bbox 952 587 1113 642; x_wconf 89' lang='lat' dir='ltr'>pariter</span> <span class='ocrx_word' id='word_1_52' title='bbox 1144 592 1273 640; x_wconf 85' lang='lat' dir='ltr'>atque</span> <span class='ocrx_word' id='word_1_53' title='bbox 1304 586 1614 627; x_wconf 87' lang='lat' dir='ltr'>sententiarum</span> 
     </span>
     <span class='ocr_line' id='line_1_8' title="bbox 269 642 1613 699; baseline 0.001 -16"><span class='ocrx_word' id='word_1_54' title='bbox 269 643 532 699; x_wconf 69' lang='lat' dir='ltr'>praestigiis,</span> <span class='ocrx_word' id='word_1_55' title='bbox 563 657 658 683; x_wconf 87' lang='lat' dir='ltr'>cum</span> <span class='ocrx_word' id='word_1_56' title='bbox 689 649 778 684; x_wconf 85' lang='lat' dir='ltr'>arte</span> <span class='ocrx_word' id='word_1_57' title='bbox 809 644 995 684; x_wconf 86' lang='lat' dir='ltr'>oratoria</span> <span class='ocrx_word' id='word_1_58' title='bbox 1022 643 1352 697; x_wconf 84' lang='lat' dir='ltr'>consociabant.,</span> <span class='ocrx_word' id='word_1_59' title='bbox 1383 642 1498 684; x_wconf 91' lang='lat' dir='ltr'>unde</span> <span class='ocrx_word' id='word_1_60' title='bbox 1528 643 1613 684; x_wconf 88' lang='lat' dir='ltr'>iam</span> 
     </span>
     <span class='ocr_line' id='line_1_9' title="bbox 273 699 1612 756; baseline -0.001 -15"><span class='ocrx_word' id='word_1_61' title='bbox 273 699 462 755; x_wconf 80' lang='lat' dir='ltr'>Gorgias</span> <span class='ocrx_word' id='word_1_62' title='bbox 504 700 648 755; x_wconf 87' lang='lat' dir='ltr'>palam</span> <span class='ocrx_word' id='word_1_63' title='bbox 677 713 723 740; x_wconf 89' lang='lat' dir='ltr'>se</span> <span class='ocrx_word' id='word_1_64' title='bbox 762 708 960 754; x_wconf 86' lang='lat' dir='ltr'>paratum</span> <span class='ocrx_word' id='word_1_65' title='bbox 988 700 1209 756; x_wconf 82' lang='lat' dir='ltr'>professus</span> <span class='ocrx_word' id='word_1_66' title='bbox 1250 706 1316 740; x_wconf 88' lang='lat' dir='ltr'>est</span> <span class='ocrx_word' id='word_1_67' title='bbox 1348 699 1403 740; x_wconf 86' lang='lat' dir='ltr'>ad</span> <span class='ocrx_word' id='word_1_68' title='bbox 1433 715 1612 755; x_wconf 92' lang='lat' dir='ltr'>respon-</span> 
     </span>
     <span class='ocr_line' id='line_1_10' title="bbox 269 755 1610 811; baseline 0 -14"><span class='ocrx_word' id='word_1_69' title='bbox 269 755 458 798; x_wconf 87' lang='lat' dir='ltr'>dendum</span> <span class='ocrx_word' id='word_1_70' title='bbox 489 763 531 797; x_wconf 88' lang='lat' dir='ltr'>et</span> <span class='ocrx_word' id='word_1_71' title='bbox 561 755 790 797; x_wconf 81' lang='lat' dir='ltr'>dicendum</span> <span class='ocrx_word' id='word_1_72' title='bbox 821 756 873 797; x_wconf 90' lang='lat' dir='ltr'>de</span> <span class='ocrx_word' id='word_1_73' title='bbox 904 770 987 811; x_wconf 84' lang='lat' dir='ltr'>qua</span> <span class='ocrx_word' id='word_1_74' title='bbox 1009 771 1053 797; x_wconf 88' lang='lat' dir='ltr'>re</span> <span class='ocrx_word' id='word_1_75' title='bbox 1077 757 1258 811; x_wconf 87' lang='lat' dir='ltr'>quisque</span> <span class='ocrx_word' id='word_1_76' title='bbox 1279 756 1427 798; x_wconf 85' lang='lat' dir='ltr'>audire</span> <span class='ocrx_word' id='word_1_77' title='bbox 1457 756 1610 807; x_wconf 80' lang='lat' dir='ltr'>vellet3</span> 
     </span>
     <span class='ocr_line' id='line_1_11' title="bbox 267 811 1610 868; baseline 0 -14"><span class='ocrx_word' id='word_1_78' title='bbox 267 829 307 854; x_wconf 77' lang='lat' dir='ltr'>v.</span> <span class='ocrx_word' id='word_1_79' title='bbox 338 813 478 854; x_wconf 88' lang='lat' dir='ltr'>Plat.</span> <span class='ocrx_word' id='word_1_80' title='bbox 511 811 645 867; x_wconf 86' lang='lat' dir='ltr'>Gorg.</span> <span class='ocrx_word' id='word_1_81' title='bbox 678 829 719 868; x_wconf 89' lang='lat' dir='ltr'>p.</span> <span class='ocrx_word' id='word_1_82' title='bbox 748 814 845 854; x_wconf 73' lang='lat'>447.</span> <span class='ocrx_word' id='word_1_83' title='bbox 876 811 925 854; x_wconf 84' lang='lat' dir='ltr'>C.</span> <span class='ocrx_word' id='word_1_84' title='bbox 957 814 1076 855; x_wconf 86' lang='lat' dir='ltr'>Men.</span> <span class='ocrx_word' id='word_1_85' title='bbox 1107 829 1149 868; x_wconf 88' lang='lat' dir='ltr'>p.</span> <span class='ocrx_word' id='word_1_86' title='bbox 1181 814 1246 853; x_wconf 72' lang='grc'>70.</span> <span class='ocrx_word' id='word_1_87' title='bbox 1281 811 1331 854; x_wconf 84' lang='lat' dir='ltr'>C.</span> <span class='ocrx_word' id='word_1_88' title='bbox 1364 811 1508 855; x_wconf 85' lang='lat' dir='ltr'>Schol.</span> <span class='ocrx_word' id='word_1_89' title='bbox 1542 812 1610 854; x_wconf 87' lang='lat' dir='ltr'>ad.</span> 
     </span>
     <span class='ocr_line' id='line_1_12' title="bbox 266 869 1610 925; baseline -0.001 -14"><span class='ocrx_word' id='word_1_90' title='bbox 266 869 452 911; x_wconf 85' lang='lat' dir='ltr'>Phaedr.</span> <span class='ocrx_word' id='word_1_91' title='bbox 483 886 524 925; x_wconf 89' lang='lat' dir='ltr'>p.</span> <span class='ocrx_word' id='word_1_92' title='bbox 556 871 649 912; x_wconf 71' lang='lat'>267.</span> <span class='ocrx_word' id='word_1_93' title='bbox 681 870 733 909; x_wconf 79' lang='lat' dir='ltr'>B.</span> <span class='ocrx_word' id='word_1_94' title='bbox 765 869 1007 912; x_wconf 86' lang='lat' dir='ltr'>Aristot.</span> <span class='ocrx_word' id='word_1_95' title='bbox 1041 869 1168 910; x_wconf 81' lang='lat' dir='ltr'>Rhet.</span> <span class='ocrx_word' id='word_1_96' title='bbox 1201 869 1284 911; x_wconf 87' lang='lat' dir='ltr'>HI.</span> <span class='ocrx_word' id='word_1_97' title='bbox 1323 871 1386 911; x_wconf 82' lang='grc'>17.</span> <span class='ocrx_word' id='word_1_98' title='bbox 1408 870 1610 924; x_wconf 90' lang='lat' dir='ltr'>Denique</span> 
     </span>
     <span class='ocr_line' id='line_1_13' title="bbox 266 926 1608 982; baseline -0.001 -15"><span class='ocrx_word' id='word_1_99' title='bbox 266 927 383 967; x_wconf 90' lang='lat' dir='ltr'>inani</span> <span class='ocrx_word' id='word_1_100' title='bbox 427 927 529 967; x_wconf 87' lang='lat' dir='ltr'>artis</span> <span class='ocrx_word' id='word_1_101' title='bbox 563 931 604 966; x_wconf 88' lang='lat' dir='ltr'>et</span> <span class='ocrx_word' id='word_1_102' title='bbox 641 926 804 982; x_wconf 86' lang='lat' dir='ltr'>ingenii</span> <span class='ocrx_word' id='word_1_103' title='bbox 854 926 1076 980; x_wconf 80' lang='lat' dir='ltr'>splendori</span> <span class='ocrx_word' id='word_1_104' title='bbox 1114 926 1415 967; x_wconf 75' lang='lat' dir='ltr'>tribuebantur</span> <span class='ocrx_word' id='word_1_105' title='bbox 1445 927 1608 976; x_wconf 77' lang='lat' dir='ltr'>omnia3</span> 
     </span>
     <span class='ocr_line' id='line_1_14' title="bbox 219 982 1612 1038; baseline -0.001 -14"><span class='ocrx_word' id='word_1_106' title='bbox 219 988 229 994; x_wconf 77' lang='grc'><em>“</em></span> <span class='ocrx_word' id='word_1_107' title='bbox 265 984 395 1024; x_wconf 88' lang='lat' dir='ltr'>rebus</span> <span class='ocrx_word' id='word_1_108' title='bbox 440 982 544 1038; x_wconf 79' lang='lat' dir='ltr'>ipsis</span> <span class='ocrx_word' id='word_1_109' title='bbox 584 987 713 1036; x_wconf 88' lang='lat' dir='ltr'>atque</span> <span class='ocrx_word' id='word_1_110' title='bbox 750 982 922 1023; x_wconf 76' lang='lat' dir='ltr'>veritati</span> <span class='ocrx_word' id='word_1_111' title='bbox 962 989 1004 1023; x_wconf 87' lang='lat' dir='ltr'>et</span> <span class='ocrx_word' id='word_1_112' title='bbox 1035 988 1152 1023; x_wconf 88' lang='lat' dir='ltr'>recte</span> <span class='ocrx_word' id='word_1_113' title='bbox 1192 982 1413 1038; x_wconf 83' lang='lat' dir='ltr'>cogitandi</span> <span class='ocrx_word' id='word_1_114' title='bbox 1451 983 1612 1023; x_wconf 87' lang='lat' dir='ltr'>rationi</span> 
     </span>
     <span class='ocr_line' id='line_1_15' title="bbox 266 1038 1611 1095; baseline 0 -15"><span class='ocrx_word' id='word_1_115' title='bbox 266 1055 417 1095; x_wconf 83' lang='lat' dir='ltr'>parum</span> <span class='ocrx_word' id='word_1_116' title='bbox 448 1045 520 1079; x_wconf 87' lang='lat' dir='ltr'>aut</span> <span class='ocrx_word' id='word_1_117' title='bbox 547 1038 669 1092; x_wconf 75' lang='lat' dir='ltr'>nihil7</span> <span class='ocrx_word' id='word_1_118' title='bbox 699 1038 759 1079; x_wconf 88' lang='lat' dir='ltr'>ita</span> <span class='ocrx_word' id='word_1_119' title='bbox 783 1045 830 1080; x_wconf 90' lang='lat' dir='ltr'>ut</span> <span class='ocrx_word' id='word_1_120' title='bbox 859 1039 1005 1079; x_wconf 78' lang='lat' dir='ltr'>nativa</span> <span class='ocrx_word' id='word_1_121' title='bbox 1035 1039 1210 1079; x_wconf 88' lang='lat' dir='ltr'>Atticae</span> <span class='ocrx_word' id='word_1_122' title='bbox 1241 1039 1510 1092; x_wconf 76' lang='lat' dir='ltr'>eloquentiae</span> <span class='ocrx_word' id='word_1_123' title='bbox 1542 1053 1611 1080; x_wconf 85' lang='lat' dir='ltr'>sa-</span> 
     </span>
     <span class='ocr_line' id='line_1_16' title="bbox 266 1095 1612 1152; baseline -0.001 -15"><span class='ocrx_word' id='word_1_124' title='bbox 266 1097 379 1138; x_wconf 81' lang='lat' dir='ltr'>nitas</span> <span class='ocrx_word' id='word_1_125' title='bbox 415 1111 493 1152; x_wconf 89' lang='lat' dir='ltr'>per</span> <span class='ocrx_word' id='word_1_126' title='bbox 525 1111 618 1136; x_wconf 86' lang='lat' dir='ltr'>eam</span> <span class='ocrx_word' id='word_1_127' title='bbox 647 1095 797 1149; x_wconf 83' lang='lat' dir='ltr'>utiquc</span> <span class='ocrx_word' id='word_1_128' title='bbox 827 1111 914 1136; x_wconf 90' lang='lat' dir='ltr'>non</span> <span class='ocrx_word' id='word_1_129' title='bbox 950 1095 1226 1136; x_wconf 78' lang='lat' dir='ltr'>mediocriter</span> <span class='ocrx_word' id='word_1_130' title='bbox 1264 1105 1612 1152; x_wconf 87' lang='lat' dir='ltr'>corrumperetur</span> 
     </span>
     <span class='ocr_line' id='line_1_17' title="bbox 267 1151 1610 1208; baseline 0 -14"><span class='ocrx_word' id='word_1_131' title='bbox 267 1159 396 1208; x_wconf 85' lang='lat' dir='ltr'>atque</span> <span class='ocrx_word' id='word_1_132' title='bbox 440 1158 559 1193; x_wconf 86' lang='lat' dir='ltr'>recta</span> <span class='ocrx_word' id='word_1_133' title='bbox 603 1157 645 1192; x_wconf 86' lang='lat' dir='ltr'>et</span> <span class='ocrx_word' id='word_1_134' title='bbox 674 1151 819 1193; x_wconf 86' lang='lat' dir='ltr'>lucida</span> <span class='ocrx_word' id='word_1_135' title='bbox 863 1152 1046 1194; x_wconf 77' lang='lat' dir='ltr'>elocutio</span> <span class='ocrx_word' id='word_1_136' title='bbox 1087 1151 1338 1193; x_wconf 76' lang='lat' dir='ltr'>adventiciis</span> <span class='ocrx_word' id='word_1_137' title='bbox 1389 1152 1610 1194; x_wconf 84' lang='lat' dir='ltr'>artificiosi</span> 
     </span>
     <span class='ocr_line' id='line_1_18' title="bbox 266 1209 1607 1265; baseline -0.001 -14"><span class='ocrx_word' id='word_1_138' title='bbox 266 1215 440 1251; x_wconf 88' lang='lat' dir='ltr'>ornatus</span> <span class='ocrx_word' id='word_1_139' title='bbox 470 1209 698 1250; x_wconf 77' lang='lat' dir='ltr'>veneribus</span> <span class='ocrx_word' id='word_1_140' title='bbox 729 1224 815 1249; x_wconf 90' lang='lat' dir='ltr'>non</span> <span class='ocrx_word' id='word_1_141' title='bbox 845 1224 929 1249; x_wconf 93' lang='lat' dir='ltr'>una</span> <span class='ocrx_word' id='word_1_142' title='bbox 959 1224 1011 1249; x_wconf 82' lang='lat' dir='ltr'>ex</span> <span class='ocrx_word' id='word_1_143' title='bbox 1030 1215 1152 1264; x_wconf 89' lang='lat' dir='ltr'>parte</span> <span class='ocrx_word' id='word_1_144' title='bbox 1171 1209 1366 1250; x_wconf 85' lang='lat' dir='ltr'>laborare</span> <span class='ocrx_word' id='word_1_145' title='bbox 1384 1209 1607 1265; x_wconf 81' lang='lat' dir='ltr'>inciperet.</span> 
     </span>
     <span class='ocr_line' id='line_1_19' title="bbox 267 1264 1608 1320; baseline -0.001 -12"><span class='ocrx_word' id='word_1_146' title='bbox 267 1266 355 1309; x_wconf 85' lang='lat' dir='ltr'>Sed</span> <span class='ocrx_word' id='word_1_147' title='bbox 398 1266 504 1307; x_wconf 88' lang='lat' dir='ltr'>haec</span> <span class='ocrx_word' id='word_1_148' title='bbox 537 1264 709 1320; x_wconf 83' lang='lat' dir='ltr'>quidem</span> <span class='ocrx_word' id='word_1_149' title='bbox 752 1264 804 1305; x_wconf 91' lang='lat' dir='ltr'>de</span> <span class='ocrx_word' id='word_1_150' title='bbox 834 1265 1069 1306; x_wconf 87' lang='lat' dir='ltr'>rhetorices</span> <span class='ocrx_word' id='word_1_151' title='bbox 1096 1265 1260 1306; x_wconf 84' lang='lat' dir='ltr'>ratione</span> <span class='ocrx_word' id='word_1_152' title='bbox 1292 1272 1334 1306; x_wconf 89' lang='lat' dir='ltr'>et</span> <span class='ocrx_word' id='word_1_153' title='bbox 1363 1281 1468 1319; x_wconf 71' lang='lat' dir='ltr'>usu,</span> <span class='ocrx_word' id='word_1_154' title='bbox 1502 1281 1608 1320; x_wconf 86' lang='lat' dir='ltr'>qua-</span> 
     </span>
     <span class='ocr_line' id='line_1_20' title="bbox 264 1321 1609 1377; baseline -0.001 -13"><span class='ocrx_word' id='word_1_155' title='bbox 264 1330 391 1364; x_wconf 90' lang='lat' dir='ltr'>tenus</span> <span class='ocrx_word' id='word_1_156' title='bbox 424 1322 478 1363; x_wconf 88' lang='lat' dir='ltr'>ad</span> <span class='ocrx_word' id='word_1_157' title='bbox 516 1321 746 1363; x_wconf 89' lang='lat' dir='ltr'>dicendum</span> <span class='ocrx_word' id='word_1_158' title='bbox 778 1323 1017 1377; x_wconf 79' lang='lat' dir='ltr'>spectabat.</span> <span class='ocrx_word' id='word_1_159' title='bbox 1078 1321 1396 1377; x_wconf 82' lang='lat' dir='ltr'>Explicandum</span> <span class='ocrx_word' id='word_1_160' title='bbox 1426 1323 1512 1363; x_wconf 88' lang='lat' dir='ltr'>iam</span> <span class='ocrx_word' id='word_1_161' title='bbox 1543 1329 1609 1364; x_wconf 85' lang='lat' dir='ltr'>est</span> 
     </span>
     <span class='ocr_line' id='line_1_21' title="bbox 265 1378 1606 1434; baseline 0 -14"><span class='ocrx_word' id='word_1_162' title='bbox 265 1380 392 1421; x_wconf 84' lang='lat' dir='ltr'>etiam</span> <span class='ocrx_word' id='word_1_163' title='bbox 432 1379 485 1421; x_wconf 88' lang='lat' dir='ltr'>de</span> <span class='ocrx_word' id='word_1_164' title='bbox 523 1394 605 1420; x_wconf 85' lang='lat' dir='ltr'>usu</span> <span class='ocrx_word' id='word_1_165' title='bbox 642 1378 780 1434; x_wconf 87' lang='lat' dir='ltr'>ipsius</span> <span class='ocrx_word' id='word_1_166' title='bbox 816 1379 861 1419; x_wconf 90' lang='lat' dir='ltr'>in</span> <span class='ocrx_word' id='word_1_167' title='bbox 896 1378 1140 1420; x_wconf 87' lang='lat' dir='ltr'>scribendo.</span> <span class='ocrx_word' id='word_1_168' title='bbox 1208 1378 1381 1419; x_wconf 83' lang='lat' dir='ltr'>Etenim</span> <span class='ocrx_word' id='word_1_169' title='bbox 1422 1394 1475 1420; x_wconf 77' lang='lat' dir='ltr'>ex</span> <span class='ocrx_word' id='word_1_170' title='bbox 1520 1394 1606 1433; x_wconf 89' lang='lat' dir='ltr'>quo</span> 
     </span>
     <span class='ocr_line' id='line_1_22' title="bbox 265 1434 1605 1491; baseline -0.001 -14"><span class='ocrx_word' id='word_1_171' title='bbox 265 1436 499 1478; x_wconf 87' lang='lat' dir='ltr'>artificiosa</span> <span class='ocrx_word' id='word_1_172' title='bbox 537 1436 622 1476; x_wconf 85' lang='lat' dir='ltr'>ista</span> <span class='ocrx_word' id='word_1_173' title='bbox 661 1434 833 1476; x_wconf 89' lang='lat' dir='ltr'>dicendi</span> <span class='ocrx_word' id='word_1_174' title='bbox 862 1435 1089 1491; x_wconf 86' lang='lat' dir='ltr'>disciplina</span> <span class='ocrx_word' id='word_1_175' title='bbox 1128 1436 1171 1476; x_wconf 90' lang='lat' dir='ltr'>in</span> <span class='ocrx_word' id='word_1_176' title='bbox 1212 1434 1399 1477; x_wconf 88' lang='lat' dir='ltr'>medium</span> <span class='ocrx_word' id='word_1_177' title='bbox 1427 1435 1605 1491; x_wconf 76' lang='lat' dir='ltr'>prodiit,</span> 
     </span>
     <span class='ocr_line' id='line_1_23' title="bbox 263 1492 1607 1546; baseline -0.001 -12"><span class='ocrx_word' id='word_1_178' title='bbox 263 1493 451 1535; x_wconf 85' lang='lat' dir='ltr'>Athenis</span> <span class='ocrx_word' id='word_1_179' title='bbox 499 1493 627 1534; x_wconf 87' lang='lat' dir='ltr'>etiam</span> <span class='ocrx_word' id='word_1_180' title='bbox 665 1492 826 1533; x_wconf 87' lang='lat' dir='ltr'>factum</span> <span class='ocrx_word' id='word_1_181' title='bbox 867 1499 954 1546; x_wconf 73' lang='lat' dir='ltr'>est,</span> <span class='ocrx_word' id='word_1_182' title='bbox 1004 1504 1053 1533; x_wconf 84' lang='lat' dir='ltr'>ut</span> <span class='ocrx_word' id='word_1_183' title='bbox 1089 1506 1181 1533; x_wconf 89' lang='lat' dir='ltr'>mos</span> <span class='ocrx_word' id='word_1_184' title='bbox 1222 1492 1462 1533; x_wconf 84' lang='lat' dir='ltr'>orationum</span> <span class='ocrx_word' id='word_1_185' title='bbox 1503 1492 1607 1534; x_wconf 88' lang='lat' dir='ltr'>scri-</span> 
     </span>
     <span class='ocr_line' id='line_1_24' title="bbox 263 1548 1606 1606; baseline -0.001 -15"><span class='ocrx_word' id='word_1_186' title='bbox 263 1549 501 1591; x_wconf 88' lang='lat' dir='ltr'>bendarum</span> <span class='ocrx_word' id='word_1_187' title='bbox 540 1549 850 1602; x_wconf 70' lang='lat' dir='ltr'>invalesceret,</span> <span class='ocrx_word' id='word_1_188' title='bbox 904 1564 1014 1603; x_wconf 86' lang='lat' dir='ltr'>quae</span> <span class='ocrx_word' id='word_1_189' title='bbox 1062 1548 1118 1590; x_wconf 86' lang='lat' dir='ltr'>ad</span> <span class='ocrx_word' id='word_1_190' title='bbox 1170 1555 1305 1589; x_wconf 88' lang='lat' dir='ltr'>artem</span> <span class='ocrx_word' id='word_1_191' title='bbox 1354 1549 1606 1606; x_wconf 84' lang='lat' dir='ltr'>ingeniique</span> 
     </span>
     <span class='ocr_line' id='line_1_25' title="bbox 262 1605 1606 1661; baseline -0.001 -13"><span class='ocrx_word' id='word_1_192' title='bbox 262 1607 465 1648; x_wconf 77' lang='lat' dir='ltr'>virtutem</span> <span class='ocrx_word' id='word_1_193' title='bbox 505 1605 809 1647; x_wconf 81' lang='lat' dir='ltr'>ostentandam</span> <span class='ocrx_word' id='word_1_194' title='bbox 847 1612 1118 1661; x_wconf 83' lang='lat' dir='ltr'>comparatae</span> <span class='ocrx_word' id='word_1_195' title='bbox 1158 1612 1324 1657; x_wconf 73' lang='lat' dir='ltr'>essent,</span> <span class='ocrx_word' id='word_1_196' title='bbox 1366 1612 1409 1646; x_wconf 89' lang='lat' dir='ltr'>et</span> <span class='ocrx_word' id='word_1_197' title='bbox 1437 1606 1482 1646; x_wconf 91' lang='lat' dir='ltr'>in</span> <span class='ocrx_word' id='word_1_198' title='bbox 1510 1606 1606 1660; x_wconf 88' lang='lat' dir='ltr'>qui-</span> 
     </span>
     <span class='ocr_line' id='line_1_26' title="bbox 260 1662 1607 1717; baseline -0.002 -12"><span class='ocrx_word' id='word_1_199' title='bbox 260 1664 342 1705; x_wconf 90' lang='lat' dir='ltr'>bus</span> <span class='ocrx_word' id='word_1_200' title='bbox 384 1663 437 1704; x_wconf 89' lang='lat' dir='ltr'>de</span> <span class='ocrx_word' id='word_1_201' title='bbox 480 1662 694 1704; x_wconf 88' lang='lat' dir='ltr'>industria</span> <span class='ocrx_word' id='word_1_202' title='bbox 723 1662 841 1703; x_wconf 74' lang='lat' dir='ltr'>varia</span> <span class='ocrx_word' id='word_1_203' title='bbox 871 1662 1079 1704; x_wconf 85' lang='lat' dir='ltr'>orationis</span> <span class='ocrx_word' id='word_1_204' title='bbox 1111 1667 1361 1703; x_wconf 84' lang='lat' dir='ltr'>ornamenta</span> <span class='ocrx_word' id='word_1_205' title='bbox 1389 1668 1607 1717; x_wconf 86' lang='lat' dir='ltr'>tamquam</span> 
     </span>
     <span class='ocr_line' id='line_1_27' title="bbox 261 1717 1605 1776; baseline -0.001 -15"><span class='ocrx_word' id='word_1_206' title='bbox 261 1721 631 1776; x_wconf 81' lang='lat' dir='ltr'>constiparentur3</span> <span class='ocrx_word' id='word_1_207' title='bbox 662 1736 700 1762; x_wconf 89' lang='lat' dir='ltr'>v.</span> <span class='ocrx_word' id='word_1_208' title='bbox 743 1717 916 1760; x_wconf 81' lang='lat' dir='ltr'>Cicer.</span> <span class='ocrx_word' id='word_1_209' title='bbox 957 1717 1128 1760; x_wconf 88' lang='lat' dir='ltr'>Orator.</span> <span class='ocrx_word' id='word_1_210' title='bbox 1168 1733 1204 1760; x_wconf 89' lang='lat' dir='ltr'>c.</span> <span class='ocrx_word' id='word_1_211' title='bbox 1241 1721 1304 1760; x_wconf 92' lang='grc'>11.</span> <span class='ocrx_word' id='word_1_212' title='bbox 1336 1724 1379 1759; x_wconf 85' lang='lat' dir='ltr'>et</span> <span class='ocrx_word' id='word_1_213' title='bbox 1410 1720 1475 1760; x_wconf 71' lang='lat'>12.</span> <span class='ocrx_word' id='word_1_214' title='bbox 1508 1719 1605 1760; x_wconf 88' lang='lat' dir='ltr'>coll.</span> 
     </span>
     <span class='ocr_line' id='line_1_28' title="bbox 261 1773 1608 1831; baseline -0.002 -13"><span class='ocrx_word' id='word_1_215' title='bbox 261 1793 297 1818; x_wconf 93' lang='lat' dir='ltr'>c.</span> <span class='ocrx_word' id='word_1_216' title='bbox 338 1779 404 1818; x_wconf 88' lang='grc'>61.</span> <span class='ocrx_word' id='word_1_217' title='bbox 447 1777 484 1831; x_wconf 65' lang='grc' dir='ltr'>ξ.</span> <span class='ocrx_word' id='word_1_218' title='bbox 529 1777 624 1817; x_wconf 79' lang='grc'><strong>207.</strong></span> <span class='ocrx_word' id='word_1_219' title='bbox 666 1790 760 1830; x_wconf 88' lang='lat' dir='ltr'>sqq.</span> <span class='ocrx_word' id='word_1_220' title='bbox 820 1775 873 1816; x_wconf 87' lang='lat' dir='ltr'>In</span> <span class='ocrx_word' id='word_1_221' title='bbox 912 1790 997 1829; x_wconf 90' lang='lat' dir='ltr'>quo</span> <span class='ocrx_word' id='word_1_222' title='bbox 1029 1790 1185 1831; x_wconf 85' lang='lat' dir='ltr'>genere</span> <span class='ocrx_word' id='word_1_223' title='bbox 1216 1773 1404 1831; x_wconf 82' lang='lat' dir='ltr'>Gorgias</span> <span class='ocrx_word' id='word_1_224' title='bbox 1434 1774 1608 1816; x_wconf 83' lang='lat' dir='ltr'>videtur</span> 
     </span>
     <span class='ocr_line' id='line_1_29' title="bbox 258 1830 1604 1889; baseline -0.002 -14"><span class='ocrx_word' id='word_1_225' title='bbox 258 1840 479 1889; x_wconf 83' lang='lat' dir='ltr'>tamquam</span> <span class='ocrx_word' id='word_1_226' title='bbox 519 1833 699 1888; x_wconf 87' lang='lat' dir='ltr'>signifer</span> <span class='ocrx_word' id='word_1_227' title='bbox 736 1838 865 1886; x_wconf 87' lang='lat' dir='ltr'>atque</span> <span class='ocrx_word' id='word_1_228' title='bbox 903 1832 1106 1888; x_wconf 88' lang='lat' dir='ltr'>princeps</span> <span class='ocrx_word' id='word_1_229' title='bbox 1149 1832 1367 1880; x_wconf 77' lang='lat' dir='ltr'>extitisse3</span> <span class='ocrx_word' id='word_1_230' title='bbox 1412 1848 1452 1872; x_wconf 87' lang='lat' dir='ltr'>v.</span> <span class='ocrx_word' id='word_1_231' title='bbox 1493 1830 1604 1873; x_wconf 82' lang='lat' dir='ltr'>Cic.</span> 
     </span>
     <span class='ocr_line' id='line_1_30' title="bbox 257 1888 1603 1944; baseline -0.003 -12"><span class='ocrx_word' id='word_1_232' title='bbox 257 1891 284 1932; x_wconf 94' lang='lat' dir='ltr'>l.</span> <span class='ocrx_word' id='word_1_233' title='bbox 317 1906 353 1932; x_wconf 91' lang='lat' dir='ltr'>c.</span> <span class='ocrx_word' id='word_1_234' title='bbox 384 1890 644 1931; x_wconf 87' lang='lat' dir='ltr'>Philostr.</span> <span class='ocrx_word' id='word_1_235' title='bbox 676 1906 716 1944; x_wconf 90' lang='lat' dir='ltr'>p.</span> <span class='ocrx_word' id='word_1_236' title='bbox 749 1890 845 1930; x_wconf 89' lang='grc'><strong>500.</strong></span> <span class='ocrx_word' id='word_1_237' title='bbox 878 1889 973 1930; x_wconf 88' lang='lat' dir='ltr'>coll.</span> <span class='ocrx_word' id='word_1_238' title='bbox 1002 1888 1405 1930; x_wconf 78' lang='lat' dir='ltr'>Westermann.</span> <span class='ocrx_word' id='word_1_239' title='bbox 1435 1888 1603 1929; x_wconf 84' lang='lat' dir='ltr'>Histor.</span> 
     </span>
     <span class='ocr_line' id='line_1_31' title="bbox 256 1944 1604 2002; baseline -0.003 -14"><span class='ocrx_word' id='word_1_240' title='bbox 256 1947 488 2002; x_wconf 87' lang='lat' dir='ltr'>Eloquent.</span> <span class='ocrx_word' id='word_1_241' title='bbox 520 1944 596 1988; x_wconf 85' lang='lat' dir='ltr'>Gr.</span> <span class='ocrx_word' id='word_1_242' title='bbox 626 1946 661 1989; x_wconf 86' lang='lat' dir='ltr'>I.</span> <span class='ocrx_word' id='word_1_243' title='bbox 694 1962 736 2001; x_wconf 89' lang='lat' dir='ltr'>p.</span> <span class='ocrx_word' id='word_1_244' title='bbox 766 1947 833 1986; x_wconf 79' lang='lat'>44.</span> <span class='ocrx_word' id='word_1_245' title='bbox 867 1960 930 1999; x_wconf 87' lang='lat' dir='ltr'>sq.</span> <span class='ocrx_word' id='word_1_246' title='bbox 960 1960 1087 1999; x_wconf 90' lang='lat' dir='ltr'>quem</span> <span class='ocrx_word' id='word_1_247' title='bbox 1117 1960 1216 1985; x_wconf 73' lang='lat' dir='ltr'>mox</span> <span class='ocrx_word' id='word_1_248' title='bbox 1247 1945 1374 1985; x_wconf 89' lang='lat' dir='ltr'>etiam</span> <span class='ocrx_word' id='word_1_249' title='bbox 1395 1945 1486 1984; x_wconf 28' lang='lat' dir='ltr'>ralii</span> <span class='ocrx_word' id='word_1_250' title='bbox 1525 1944 1604 1985; x_wconf 89' lang='lat' dir='ltr'>du-</span> 
     </span>
     <span class='ocr_line' id='line_1_32' title="bbox 258 1999 1603 2057; baseline -0.003 -12"><span class='ocrx_word' id='word_1_251' title='bbox 258 2019 350 2045; x_wconf 87' lang='lat' dir='ltr'>cem</span> <span class='ocrx_word' id='word_1_252' title='bbox 382 2003 553 2057; x_wconf 88' lang='lat' dir='ltr'>sequuti</span> <span class='ocrx_word' id='word_1_253' title='bbox 574 2008 688 2055; x_wconf 75' lang='lat' dir='ltr'>sunt,</span> <span class='ocrx_word' id='word_1_254' title='bbox 720 2008 767 2042; x_wconf 88' lang='lat' dir='ltr'>ut</span> <span class='ocrx_word' id='word_1_255' title='bbox 787 2001 1054 2054; x_wconf 70' lang='lat' dir='ltr'>Alcidamas,</span> <span class='ocrx_word' id='word_1_256' title='bbox 1088 2001 1439 2057; x_wconf 75' lang='lat' dir='ltr'>Thrasymachus</span> <span class='ocrx_word' id='word_1_257' title='bbox 1471 1999 1603 2042; x_wconf 86' lang='lat' dir='ltr'>Chal-</span> 
     </span>
     <span class='ocr_line' id='line_1_33' title="bbox 257 2058 1602 2115; baseline -0.003 -13"><span class='ocrx_word' id='word_1_258' title='bbox 257 2060 490 2114; x_wconf 81' lang='lat' dir='ltr'>cedonius,</span> <span class='ocrx_word' id='word_1_259' title='bbox 539 2059 795 2115; x_wconf 75' lang='lat' dir='ltr'>Licymnius</span> <span class='ocrx_word' id='word_1_260' title='bbox 835 2059 910 2113; x_wconf 82' lang='lat' dir='ltr'>(v.</span> <span class='ocrx_word' id='word_1_261' title='bbox 949 2058 1234 2100; x_wconf 49' lang='lat' dir='ltr'>XVesterm.</span> <span class='ocrx_word' id='word_1_262' title='bbox 1276 2058 1303 2098; x_wconf 93' lang='lat' dir='ltr'>l.</span> <span class='ocrx_word' id='word_1_263' title='bbox 1355 2073 1388 2101; x_wconf 90' lang='lat' dir='ltr'>c.</span> <span class='ocrx_word' id='word_1_264' title='bbox 1438 2074 1481 2113; x_wconf 88' lang='lat' dir='ltr'>p.</span> <span class='ocrx_word' id='word_1_265' title='bbox 1532 2059 1602 2099; x_wconf 82' lang='lat'>46.</span> 
     </span>
     <span class='ocr_line' id='line_1_34' title="bbox 256 2112 1602 2172; baseline -0.003 -13"><span class='ocrx_word' id='word_1_266' title='bbox 256 2117 349 2172; x_wconf 87' lang='lat' dir='ltr'>sq.)</span> <span class='ocrx_word' id='word_1_267' title='bbox 393 2132 524 2172; x_wconf 88' lang='lat' dir='ltr'>quum</span> <span class='ocrx_word' id='word_1_268' title='bbox 562 2116 732 2157; x_wconf 84' lang='lat' dir='ltr'>interim</span> <span class='ocrx_word' id='word_1_269' title='bbox 770 2112 842 2155; x_wconf 91' lang='lat' dir='ltr'>alii</span> <span class='ocrx_word' id='word_1_270' title='bbox 884 2115 928 2155; x_wconf 91' lang='lat' dir='ltr'>in</span> <span class='ocrx_word' id='word_1_271' title='bbox 969 2130 1056 2155; x_wconf 86' lang='lat' dir='ltr'>una</span> <span class='ocrx_word' id='word_1_272' title='bbox 1087 2115 1190 2156; x_wconf 82' lang='lat' dir='ltr'>artis</span> <span class='ocrx_word' id='word_1_273' title='bbox 1221 2115 1388 2156; x_wconf 85' lang='lat' dir='ltr'>ratione</span> <span class='ocrx_word' id='word_1_274' title='bbox 1419 2129 1470 2155; x_wconf 87' lang='lat' dir='ltr'>ac</span> <span class='ocrx_word' id='word_1_275' title='bbox 1500 2113 1602 2156; x_wconf 89' lang='lat' dir='ltr'>doc-</span> 
     </span>
     <span class='ocr_line' id='line_1_35' title="bbox 253 2171 1603 2227; baseline -0.003 -12"><span class='ocrx_word' id='word_1_276' title='bbox 253 2175 365 2215; x_wconf 86' lang='lat' dir='ltr'>trina</span> <span class='ocrx_word' id='word_1_277' title='bbox 379 2172 561 2215; x_wconf 88' lang='lat' dir='ltr'>colenda</span> <span class='ocrx_word' id='word_1_278' title='bbox 575 2173 935 2224; x_wconf 56' lang='lat' dir='ltr'>snbsisterenthn</span> <span class='ocrx_word' id='word_1_279' title='bbox 957 2171 1142 2212; x_wconf 87' lang='lat' dir='ltr'>Phaedr.</span> <span class='ocrx_word' id='word_1_280' title='bbox 1160 2188 1201 2227; x_wconf 90' lang='lat' dir='ltr'>p.</span> <span class='ocrx_word' id='word_1_281' title='bbox 1227 2173 1322 2212; x_wconf 76' lang='lat'>261.</span> <span class='ocrx_word' id='word_1_282' title='bbox 1339 2185 1432 2226; x_wconf 90' lang='lat' dir='ltr'>sqq.</span> <span class='ocrx_word' id='word_1_283' title='bbox 1445 2171 1603 2212; x_wconf 78' lang='lat' dir='ltr'>Extitit</span> 
     </span>
     <span class='ocr_line' id='line_1_36' title="bbox 253 2226 1602 2284; baseline -0.004 -12"><span class='ocrx_word' id='word_1_284' title='bbox 253 2247 356 2273; x_wconf 80' lang='lat' dir='ltr'>vero</span> <span class='ocrx_word' id='word_1_285' title='bbox 406 2246 493 2272; x_wconf 89' lang='lat' dir='ltr'>non</span> <span class='ocrx_word' id='word_1_286' title='bbox 532 2230 592 2270; x_wconf 79' lang='lat' dir='ltr'>ita</span> <span class='ocrx_word' id='word_1_287' title='bbox 629 2230 764 2270; x_wconf 89' lang='lat' dir='ltr'>multo</span> <span class='ocrx_word' id='word_1_288' title='bbox 795 2235 896 2284; x_wconf 87' lang='lat' dir='ltr'>post</span> <span class='ocrx_word' id='word_1_289' title='bbox 934 2226 1165 2284; x_wconf 68' lang='lat' dir='ltr'>Gorgiam,</span> <span class='ocrx_word' id='word_1_290' title='bbox 1216 2228 1289 2282; x_wconf 84' lang='lat' dir='ltr'>qui</span> <span class='ocrx_word' id='word_1_291' title='bbox 1331 2228 1462 2268; x_wconf 89' lang='lat' dir='ltr'>istum</span> <span class='ocrx_word' id='word_1_292' title='bbox 1505 2242 1602 2268; x_wconf 88' lang='lat' dir='ltr'>ora-</span> 
     </span>
     <span class='ocr_line' id='line_1_37' title="bbox 254 2284 1602 2340; baseline -0.004 -11"><span class='ocrx_word' id='word_1_293' title='bbox 254 2288 422 2329; x_wconf 82' lang='lat' dir='ltr'>tionum</span> <span class='ocrx_word' id='word_1_294' title='bbox 491 2285 814 2328; x_wconf 88' lang='lat' dir='ltr'>scribendarum</span> <span class='ocrx_word' id='word_1_295' title='bbox 864 2291 993 2339; x_wconf 86' lang='lat' dir='ltr'>atque</span> <span class='ocrx_word' id='word_1_296' title='bbox 1053 2284 1392 2340; x_wconf 81' lang='lat' dir='ltr'>evulgandarum</span> <span class='ocrx_word' id='word_1_297' title='bbox 1440 2299 1602 2325; x_wconf 87' lang='lat' dir='ltr'>morem</span> 
     </span>
     <span class='ocr_line' id='line_1_38' title="bbox 252 2340 1601 2400; baseline -0.004 -14"><span class='ocrx_word' id='word_1_298' title='bbox 252 2345 510 2400; x_wconf 85' lang='lat' dir='ltr'>proveheret</span> <span class='ocrx_word' id='word_1_299' title='bbox 548 2343 675 2384; x_wconf 88' lang='lat' dir='ltr'>etiam</span> <span class='ocrx_word' id='word_1_300' title='bbox 712 2342 906 2383; x_wconf 87' lang='lat' dir='ltr'>ulterius.</span> <span class='ocrx_word' id='word_1_301' title='bbox 976 2341 1079 2382; x_wconf 83' lang='lat' dir='ltr'>Fuit</span> <span class='ocrx_word' id='word_1_302' title='bbox 1116 2342 1152 2383; x_wconf 91' lang='lat' dir='ltr'>is</span> <span class='ocrx_word' id='word_1_303' title='bbox 1183 2340 1410 2396; x_wconf 83' lang='lat' dir='ltr'>Antiphon</span> <span class='ocrx_word' id='word_1_304' title='bbox 1442 2340 1601 2381; x_wconf 81' lang='lat' dir='ltr'>Rham-</span> 
     </span>
     <span class='ocr_line' id='line_1_39' title="bbox 252 2396 1598 2455; baseline -0.004 -13"><span class='ocrx_word' id='word_1_305' title='bbox 252 2401 415 2442; x_wconf 87' lang='lat' dir='ltr'>nusius.</span> <span class='ocrx_word' id='word_1_306' title='bbox 476 2400 562 2441; x_wconf 79' lang='lat' dir='ltr'>Hic</span> <span class='ocrx_word' id='word_1_307' title='bbox 602 2400 714 2441; x_wconf 87' lang='lat' dir='ltr'>enim</span> <span class='ocrx_word' id='word_1_308' title='bbox 753 2399 954 2455; x_wconf 85' lang='lat' dir='ltr'>princeps</span> <span class='ocrx_word' id='word_1_309' title='bbox 995 2398 1126 2439; x_wconf 83' lang='lat' dir='ltr'>fuisse</span> <span class='ocrx_word' id='word_1_310' title='bbox 1157 2403 1369 2450; x_wconf 74' lang='lat' dir='ltr'>narratur,</span> <span class='ocrx_word' id='word_1_311' title='bbox 1403 2397 1475 2452; x_wconf 89' lang='lat' dir='ltr'>qui</span> <span class='ocrx_word' id='word_1_312' title='bbox 1504 2396 1598 2437; x_wconf 85' lang='lat' dir='ltr'>aliis</span> 
     </span>
     <span class='ocr_line' id='line_1_40' title="bbox 251 2454 1599 2509; baseline -0.002 -12"><span class='ocrx_word' id='word_1_313' title='bbox 251 2457 561 2499; x_wconf 86' lang='lat' dir='ltr'>iudiciales</span> <span class='ocrx_word' id='word_1_314' title='bbox 595 2456 811 2497; x_wconf 86' lang='lat' dir='ltr'>orationes</span> <span class='ocrx_word' id='word_1_315' title='bbox 845 2456 1075 2508; x_wconf 76' lang='lat' dir='ltr'>scriberet,</span> <span class='ocrx_word' id='word_1_316' title='bbox 1119 2455 1274 2509; x_wconf 89' lang='lat' dir='ltr'>quibus</span> <span class='ocrx_word' id='word_1_317' title='bbox 1313 2454 1397 2509; x_wconf 81' lang='lat' dir='ltr'>ipsi</span> <span class='ocrx_word' id='word_1_318' title='bbox 1426 2460 1599 2494; x_wconf 86' lang='lat' dir='ltr'>uteren-</span> 
     </span>
     <span class='ocr_line' id='line_1_41' title="bbox 250 2512 1598 2566; baseline -0.004 -11"><span class='ocrx_word' id='word_1_319' title='bbox 250 2521 320 2555; x_wconf 85' lang='lat' dir='ltr'>tur</span> <span class='ocrx_word' id='word_1_320' title='bbox 358 2514 402 2555; x_wconf 91' lang='lat' dir='ltr'>in</span> <span class='ocrx_word' id='word_1_321' title='bbox 439 2512 624 2565; x_wconf 75' lang='lat' dir='ltr'>iudicio,</span> <span class='ocrx_word' id='word_1_322' title='bbox 673 2513 708 2553; x_wconf 87' lang='lat' dir='ltr'>si</span> <span class='ocrx_word' id='word_1_323' title='bbox 749 2527 833 2566; x_wconf 85' lang='lat' dir='ltr'>qua</span> <span class='ocrx_word' id='word_1_324' title='bbox 872 2512 1070 2553; x_wconf 86' lang='lat' dir='ltr'>fortunae</span> <span class='ocrx_word' id='word_1_325' title='bbox 1110 2526 1257 2552; x_wconf 90' lang='lat' dir='ltr'>eorum</span> <span class='ocrx_word' id='word_1_326' title='bbox 1299 2518 1429 2564; x_wconf 86' lang='lat' dir='ltr'>atque</span> <span class='ocrx_word' id='word_1_327' title='bbox 1470 2516 1598 2565; x_wconf 84' lang='lat' dir='ltr'>caput</span> 
     </span>
     <span class='ocr_line' id='line_1_42' title="bbox 250 2566 1597 2626; baseline -0.003 -16"><span class='ocrx_word' id='word_1_328' title='bbox 250 2571 292 2611; x_wconf 87' lang='lat' dir='ltr'>in</span> <span class='ocrx_word' id='word_1_329' title='bbox 321 2570 513 2626; x_wconf 86' lang='lat' dir='ltr'>periculo</span> <span class='ocrx_word' id='word_1_330' title='bbox 544 2576 841 2619; x_wconf 80' lang='lat' dir='ltr'>versarentur3</span> <span class='ocrx_word' id='word_1_331' title='bbox 872 2586 912 2610; x_wconf 77' lang='lat' dir='ltr'>v.</span> <span class='ocrx_word' id='word_1_332' title='bbox 945 2567 1057 2610; x_wconf 85' lang='lat' dir='ltr'>Cic.</span> <span class='ocrx_word' id='word_1_333' title='bbox 1089 2567 1211 2608; x_wconf 88' lang='lat' dir='ltr'>Brut.</span> <span class='ocrx_word' id='word_1_334' title='bbox 1243 2567 1280 2608; x_wconf 73' lang='lat' dir='ltr'>c.</span> <span class='ocrx_word' id='word_1_335' title='bbox 1317 2569 1379 2608; x_wconf 75' lang='lat'>12.</span> <span class='ocrx_word' id='word_1_336' title='bbox 1413 2566 1597 2619; x_wconf 80' lang='lat' dir='ltr'>Quint.</span> 
     </span>
     <span class='ocr_line' id='line_1_43' title="bbox 249 2624 1597 2680; baseline -0.004 -12"><span class='ocrx_word' id='word_1_337' title='bbox 249 2627 391 2668; x_wconf 88' lang='lat' dir='ltr'>Instit.</span> <span class='ocrx_word' id='word_1_338' title='bbox 433 2627 517 2668; x_wconf 89' lang='grc' dir='ltr'>ΠΙ.</span> <span class='ocrx_word' id='word_1_339' title='bbox 561 2628 596 2669; x_wconf 86' lang='lat' dir='ltr'>l.</span> <span class='ocrx_word' id='word_1_340' title='bbox 635 2625 967 2667; x_wconf 85' lang='lat' dir='ltr'>Philostrat.</span> <span class='ocrx_word' id='word_1_341' title='bbox 1006 2640 1048 2680; x_wconf 91' lang='lat' dir='ltr'>p.</span> <span class='ocrx_word' id='word_1_342' title='bbox 1091 2625 1188 2665; x_wconf 84' lang='grc'><strong>500.</strong></span> <span class='ocrx_word' id='word_1_343' title='bbox 1219 2624 1459 2665; x_wconf 82' lang='lat' dir='ltr'>Photius</span> <span class='ocrx_word' id='word_1_344' title='bbox 1491 2638 1524 2664; x_wconf 91' lang='lat' dir='ltr'>s.</span> <span class='ocrx_word' id='word_1_345' title='bbox 1559 2639 1597 2663; x_wconf 75' lang='lat' dir='ltr'>v.</span> 
     </span>
     <span class='ocr_line' id='line_1_44' title="bbox 245 2680 1597 2740; baseline -0.004 -16"><span class='ocrx_word' id='word_1_346' title='bbox 245 2684 474 2740; x_wconf 59' lang='lat' dir='ltr'>JAvako.</span> <span class='ocrx_word' id='word_1_347' title='bbox 494 2682 590 2725; x_wconf 88' lang='lat' dir='ltr'>coll.</span> <span class='ocrx_word' id='word_1_348' title='bbox 610 2682 651 2724; x_wconf 84' lang='lat' dir='ltr'>R</span> <span class='ocrx_word' id='word_1_349' title='bbox 664 2682 807 2723; x_wconf 87' lang='lat' dir='ltr'>uhnk</span> <span class='ocrx_word' id='word_1_350' title='bbox 843 2681 1008 2738; x_wconf 88' lang='lat' dir='ltr'>Opusc.</span> <span class='ocrx_word' id='word_1_351' title='bbox 1040 2681 1075 2722; x_wconf 93' lang='lat' dir='ltr'>I.</span> <span class='ocrx_word' id='word_1_352' title='bbox 1099 2697 1140 2736; x_wconf 89' lang='lat' dir='ltr'>p.</span> <span class='ocrx_word' id='word_1_353' title='bbox 1167 2682 1260 2721; x_wconf 84' lang='grc'><strong>156.</strong></span> <span class='ocrx_word' id='word_1_354' title='bbox 1292 2680 1358 2722; x_wconf 91' lang='lat' dir='ltr'>ed.</span> <span class='ocrx_word' id='word_1_355' title='bbox 1390 2680 1597 2735; x_wconf 73' lang='lat' dir='ltr'>Bergm.</span> 
     </span>
     <span class='ocr_line' id='line_1_45' title="bbox 248 2735 1598 2795; baseline -0.005 -12"><span class='ocrx_word' id='word_1_356' title='bbox 248 2740 520 2795; x_wconf 73' lang='lat' dir='ltr'>Quamquam</span> <span class='ocrx_word' id='word_1_357' title='bbox 549 2738 662 2780; x_wconf 86' lang='lat' dir='ltr'>idem</span> <span class='ocrx_word' id='word_1_358' title='bbox 695 2739 789 2791; x_wconf 72' lang='lat' dir='ltr'>ille,</span> <span class='ocrx_word' id='word_1_359' title='bbox 837 2755 890 2780; x_wconf 89' lang='lat' dir='ltr'>ne</span> <span class='ocrx_word' id='word_1_360' title='bbox 921 2738 1142 2780; x_wconf 82' lang='lat' dir='ltr'>videretur</span> <span class='ocrx_word' id='word_1_361' title='bbox 1171 2737 1337 2779; x_wconf 79' lang='lat' dir='ltr'>scilicet-</span> <span class='ocrx_word' id='word_1_362' title='bbox 1375 2736 1470 2778; x_wconf 84' lang='lat' dir='ltr'>aliis</span> <span class='ocrx_word' id='word_1_363' title='bbox 1510 2735 1598 2777; x_wconf 86' lang='lat' dir='ltr'>ulla</span> 
     </span>
    </p>
   </div>
  </div>
 </body>
</html>
