1687 2969
572 117 874 154 —le—

52 249 79 275 a
106 231 381 289 philosophia
408 246 585 288 prorsus
615 230 880 272 abhorreret.
940 229 1073 283 Quod
1097 229 1270 285 quidem
1288 229 1395 271 scite

52 288 294 344 callideque
323 289 385 330 ita
412 287 619 344 perfecit,
648 293 697 328 ut
726 303 860 328 unum
894 287 1079 328 maxime
1099 287 1280 343 Lysiam
1298 301 1396 342 par-

51 353 118 389 tes
156 346 345 388 istorum*
373 345 618 400 rhetorum,
666 344 741 399 qui
777 360 957 400 pravam
995 349 1265 386 sectarentur
1309 343 1397 384 elo-

52 403 287 459 quentiam,
319 402 529 444 sustinere
558 401 753 455 iusserit,
800 406 848 442 ut
889 401 962 456 qui
1001 406 1044 442 et
1073 401 1165 455 ipse
1197 416 1219 441 e
1249 399 1399 442 schola

50 461 274 503 rhetorum
303 458 548 503 Siculorum
587 457 821 514 prodiisset
850 464 894 500 et
922 456 1162 500 scribendis
1195 457 1398 498 orationi-

50 517 132 560 bus
163 516 223 559 ad
251 517 355 558 artis
386 516 720 559 ostentationem
759 515 1020 572 comparatis
1052 514 1325 556 inclaruisset
1356 523 1399 555 et

49 580 229 631 propter
258 574 512 615 tenuitatem
543 572 750 615 orationis
782 573 932 614 altiore
964 571 1118 628 spiritu
1148 571 1192 611 in
1214 570 1398 612 dicendo

52 646 199 677 carere
229 630 462 673 videretur.
523 629 740 672 Nimirum
769 630 852 672 isto
883 635 1012 685 pacto
1053 643 1155 669 sane
1186 643 1274 669 non
1306 628 1398 668 sine

49 686 435 731 verisimilitudinis
466 686 608 743 specie
639 686 735 728 fieri
763 686 907 743 potuit
934 692 984 727 ut
1004 685 1282 727 celeberrimo
1305 699 1399 725 ora-

50 744 136 786 tori
167 759 354 801 persona
381 744 567 786 rhetoris
597 743 771 786 humilis
812 749 855 785 et
884 743 994 784 male
1023 742 1165 799 arguti
1203 742 1399 797 impone-

49 807 195 856 retur,
226 801 479 858 praesertim
511 816 642 856 quum
673 800 760 854 ille,
792 800 894 842 licet
923 816 948 841 a
979 799 1159 842 Socrate
1188 798 1399 839 moriente

50 858 230 903 meliora
258 857 525 912 admonitus,
566 863 778 914 perpetuo
817 873 842 898 a
872 855 1210 914 philosophandi
1253 854 1399 896 studio

51 915 282 959 mansisset
309 914 594 957 alienissimus
625 930 765 968 neque
797 914 941 956 fratris
962 912 1237 955 Polemarchi
1257 927 1398 953 exem-

50 972 125 1029 plo
157 973 218 1027 (v.
250 971 438 1014 Phaedr.
467 988 509 1027 p.
542 972 637 1013 257.
668 971 743 1025 B.)
786 977 1005 1027 permotus
1046 974 1184 1024 esset,
1230 975 1278 1010 ut
1309 969 1400 1010 ani-

51 1044 169 1070 mum
206 1027 262 1069 ad
297 1028 616 1085 philosophiam
657 1027 890 1083 aliquando
932 1028 1152 1069 adiiceret.
1226 1026 1401 1067 Tribuit

51 1085 186 1143 igitur
215 1085 344 1128 Plato
368 1085 430 1127 illi
471 1084 749 1128 callidissimo
789 1085 972 1127 artificio
1017 1084 1255 1126 orationem
1285 1099 1400 1124 ama-

48 1142 226 1196 toria-m,
277 1142 322 1183 in
362 1157 449 1197 qua
488 1157 621 1197 quum
660 1142 751 1184 eius
791 1141 1028 1184 dictionem
1064 1141 1226 1196 pariter
1269 1146 1400 1195 atque

47 1199 269 1255 ingenium
299 1199 514 1255 expressit
552 1198 827 1252 fidelissime,
875 1206 924 1240 ut
963 1213 1042 1240 nec
1075 1197 1289 1239 defuerint
1319 1197 1400 1238 cri-

51 1255 149 1310 tici,
197 1256 271 1311 qui
300 1255 384 1298 ista
413 1256 665 1297 imi-tationis
697 1255 895 1297 sollertia
924 1256 967 1297 in
997 1254 1193 1296 fraudem
1233 1253 1400 1295 inducti

49 1327 143 1354 eam
167 1328 320 1355 revera
351 1328 376 1354 a
403 1313 541 1369 Lysia
572 1313 777 1369 scriptam
808 1328 905 1354 esso
935 1318 1155 1370 putarent,
1187 1317 1280 1353 tum
1312 1311 1400 1353 sin-

49 1369 190 1426 gulari
209 1368 398 1424 quodam
423 1369 608 1412 artificio
631 1385 790 1426 pravae
812 1369 1085 1424 eloquentiae
1116 1369 1233 1422 vitia,
1266 1368 1335 1410 vel
1356 1368 1400 1408 in

48 1426 260 1468 sentiendi
288 1426 531 1469 humilitate
559 1427 629 1469 vel
646 1427 690 1468 in
710 1427 961 1470 subtilitatis
980 1426 1254 1483 neglectione
1274 1431 1316 1466 et
1331 1440 1400 1467 so-

47 1483 329 1539 phisticarum
343 1484 608 1541 argutiarum
624 1484 762 1526 abusu
778 1484 846 1525 vel
860 1484 902 1525 in
928 1484 1022 1526 aliis
1044 1484 1174 1525 rebus
1189 1482 1400 1524 similibus

45 1540 203 1597 posita,
218 1546 341 1582 tanta
355 1540 628 1583 multitudine
644 1541 865 1597 congessit
878 1547 1052 1595 tamque
1068 1540 1284 1582 cumulata
1298 1555 1399 1581 con-

47 1597 240 1653 stipavit,
254 1603 302 1638 ut
324 1598 516 1653 perfecta
538 1597 750 1653 quaedam
767 1598 936 1654 species
958 1604 1000 1639 et
1018 1598 1161 1653 imago
1186 1596 1399 1638 declama-

47 1654 182 1696 toriae
212 1654 394 1697 vilitatis
423 1660 467 1697 et
499 1654 678 1697 inertiae
713 1655 769 1696 ob
793 1655 942 1698 oculos
963 1655 1106 1712 posita
1130 1652 1329 1696 videatur
1343 1654 1398 1708 ²³³).

116 1847 145 1888 ἢ
179 1847 390 1890 Multieipies
418 1858 528 1890 nuper
553 1848 597 1880 de
620 1848 774 1890 Lysiana
799 1850 858 1883 illa
882 1850 1041 1881 oratione
1057 1855 1173 1882 motae
1204 1853 1283 1881 sunt
1316 1859 1394 1881 con-

182 1895 382 1934 troversiae,
408 1905 496 1936 quae
523 1895 586 1927 etsi
612 1905 674 1936 per
699 1906 736 1927 se
755 1896 850 1927 leves
877 1901 966 1935 sunt,
992 1901 1108 1928 tamen
1132 1907 1202 1928 non
1235 1896 1394 1926 videntur

184 1939 239 1973 hie
274 1941 410 1973 silentio
441 1942 715 1982 praetereundae
747 1952 833 1975 esse.
889 1942 1093 1974 Dubitatum
1126 1943 1216 1974 enim
1242 1943 1390 1983 primum

184 1986 228 2019 de
253 1987 326 2018 eius
351 1987 464 2018 forma
488 1991 559 2027 est,
600 1998 702 2028 quam
739 1990 925 2020 extiterunt
959 1990 1016 2029 qui
1039 1989 1142 2030 plane
1168 1989 1388 2030 epistolarem

184 2042 260 2064 esse
291 2033 554 2072 eontenderent;
592 2034 787 2066 dubitatum
822 2035 904 2066 item
941 2040 993 2066 est
1024 2036 1068 2066 de
1098 2036 1207 2077 ipsius
1244 2035 1387 2075 origine,

184 2079 464 2119 quandoquidem
499 2089 568 2110 non
604 2081 705 2121 pauci
739 2081 847 2112 critici
884 2089 959 2112 eam
992 2091 1110 2122 nuper⁴
1136 2082 1282 2122 Lysiae,
1318 2090 1388 2111 non

187 2124 338 2163 Platoni,
363 2125 581 2157 tribuendam
607 2136 684 2157 esse
708 2127 959 2159 iudicaverunt.
1007 2127 1181 2160 Quocirca
1209 2137 1278 2158 non
1303 2126 1388 2157 alie-

181 2181 264 2203 num
299 2171 363 2201 erit
395 2171 437 2203 de
461 2171 514 2202 his
542 2171 645 2203 rebus
670 2173 754 2213 quid
778 2173 985 2211 sentiamus,
1024 2174 1142 2214 paucis
1177 2173 1389 2214 exposuisse,

184 2217 386 2257 praesertim
418 2228 524 2258 quum
546 2218 640 2250 litem
666 2219 793 2250 diutius
818 2229 901 2250 sane
925 2219 1089 2259 agitatam
1114 2220 1294 2251 videamur
1326 2219 1389 2250 ali-

186 2262 323 2302 quando
347 2273 450 2304 posse
475 2274 693 2304 componere.

275 2309 331 2339 Der
353 2309 464 2341 forma
489 2311 592 2350 igitur
615 2311 788 2351 Lysianae
817 2311 984 2342 orationis
1011 2311 1039 2342 si
1081 2311 1273 2351 quaeritur,
1308 2311 1392 2341 dua-

187 2353 250 2385 bus
279 2354 495 2395 potissimum
523 2356 623 2387 rebus
651 2357 812 2388 effectum
839 2358 986 2395 videtur,
1014 2361 1051 2387 ut
1076 2367 1184 2398 nuper
1204 2357 1389 2388 existerent

186 2399 342 2437 quiaeam
368 2400 487 2433 haberi
513 2402 639 2434 vellent
663 2413 726 2444 pro
756 2403 919 2443 epistola,
944 2403 981 2434 id
1006 2404 1100 2443 quod
1123 2405 1171 2434 ita
1195 2406 1389 2434 statuerunt

187 2444 457 2486 Spengelius
483 2447 631 2488 (Synag.
664 2453 730 2479 art.
750 2460 781 2490 p.
808 2448 879 2481 126.
909 2452 974 2489 sq.)
999 2449 1217 2480 Franzius
1244 2450 1325 2490 (Ep.
1347 2449 1390 2479 de

184 2489 290 2529 Lysia
314 2497 451 2524 oratore
478 2494 591 2525 Attico
618 2493 750 2526 Graece
784 2495 921 2535 scripta,
969 2494 1125 2527 Norimb.
1156 2494 1252 2528 1⁸28.
1281 2494 1332 2531 4.)
1359 2499 1392 2525 et

185 2535 489 2570 Hoelscherus
524 2539 611 2580 (vit.
642 2541 724 2581 Lys.
751 2551 783 2581 p.
808 2539 905 2581 123.)
954 2541 1109 2572 Primum
1135 2543 1225 2572 enim
1250 2541 1285 2571 id
1311 2551 1391 2572 sua-

186 2580 271 2612 dere
302 2582 371 2613 visa
406 2590 457 2616 est
491 2587 678 2617 auctoritas
716 2586 960 2618 Frontonis
996 2598 1029 2628 p.
1058 2587 1117 2621 34.
1142 2588 1194 2618 ed.
1222 2586 1390 2618 Niebuhr.

186 2633 219 2656 ct
254 2627 462 2663 Hermiae
503 2631 620 2665 Schol.
656 2643 688 2674 p.
716 2632 771 2664 77.
797 2633 953 2666 er1.Ast.
992 2634 1128 2665 Deinde
1163 2638 1200 2665 ut
1232 2634 1279 2664 ita
1315 2643 1391 2663 esso

185 2677 401 2713 statueretur,
427 2676 542 2709 effecit
567 2679 670 2711 etiam
697 2678 800 2715 illud,
834 2679 927 2719 quod
953 2680 987 2711 in
1014 2680 1172 2711 oratione
1202 2679 1389 2711 identidem
