1687 2969
581 140 617 143 —
700 121 775 157 LIII

60 235 104 276 in
142 240 266 290 parte
309 248 402 276 esse
442 233 641 286 inferior,
688 233 820 274 etiam
861 232 1121 288 sophisticas
1164 233 1410 288 composuit

60 290 412 345 declamationes,
444 296 494 332 ut
516 305 613 332 cum
630 305 788 346 genere
810 288 1026 331 scribendi
1056 288 1248 331 iudiciali
1281 290 1409 331 etiam

60 349 242 389 alterum
270 347 394 401 illud,
432 347 478 388 in
510 362 594 401 quo
634 362 720 388 uno
760 346 946 387 maxime
988 343 1178 402 Gorgias
1220 347 1407 388 excellu-

58 405 188 457 isset,
243 404 391 446 vitatis
440 411 585 445 tamen
620 403 824 445 inanibus
882 402 1103 443 rhetorum
1156 402 1408 445 Siculorum

59 461 269 515 artificiis,
303 461 578 503 coniunxisse
607 459 818 501 videatur.
879 458 1098 512 Quorsum
1138 459 1230 501 sine
1276 460 1408 502 dubio

57 518 266 575 pertinet,
313 517 432 572 quod
472 516 671 565 Cicero
702 517 826 558 Brut.
867 532 903 558 c.
936 517 1000 557 12.
1031 522 1262 571 postquam
1295 515 1409 558 Gor-

58 576 174 632 giam
205 575 395 616 narravit
414 581 588 630 paratos
606 573 808 616 habuisse
829 573 949 614 locos
981 588 1244 626 communes,
1278 589 1410 628 quum

59 631 326 688 singularum
362 647 506 673 rerum
535 630 687 672 laudes
728 638 770 671 et
809 629 1148 685 vituperationes
1187 631 1408 686 conscrip-

58 689 207 741 sisset,
253 687 409 730 deinde
442 688 570 729 etiam
599 687 916 743 Antiphontem
946 685 1260 728 Rhamnusium
1292 687 1408 728 affir-

57 753 146 786 mat.
189 744 345 786 similia
385 744 598 798 quaedam
638 744 885 800 conscripta
923 743 1148 794 habuisse3
1192 744 1409 800 pertinent

56 802 160 844 item
205 801 338 843 verba
386 801 582 843 Platonis
630 800 816 845 Phaedr.
864 817 906 856 p.
959 801 1052 841 269.
1109 801 1164 841 A.
1204 801 1279 842 ubi
1319 801 1406 854 ille,

56 861 290 913 μελίγηρυς
310 856 552 912 ’Ἄδραστος
570 858 828 914 appellatur,
861 864 904 899 et
923 857 1005 898 alia
1025 856 1239 911 quaedam
1257 872 1407 900 recon-

59 915 238 969 ditiora,
285 914 338 956 de
384 915 540 970 quibus
577 931 616 955 v,
658 914 939 956 Ruhnken.
990 914 1017 954 l.
1059 929 1094 955 c.
1136 930 1177 970 p.
1234 915 1326 958 158.
1365 921 1409 956 ct

58 973 111 1014 M
126 972 253 1014 eier.
293 970 580 1014 Connnentat.
612 971 697 1012 HI.
729 971 798 1013 De
828 969 1072 1013 Andocidis
1102 969 1226 1013 Orat.
1257 980 1409 1014 contra

58 1028 279 1071 Alcibiad.
330 1045 372 1085 p.
428 1030 494 1070 12.
547 1028 615 1070 Ex
655 1044 739 1083 quo
790 1035 984 1083 tempore
1033 1026 1058 1078 ἠ
1115 1030 1409 1086 λογογραᾳία,

59 1094 185 1139 quam
216 1085 343 1127 Plato
389 1092 518 1127 vocat
546 1084 734 1127 Phaedr.
778 1102 818 1141 p.
858 1086 952 1126 257.
993 1084 1045 1125 E.
1078 1091 1120 1126 et
1151 1085 1245 1127 ⁶258.
1277 1086 1327 1130 B.
1360 1103 1408 1128 u-

56 1147 212 1196 troque
242 1142 287 1183 in
317 1157 477 1198 genere
519 1141 692 1183 videtur
731 1152 859 1183 nacta
891 1156 986 1183 esse
1020 1157 1105 1183 non
1136 1158 1300 1198 paucos
1331 1143 1407 1184 ad-

56 1199 297 1252 miratores,
330 1199 560 1253 evenitque
595 1198 684 1252 sic,
732 1206 781 1240 ut
821 1205 910 1239 tam
952 1198 1148 1241 rhetores
1179 1214 1307 1253 quam
1338 1216 1408 1242 so-

87 1255 226 1297 histae
268 1255 314 1296 in
354 1270 405 1296 ea
456 1254 694 1297 factitanda
741 1255 979 1298 studiosius
1029 1254 1319 1307 elaborarent3
1366 1274 1406 1299 v.

107 1312 196 1356 lat.
235 1311 499 1368 Euthydem.
538 1328 580 1368 p.
622 1314 716 1354 289.
759 1311 808 1354 C.
850 1313 905 1354 D.
947 1311 1000 1353 E.
1030 1311 1152 1354 Inter
1183 1328 1256 1355 eos
1287 1330 1405 1368 vero,

57 1369 130 1423 qui
177 1369 290 1410 hanc
326 1367 468 1411 laudis
507 1369 621 1410 viam
660 1369 846 1426 ingressi
886 1375 1010 1422 sunt,
1064 1376 1218 1425 postea
1255 1372 1408 1426 procul

57 1425 189 1468 dubio
218 1432 391 1481 praet-er
421 1432 589 1467 ceteros
615 1427 819 1468 excelluit
863 1426 1048 1483 Lysias,
1092 1433 1250 1469 oratorx
1270 1428 1410 1470 Athe-

56 1483 214 1525 niensis
252 1482 381 1539 longe
413 1483 703 1537 clarissimus,
744 1483 797 1525 de
829 1499 915 1538 quo
946 1489 995 1524 ut
1025 1483 1107 1525 hoc
1139 1484 1234 1526 loco
1267 1485 1409 1527 brevi-

39 1545 120 1581 .ter
151 1546 403 1595 exponatur,
436 1539 579 1595 ipsum
599 1540 788 1582 Phaedri
823 1547 1122 1596 argumentum
1144 1545 1333 1596 postulat
1352 1543 1407 1596 ²¹²).

147 1596 312 1638 'Natus
357 1603 423 1638 est
449 1597 582 1652 igitur
624 1598 784 1653 Lysias
827 1597 1011 1639 Athenis
1045 1598 1115 1638 vel
1146 1598 1292 1652 potius
1325 1598 1408 1656 Sy-

55 1653 222 1694 racusis
276 1653 484 1694 archonte
524 1653 742 1707 Philocle,
786 1652 960 1710 Olymp.
1002 1654 1199 1696 LXXX.
1228 1656 1267 1696 ⁶2.
1307 1671 1407 1697 vere

57 1710 157 1750 anni
192 1710 289 1751 458.
329 1724 366 1750 a.
419 1707 523 1750 Chr.
574 1726 615 1751 n.
689 1710 831 1764 Quam
889 1718 1131 1766 temporum
1179 1712 1406 1767 rationem,

57 1766 352 1823 Dionysii,
384 1766 706 1821 Plutarchi,
758 1767 953 1809 Photii
994 1767 1125 1822 (Cod.
1158 1769 1273 1823 260.)
1306 1784 1408 1811 auc-

55 1823 229 1877 toritate
271 1821 512 1877 firmatam,
545 1824 796 1879 ponderatis
825 1840 967 1865 rerum
998 1825 1187 1866 omnium
1217 1842 1407 1868 momen-

55 1880 112 1921 tis
143 1881 271 1922 etiam
299 1896 415 1922 nunc
445 1881 571 1922 unice
601 1897 749 1923 veram
778 1890 1001 1938 puta-mus,
1032 1882 1135 1923 licet
1165 1898 1302 1939 nuper
1332 1899 1405 1925 ex-

56 1937 236 1992 titerint,
269 1938 344 1992 qui
363 1952 457 1978 eam
486 1948 693 1980 vocarent
721 1939 766 1980 in
797 1939 1136 1981 controversiam
1167 1939 1245 1994 ³1<ss).
1291 1940 1405 1982 Puc-

86 2125 94 2130 ,
124 2096 166 2137 ᾗ)
192 2096 350 2128 Pluribus
377 2096 418 2128 de
445 2106 486 2129 eo
513 2097 764 2139 disputavimus
788 2101 819 2131 in
846 2100 1077 2133 commentat.
1129 2100 1317 2142 Lysiaca
1351 2102 1401 2133 ad

193 2141 490 2175 illustrandas
516 2144 711 2177 Phaedri
739 2146 843 2178 Plat.
871 2147 1077 2188 origines,
1124 2146 1218 2188 Lips.
1248 2147 1344 2182 1851.
1370 2150 1402 2182 4,

196 2187 250 2219 ubi
285 2197 318 2229 p.
352 2186 408 2222 18.
444 2189 486 2221 de
511 2190 587 2221 loco
614 2190 785 2223 Plutarchi
813 2201 902 2232 quae
927 2194 1147 2234 scripsimus,
1176 2204 1215 2223 ea
1240 2194 1291 2225 sic
1315 2195 1404 2225 acci-

195 2234 288 2274 pias,
322 2238 361 2265 ut
384 2232 462 2266 nil-il
487 2237 552 2267 iam
578 2236 642 2268 nisi
670 2236 797 2268 ἑκατόν
822 2247 899 2270 cum
926 2239 1082 2271 Meursio
1106 2239 1138 2270 in
1164 2238 1243 2270 δέκα
1270 2246 1405 2272 mutan-

195 2277 277 2310 dum
312 2290 526 2312 censeamus.
933 2292 957 2309 f—

105 2320 167 2363 ε9)
199 2323 263 2358 Fr.
317 2325 451 2358 Vater
499 2327 530 2358 iu
577 2327 752 2360 Klotzii
804 2330 921 2362 Annal.
958 2329 1036 2371 pliil.
1077 2334 1111 2362 et
1145 2329 1246 2371 pned.
1284 2329 1403 2372 Suppl,

196 2368 240 2403 T.
272 2370 333 2404 lx,
365 2382 397 2413 p.
432 2371 495 2406 165
519 2373 661 2407 —196.
701 2379 736 2406 et
779 2376 872 2406 Ant.
907 2374 1217 2409 Westermann.
1255 2376 1404 2408 Praefat.

196 2416 239 2446 ad
289 2417 370 2458 Lys.
408 2418 519 2452 Oratt.
559 2430 613 2460 ap.
652 2420 753 2452 Bern.
794 2419 985 2453 Tauchnitz
1024 2433 1055 2463 p.
1094 2421 1150 2455 Vl.
1189 2432 1263 2462 sqq.
1338 2422 1406 2461 Qui

197 2460 286 2507 quud
313 2468 484 2496 oratorem
513 2470 625 2497 natum
654 2476 731 2498 esse
758 2467 876 2497 volunt
902 2467 1036 2510 Oljnip.
1070 2467 1287 2501 LXXXVII.
1308 2469 1330 2501 l>
1362 2487 1406 2492 —-

197 2504 276 2539 432.
310 2517 340 2542 a.
375 2508 452 2543 (thr.
481 2520 511 2542 n.
547 2511 661 2551 viginti
693 2516 825 2553 septem
865 2518 943 2554 post
982 2524 1080 2555 quam
1118 2515 1220 2555 vulgo
1253 2519 1403 2556 putatur,

197 2550 344 2602 ideoq-ue
377 2555 485 2595 ipsum
521 2557 669 2588 lsocrate
701 2564 863 2599 quattuor
897 2560 950 2590 vel
987 2561 1135 2601 quinque
1169 2559 1264 2592 annis
1297 2561 1406 2592 mino-

199 2607 269 2628 rem
287 2598 426 2640 iaciunt,
448 2603 480 2632 Μ
511 2613 611 2644 quum
639 2603 774 2635 disertis
801 2604 941 2637 aliorum
968 2606 1172 2648 scriptorum
1201 2607 1406 2638 testimoniis

198 2642 421 2686 adversatur,
457 2652 526 2680 tum
554 2653 681 2690 pugnat
706 2650 844 2690 egregie.
869 2660 945 2682 cum
974 2652 1050 2683 loco
1079 2652 1232 2684 Platonis
1260 2652 1406 2684 phaedr.

198 2699 229 2729 ρ.
263 2689 340 2723 279.
372 2692 410 2724 1).
453 2694 507 2725 ubi
543 2694 726 2728 Socrates:
777 2695 1079 2730 «Adolescens
1122 2697 1251 2730 etiam
1283 2707 1408 2735 nunvc,
