1687 2969
171 156 222 189 50
643 150 1038 188 PROLEGOMENA

169 263 320 300 iniuriis
348 263 562 300 constantia
591 275 634 299 ac
663 262 861 310 dignitate,
893 263 999 308 aliae,
1035 274 1130 312 quas
1159 266 1272 299 antea
1301 261 1509 309 attigimus.

170 320 278 359 Quae
306 332 368 356 res
397 333 526 356 omnes
564 332 632 367 per
671 332 710 356 se
749 324 900 357 tantum
938 319 1083 355 habent
1110 318 1313 363 momenti,
1351 323 1396 354 ut
1423 330 1508 366 pro-

169 376 295 413 babile
325 376 375 413 sit
404 389 467 413 eas
496 389 518 412 a
546 375 772 424 philosopho
813 376 1020 412 deliberato
1051 374 1206 411 consilio
1245 374 1432 422 copiosius
1471 373 1511 409 111

168 433 240 469 1100
268 432 365 469 libro
394 445 476 469 esse
504 436 697 470 tractatas.
728 433 872 468 Verum
901 431 1005 468 haud
1035 431 1120 476 scio,
1153 444 1202 467 an
1228 434 1380 479 praeter
1408 429 1511 478 prin-

169 489 291 537 cipem
319 489 424 525 illam
454 489 501 525 de
530 493 610 526 arte
638 488 829 526 rhetorica
869 501 912 524 ac
942 487 1045 525 civili
1081 486 1380 536 disputationem
1415 485 1512 522 nihil

169 546 209 581 in
238 545 311 582 hoc
338 558 510 582 sermone
536 548 689 582 tantum
715 545 856 581 habeat
876 543 1053 593 ponderis
1083 547 1121 580 et
1149 542 1361 591 gravitatis,
1391 554 1511 592 quan-

168 606 252 640 tum
273 601 438 639 Socratis
466 601 608 638 iniuste
630 600 869 637 condemnati
895 599 1124 637 defendendi
1151 598 1359 636 consilium.
1402 597 1512 638 Quod

169 671 287 708 quum
317 658 401 695 aliis
432 671 482 695 ex
510 656 647 703 meisa)
684 662 784 694 recte
814 656 988 694 videniur
1018 655 1204 703 colligere,
1234 660 1316 692 tum
1345 654 1511 691 maxime

171 727 220 751 ex
257 714 304 751 iis
342 715 490 751 elucere
528 719 727 762 putamus,
768 725 865 763 quae
895 726 930 761 p.
964 715 1054 749 521.
1085 714 1131 749 A.
1162 724 1266 761 seqq.
1306 724 1328 748 a
1357 711 1511 748 Socrate

169 771 421 807 disseruntur.
479 770 670 807 Videntur
698 769 810 814 enim,
840 772 1045 818 postquam
1073 768 1133 806 vir
1164 768 1424 805 sanctissimus
1452 767 1510 803 in-

168 827 270 863 iusto
300 826 438 863 iudicio
468 839 487 862 e
518 826 642 863 medio
672 826 845 863 sublatus
875 830 976 870 erat,
1007 825 1108 861 inter
1135 824 1306 861 rhetores
1337 836 1380 860 ac
1408 823 1511 861 viros

170 883 302 921 civiles
330 883 496 921 novitios
525 882 732 928 exstitisse,
761 881 827 932 qui
858 881 974 917 huius
1002 881 1057 918 rei
1084 893 1257 917 caussam
1285 893 1435 917 omnem
1464 892 1513 916 ex

170 941 328 976 obscuro
358 939 440 976 eius
470 946 507 977 et
538 938 748 976 umbratico
786 937 1049 986 philosophiae
1088 937 1214 974 studio
1254 941 1293 974 et
1331 949 1379 973 ex
1419 936 1512 973 artis

170 995 356 1033 oratoriae
385 1000 580 1032 contemtu
599 993 890 1043 1·epeterent⁷'⁶⁷'‘·)
920 994 1085 1043 indeque
1113 994 1247 1030 docere
1273 996 1512 1037 conarentur,

169 1057 405 1102 quantopere
443 1051 684 1100 philosophia
721 1063 811 1099 prae
849 1054 931 1087 arte
969 1049 1133 1087 oratoria
1171 1062 1214 1086 ac
1253 1049 1356 1087 civili
1385 1052 1512 1086 conte-

171 1109 335 1145 mnenda
364 1112 476 1145 esset.
514 1106 686 1147 Quorum
715 1106 997 1144 criminationes
1025 1112 1070 1143 ut
1097 1106 1374 1151 refellerentur,
1404 1105 1514 1142 Plato

170 1165 210 1201 in
238 1165 310 1201 hoc
338 1177 512 1201 sermone
539 1177 617 1200 non
645 1164 768 1200 solum
808 1163 941 1200 docere
969 1162 1118 1200 studuit
1157 1162 1319 1200 artificia
1355 1162 1516 1198 istorum

170 1221 369 1257 hominum
397 1234 479 1258 esse
499 1220 672 1269 improba
701 1219 739 1256 et
769 1219 953 1268 pestifera
972 1218 1130 1264 civitati,
1160 1219 1226 1255 sed
1245 1218 1362 1256 etiam
1389 1221 1514 1255 osten-

171 1277 226 1314 dit
255 1277 378 1314 solum
408 1277 602 1314 Socratem
628 1276 729 1313 inter
758 1275 1016 1313 Athenienses
1045 1275 1239 1312 exstitisse
1268 1274 1394 1312 virum
1423 1287 1513 1312 vere

171 1330 391 1378 πολιτικόν,
431 1339 475 1370 ut
513 1333 579 1382 qui
618 1331 756 1381 spretis
793 1331 1004 1368 humilibus
1041 1331 1126 1368 istis
1166 1331 1332 1377 artibus,
1374 1330 1513 1380 quibus

171 1390 287 1437 vulgo
318 1389 491 1425 homines
521 1390 568 1425 ad
597 1388 807 1436 potentiam
837 1395 875 1425 et
894 1389 1056 1425 honores
1083 1387 1283 1436 pervenire
1303 1387 1513 1431 studerent,

171 1460 239 1495 per
265 1450 386 1483 totam
414 1445 536 1483 vitam
564 1444 674 1481 unice
704 1445 742 1481 id
772 1444 911 1492 egerit,
942 1448 985 1481 ut
1015 1444 1156 1482 civiiun
1185 1456 1340 1481 suorum
1368 1443 1514 1480 animos

172 1503 219 1538 ad
248 1501 454 1547 iustitiam,
497 1501 809 1549 temperantiam,
840 1500 1069 1549 probitatem
1099 1505 1339 1538 converteret
1378 1503 1416 1537 et
1445 1499 1513 1535 im-

171 1558 346 1606 pelleret,
386 1559 432 1594 ab
462 1557 705 1605 improbitate
735 1561 774 1594 et
804 1557 996 1594 iniustitia
1025 1562 1220 1602 avocaret,
1262 1560 1378 1606 atque
1416 1555 1516 1592 hanc

171 1615 292 1663 ipsain
321 1626 495 1650 caussam
522 1613 652 1658 fuisse,
684 1626 750 1649 cur
779 1614 826 1650 ab
847 1612 1150 1651 Atheniensibus
1178 1612 1311 1650 mortis
1331 1611 1516 1660 supplicio

172 1671 331 1707 affectus
361 1669 572 1717 essetffffis‘).
630 1668 715 1708 Qua
744 1669 891 1706 ratione
923 1674 1052 1706 autem
1079 1669 1143 1706 ille
1174 1681 1299 1705 coram
1327 1668 1516 1704 iudicibus

172 1740 345 1763 caussam
374 1739 482 1763 suam
510 1725 762 1771 defendisset,
802 1725 840 1761 id
871 1725 1083 1763 accuratius
1122 1725 1252 1762 docuit
1279 1724 1382 1762 edita
1411 1726 1514 1772 Apo-

170 1783 281 1830 logia,
311 1783 351 1819 in
381 1795 456 1832 qua
486 1782 679 1819 Socratem
714 1781 841 1829 ipsum
870 1782 916 1818 de
948 1781 1029 1819 vita
1064 1795 1133 1819 sua
1162 1781 1254 1818 fecit
1282 1780 1430 1830 copiose
1459 1780 1514 1816 di-

171 1846 319 1876 centem
358 1846 396 1876 et
434 1838 544 1888 quasi
582 1838 801 1886 exemplum
839 1838 1029 1887 quoddam
1066 1837 1272 1874 rhetorices
1303 1836 1515 1874 Socraticae

171 1894 385 1943 proposuit,
434 1898 479 1931 ut
520 1894 630 1931 facile
669 1894 789 1942 possit
828 1894 991 1941 intelligi
1036 1893 1106 1930 hos
1144 1894 1260 1930 libros
1300 1892 1517 1941 argumenti

171 1952 336 2001 quadam
376 1950 600 1997 cognatione
645 1950 746 1987 inter
785 1963 823 1986 sc
864 1949 1060 1987 contineri.
1138 1948 1380 1999 Quamquam
1417 1949 1516 1986 veri-

171 2007 293 2044 simile
324 2010 382 2044 est
411 2007 611 2043 Platonem
640 2006 715 2043 ista
734 2005 848 2043 simul
867 2019 936 2043 sua
958 2019 1091 2043 caussa
1111 2005 1317 2054 scripsisse,
1347 2005 1516 2055 quando-

170 2063 326 2113 quidem
355 2063 508 2099 Socrate
537 2062 740 2100 interemto
769 2062 807 2098 id
837 2062 983 2099 consilii
1014 2062 1124 2111 cepit,
1154 2068 1198 2099 ut
1225 2075 1380 2111 prorsus
1410 2074 1432 2098 a
1457 2074 1514 2097 re-

169 2119 322 2168 publica
351 2118 561 2156 abstineret
584 2123 623 2156 et
652 2118 738 2155 unis
768 2123 922 2156 vacaret
950 2118 1212 2167 philosophiae
1243 2118 1390 2155 studiis.
1431 2117 1516 2154 Hoc

170 2175 287 2221 igitur
314 2175 418 2214 vitae
447 2175 488 2211 111
524 2178 719 2223 posterum
759 2175 951 2222 degendae
991 2175 1191 2212 consilium
1228 2174 1383 2213 videtur
1421 2173 1514 2211 item

170 2232 332 2279 Gorgiae
357 2231 561 2279 scriptione
589 2231 758 2268 voluisse
788 2232 991 2269 defendere
1021 2231 1179 2281 eiusque
1207 2243 1360 2268 caussas
1389 2234 1429 2267 et
1458 2243 1516 2267 ra-

170 2288 292 2325 tiones
321 2288 472 2336 publice
501 2288 692 2324 declarare
703 2286 750 2334 †).

234 2506 1014 2594 *219111ῗοΡῖῗῗ1ι1οΒ11ῒ1111ἓ91111113011ξ·Ρ4ΞΞ4ΒΟ
1027 2563 1058 2594 p.
1073 2550 1149 2584 485.
1164 2551 1204 2584 A.
1217 2562 1310 2593 seqq.
1332 2561 1364 2593 p.
1378 2550 1455 2584 500.
1470 2551 1510 2583 C.

238 2597 314 2636 HQ)
340 2597 379 2628 P.
403 2596 479 2629 521.
505 2598 545 2629 A.
571 2608 664 2639 seqq.

235 2642 270 2681 †)
297 2642 383 2673 Veie
408 2642 844 2674 Schleiermacherus
870 2641 1015 2673 Praefat.
1041 2641 1083 2672 ad
1110 2642 1213 2683 Gorg.
1242 2651 1272 2682 p.
1287 2639 1345 2672 19:
1374 2640 1510 2675 ..Vides

171 2687 306 2718 Amzere
329 2686 411 2718 stell!
435 2687 471 2718 ἱη
494 2687 585 2719 einer
608 2699 642 2719 so
663 2698 818 2728 yerzazcen
852 2686 1066 2727 Verbivzdnnq
1090 2687 1150 2718 mzt
1172 2687 1233 2718 der
1255 2685 1511 2726 Vereheidiyzmq
1542 2718 1546 2720 ,
