1687 2969
758 223 790 225 A
874 202 1038 239 XXXVIII

292 312 600 369 prehendisse,
643 314 866 366 dicuntum
904 316 956 357 de
1001 332 1085 371 qua
1115 331 1158 357 re
1192 332 1228 357 v.
1259 332 1300 372 p.
1333 318 1430 358 246.
1463 332 1556 372 sqq.
1589 322 1632 358 et

292 386 333 425 p.
375 371 468 411 249.
510 369 559 412 C.
626 371 780 427 Itaque
818 373 945 414 Plato
983 372 1317 428 prudentissime
1354 373 1399 414 in
1430 373 1631 415 Phaedro

291 429 352 467 ita
382 427 594 482 instituit,
640 434 688 469 ut
730 435 957 484 utrumque
995 428 1112 471 istud
1142 428 1443 485 philosophiae
1474 430 1632 486 princi-

291 483 409 538 pium
449 489 666 540 tamquam
704 485 748 526 in
777 502 909 527 unum
959 486 1235 527 coniunctum
1271 485 1547 542 descripserit
1590 493 1634 528 et

290 540 586 595 illustraverit,
628 557 715 583 non
755 558 840 597 quo
884 541 989 584 duas
1020 558 1087 584 res
1118 543 1230 583 inter
1260 557 1305 584 se
1336 542 1528 584 diversas
1560 558 1634 584 ex-

292 597 453 652 plicare
491 598 696 652 voluerit,
738 598 816 640 sed
862 598 978 653 quod
1008 599 1253 641 acutissime
1284 599 1493 656 pervidit,
1538 614 1634 642 esse

293 655 408 696 hunc
456 654 616 697 iontem
669 655 994 711 philosophiae,
1041 656 1237 711 quamvis
1270 672 1314 697 re
1361 662 1403 697 et
1443 670 1529 697 usu
1560 655 1640 697 du-

293 711 463 768 plicem,
497 717 639 753 tamen
670 712 712 753 vi
743 718 785 753 et
814 718 968 753 natura
998 728 1075 754 sua
1103 728 1236 754 unum
1275 728 1457 767 eumque
1487 713 1633 767 talem,

294 783 346 809 ex
390 784 475 823 quo
515 769 652 811 omnis
680 768 980 824 philosophiae
1026 770 1134 811 ratio
1165 784 1213 811 ac
1245 769 1476 825 disciplina
1503 769 1636 825 profi-

294 825 539 866 cisceretur.

407 881 495 923 Sed
525 897 609 936 quo
640 882 794 923 clarius
825 881 951 922 etiam
968 881 1247 938 intelligatur,
1281 898 1490 937 quaenam
1521 898 1637 925 sum-

295 939 352 979 mi
413 938 661 993 philosophi
721 937 773 978 de
823 937 890 979 his
938 938 1066 979 rebus
1107 939 1321 979 sententia
1360 940 1510 993 fuerit,
1557 954 1637 995 age

294 1001 524 1049 utrumque
554 993 684 1047 illud,
726 994 771 1034 in
803 1009 887 1048 quo
919 994 1106 1050 origines
1136 1000 1265 1048 atque
1288 1010 1463 1037 caussas
1495 995 1637 1051 philo-

294 1051 471 1107 sophiae
514 1050 780 1105 quaerendas
820 1051 1013 1104 censuit,
1063 1051 1383 1094 consideremus
1428 1067 1636 1094 seorsum.

297 1107 396 1161 Quo
435 1107 562 1148 modo
593 1108 721 1148 etiam
750 1106 795 1148 id
826 1106 1024 1148 effectum
1058 1107 1110 1147 iri
1141 1123 1376 1163 speramus,
1408 1116 1456 1150 ut
1485 1109 1541 1149 ad
1572 1124 1636 1163 ea,

299 1180 407 1219 qnae
430 1164 472 1204 in
493 1164 695 1205 Phaedro
719 1164 772 1205 de
811 1164 877 1205 his
900 1165 1027 1206 rebus
1049 1164 1208 1205 tradita
1227 1165 1445 1220 leguntur,
1477 1166 1637 1207 rectius

294 1221 576 1277 intelligenda
593 1227 720 1275 atque
740 1220 971 1262 iudicanda
993 1226 1210 1275 tamquam
1239 1222 1382 1264 aditus
1408 1222 1638 1277 aperiatur.

408 1278 562 1333 Itaque
601 1278 727 1319 Plato
765 1278 948 1333 primum
988 1277 1160 1332 quidem
1190 1278 1489 1334 philosophiae
1518 1279 1637 1334 prin-

297 1335 455 1390 cipium
496 1335 630 1376 voluit
669 1349 764 1376 esse
805 1334 997 1375 nativum
1032 1334 1258 1389 quemdam
1299 1336 1425 1376 animi
1465 1350 1639 1377 sensum

298 1397 342 1432 et
388 1392 651 1447 appetitum,
696 1407 780 1446 quo
821 1391 1015 1433 homines
1064 1391 1350 1446 sapientiores
1402 1391 1639 1433 identidem

297 1448 411 1489 ultra
440 1449 554 1490 vitae
582 1448 774 1489 mortalis
810 1447 1101 1489 conditionem
1131 1454 1272 1489 mente
1302 1449 1530 1503 animoque
1562 1465 1639 1491 suo

299 1505 397 1545 elati
447 1505 614 1546 infinito
676 1504 863 1559 quodam
927 1520 1024 1545 culn
1072 1504 1285 1545 desiderio
1336 1506 1559 1547 scientiam
1598 1511 1641 1547 et

299 1562 590 1615 cognitionem
627 1561 797 1602 divinae
837 1561 1031 1603 veritatis
1068 1567 1296 1617 appetant3
1343 1578 1470 1617 quem
1510 1562 1639 1603 animi

300 1615 493 1660 habitum
541 1624 583 1659 et
630 1618 830 1659 affectum
878 1633 1113 1659 amorem
1163 1617 1283 1658 dixit.
1364 1618 1643 1675 Quapropter

300 1681 399 1716 ante
440 1676 583 1717 omnia
620 1674 665 1716 id
705 1675 828 1716 nobis
879 1674 959 1715 erit
995 1674 1225 1730 agendum,
1256 1680 1304 1715 ut
1336 1690 1548 1730 quaenam
1586 1676 1643 1717 sit

301 1732 457 1773 amoris
488 1733 612 1773 istius
636 1732 806 1773 indoles
838 1737 880 1771 et
899 1737 1064 1784 natura,
1099 1730 1329 1787 diligenter
1351 1732 1639 1787 exquiramus,

302 1788 651 1844 quandoquidem
686 1788 876 1843 alioquin
908 1788 981 1829 vix
1012 1789 1201 1828 futurum
1233 1789 1327 1841 erit,
1359 1794 1408 1829 ut
1438 1804 1642 1843 quorsum

300 1845 406 1887 haec
447 1845 745 1901 philosophiae
788 1845 1040 1885 Platonicae
1084 1860 1183 1899 pars
1224 1845 1395 1886 omnino
1427 1845 1643 1900 pertineat

302 1908 376 1943 aut
407 1901 622 1956 quomodo
647 1902 702 1943 sit
738 1900 1004 1956 accipienda,
1034 1901 1162 1956 plane
1192 1901 1496 1957 intelligamus.
1556 1902 1641 1943 Re-

300 1959 399 2000 tulit
438 1970 580 2000 autem
609 1957 917 2013 philosophus,
969 1958 1004 1998 si
1036 1957 1141 2011 quid
1170 1957 1361 1999 iudicare
1391 1973 1637 2014 possumus,

303 2031 490 2057 amorem
547 2030 669 2056 suum
737 2015 985 2068 neutiquam
1035 2013 1091 2054 ad
1147 2015 1403 2056 teneriorem
1455 2015 1641 2070 aliquem

304 2073 433 2113 animi
481 2072 701 2125 affectum,
770 2071 844 2125 qui
891 2071 1002 2111 inter
1049 2077 1241 2112 amantes
1301 2078 1430 2126 atque
1478 2079 1642 2114 amatos

299 2128 560 2181 intercedat,
595 2143 755 2183 eosque
785 2127 993 2168 diviniore
1034 2127 1221 2181 quodam
1260 2129 1478 2170 beatitatis
1513 2144 1642 2170 sensu

297 2185 542 2242 perfundat,
560 2185 727 2240 qualem
738 2184 866 2226 hodie
880 2184 967 2225 fere
981 2184 1243 2240 intelligunt,
1260 2185 1332 2239 qui
1346 2200 1531 2226 amorem
1544 2186 1644 2227 Pla-

300 2243 489 2284 tonicum
510 2242 554 2282 in
572 2258 644 2283 ore
665 2242 837 2283 habent.
869 2241 961 2283 Imo
983 2246 1121 2282 totum
1144 2242 1263 2282 illum
1277 2242 1414 2283 voluit
1425 2242 1639 2297 pertinere

301 2298 355 2339 ad
393 2299 616 2340 absolutae
656 2298 847 2339 veritatis
882 2296 1090 2351 studium,
1134 2298 1483 2353 quandoquidem
1526 2313 1637 2348 eum,

299 2362 347 2396 ut
387 2355 515 2397 modo
547 2355 758 2407 diximus,
790 2354 897 2396 nihil
927 2353 1043 2395 aliud
1073 2369 1166 2396 esse
1200 2355 1379 2408 censuit,
1413 2370 1540 2410 quam
1570 2355 1636 2396 in-

300 2412 498 2453 teriorem
538 2411 764 2466 quemdam
796 2411 923 2452 animi
943 2411 1192 2452 instinctum
1223 2417 1266 2453 et
1296 2411 1419 2466 quasi
1449 2412 1637 2453 furorem

301 2469 451 2509 animis
495 2468 699 2509 divinitus
730 2469 1039 2524 ingeneratum,
1073 2484 1157 2522 quo
1190 2468 1427 2523 sapientiae
1459 2467 1643 2510 studiosi

301 2524 355 2565 ad
394 2525 586 2566 veritatis
618 2533 817 2566 aeternae
849 2524 1172 2566 admirationem
1212 2532 1339 2579 atque
1381 2525 1643 2580 contempla-

300 2582 460 2622 tionem
481 2581 674 2622 cieantur
693 2588 820 2636 atque
852 2582 1082 2637 rapiantur.
1142 2580 1282 2634 Quem
1311 2581 1483 2636 quidem
1513 2581 1644 2622 animi

300 2637 491 2679 habitum
520 2644 563 2678 et
586 2637 782 2679 affectum
815 2639 929 2693 quod
962 2653 1195 2679 amorem
1226 2644 1268 2679 et
1299 2638 1407 2680 dixit
1434 2651 1476 2679 et
1494 2653 1644 2679 revera

302 2709 397 2747 esse
428 2694 649 2748 iudicavit,
681 2695 723 2735 id
746 2696 911 2737 etiamsi
941 2695 1062 2737 nobis
1090 2695 1227 2750 primo
1249 2695 1459 2751 adspectu
1490 2694 1643 2735 mirum

304 2751 491 2803 accidat,
532 2758 673 2793 tamon
713 2751 864 2793 sedulo
908 2750 1144 2794 (favendum
1186 2758 1272 2805 est,
1315 2767 1369 2793 ne
1408 2751 1640 2809 proxinani
