1687 2969
566 161 607 164 —
682 140 850 178 LXXXIX
924 162 961 165 -

88 269 167 297 nae
205 253 295 296 sive
334 253 524 295 idearum
565 253 695 295 animi
725 253 883 294 intuitu
914 259 1204 308 spectatarum
1236 255 1433 311 explora-

86 312 252 365 tricem,
287 311 408 353 cuius
440 326 572 366 opera
610 325 720 365 quae
752 309 853 351 olim
884 310 1052 351 animus
1083 325 1179 351 cum
1210 311 1434 368 voluptate

87 361 426 411 considerairerit
463 373 507 409 et
536 365 890 423 apprehenderit,
922 366 1109 421 denique
1141 367 1196 408 ad
1228 369 1434 410 scientiae

88 425 465 482 perspicuitatem,
509 436 637 479 quam
680 421 914 465 Cicerones
956 423 1095 465 nostri
1139 425 1436 466 conscien-

90 482 222 524 tiam
253 481 469 538 appellare
511 481 665 534 solent,
699 480 991 536 explicentur,
1024 480 1085 521 ita
1115 486 1185 534 ut,
1218 488 1363 537 spreta
1393 488 1436 523 et

90 545 307 581 contemta
344 537 486 579 fallaci
518 538 662 593 specie
702 536 1105 591 verisimilitudinis,
1134 537 1346 592 cuiusque
1374 539 1436 580 rei

91 596 155 637 vis
197 597 240 637 et
282 601 436 636 natura
473 594 643 636 veritati
692 595 1000 636 convenienter
1047 595 1265 649 aperiatur
1305 602 1436 650 atque

92 652 345 694 declaretur.
418 651 489 693 Ex
537 652 695 706 quihus
753 651 950 693 omnibus
1002 658 1116 692 certe
1165 652 1437 693 manifestum

90 724 185 751 esse
229 708 363 751 debet
400 721 550 750 revera
589 722 755 750 omnem
786 707 1085 764 philosophiae
1118 708 1203 749 vim
1237 715 1280 750 et
1310 709 1436 751 uber-

89 772 223 807 tatem
261 781 355 808 esse
393 765 654 822 patefactam
684 764 991 807 demonstratis
1022 765 1114 806 eius
1145 765 1366 807 elementis
1397 773 1440 807 et

89 823 269 865 reclusis
314 822 475 864 ultimis
514 822 652 879 ipsius
693 837 742 863 ac
790 822 1003 878 primariis
1042 822 1250 865 fontibus.
1324 823 1437 865 Nam

89 879 380 937 proficiscitur
410 893 512 921 sane
542 879 679 921 omnis
708 879 998 935 philosophia,
1033 886 1079 920 ut
1109 879 1251 935 ipsum
1282 893 1439 921 nomen

90 936 268 990 indicat,
303 937 356 978 ab
389 951 534 978 amore
564 951 705 977 rerum
744 935 987 977 divinarum
1021 942 1152 990 atque
1184 936 1312 978 altius
1341 951 1439 979 sen*

93 993 230 1035 tiendi
262 992 568 1049 cogitandique
608 992 920 1035 consuetudine
951 1008 1049 1034 cum
1080 1005 1131 1034 eo
1171 994 1435 1047 consociata,

93 1051 167 1105 qui
205 1066 323 1092 amor
361 1050 511 1105 animis
557 1056 776 1103 tamquam
825 1050 977 1091 sortito
1026 1049 1235 1091 divinitus
1285 1051 1443 1105 obtigit

94 1114 138 1149 et
179 1123 257 1163 per
294 1107 484 1148 nativam
523 1106 712 1148 indolem
754 1106 855 1148 inde
887 1123 912 1147 a
942 1106 1189 1162 primordiis
1221 1108 1309 1149 suis
1340 1105 1442 1163 Ριῖο*

92 1163 211 1220 prius
252 1163 345 1206 fuit.
429 1163 519 1207 Sed
560 1163 631 1205 hic
676 1163 771 1219 ipse
817 1174 936 1204 amor
977 1170 1026 1204 ut
1066 1164 1232 1205 fructus
1292 1164 1444 1205 efferat

91 1220 386 1277 imprimisque
445 1220 573 1262 etiam
619 1220 734 1261 vitae
783 1221 952 1261 mortali
1009 1220 1251 1261 divinarum
1300 1233 1444 1263 rerum

93 1278 321 1319 scientiam
362 1284 406 1319 et
435 1276 778 1319 recordationem
812 1278 1097 1334 impertiatur,
1140 1276 1308 1334 indiget
1338 1292 1442 1320 sane

93 1334 250 1376 auxilio
290 1334 649 1387 dialectices,
693 1349 804 1388 quae
836 1340 903 1376 est
932 1335 1022 1376 veri
1055 1335 1348 1391 cognoscendi
1380 1335 1444 1376 in-

91 1397 390 1445 strumentum,
408 1405 494 1446 quo
513 1390 850 1447 philosophandi
871 1391 1086 1447 cupiditas·
1105 1397 1234 1446 atque
1255 1392 1443 1434 studium

92 1448 344 1490 mortalibus
391 1449 691 1504 ingeneratum
734 1448 853 1490 nullo
908 1448 1036 1490 modo
1085 1463 1229 1490 carere
1286 1455 1444 1505 potest.

90 1505 207 1548 Nam
269 1521 402 1560 quum
450 1506 546 1561 ipsa
606 1504 802 1547 idearum
852 1506 1064 1562 spectatio
1129 1506 1230 1547 olim
1290 1507 1444 1548 animis

91 1562 358 1605 beatioribus
428 1575 640 1604 concessa
706 1574 913 1618 generum
973 1569 1016 1604 et
1065 1560 1299 1604 formarum
1355 1563 1446 1605 dis-

92 1619 434 1662 criminationem
466 1619 557 1660 sive
587 1618 781 1660 idearum
813 1619 1244 1675 comprehensionem
1266 1631 1446 1675 pepere-

92 1675 169 1729 rit,
210 1682 300 1717 tnm
339 1676 467 1717 etiam
496 1675 739 1718 recordatio
769 1675 988 1730 idearum,
1029 1691 1114 1731 qua
1146 1676 1449 1732 philosophiae

93 1732 273 1774 scientia
312 1733 574 1786 absolvitur,
607 1733 725 1773 nulla
755 1748 849 1775 esse
880 1739 1049 1789 potest,
1092 1733 1174 1775 nisi
1206 1733 1449 1775 divinarum

91 1804 233 1831 rerum
263 1790 432 1846 species
466 1795 597 1844 atque
627 1790 790 1831 formae
822 1789 1148 1844 discernantur,
1193 1790 1321 1832 sicuti
1352 1806 1450 1847 per-

93 1847 243 1902 spicue
278 1859 320 1903 p.
361 1848 456 1889 249..
502 1846 553 1887 Β»
587 1844 637 1888 C.
668 1846 904 1888 indicatum
937 1853 1014 1889 est.
1074 1847 1143 1888 Ex
1170 1859 1256 1902 quo
1286 1847 1359 1901 fit,
1402 1854 1451 1888 ut

95 1902 347 1947 dialecticus
378 1904 542 1960 pariter
568 1909 698 1958 atque
729 1911 894 1945 amator
918 1903 1091 1946 divinus
1122 1904 1237 1946 idem
1268 1905 1324 1946 sit
1353 1904 1449 1961 phi-

93 1960 318 2016 losophus.
390 1960 538 2016 Atque
576 1960 685 2002 haec
725 1961 762 2003 si
804 1961 864 2002 ita
904 1976 999 2003 sese
1053 1961 1242 2015 habent,
1292 1968 1448 2018 sponte

94 2018 290 2073 profecto
328 2016 585 2074 intelligitur
622 2018 666 2058 in
717 2017 918 2059 Phaedro
968 2019 1118 2073 utique
1155 2018 1201 2059 id
1251 2019 1347 2075 agi,
1402 2025 1450 2059 ut

95 2074 232 2116 omnis
272 2075 446 2116 omnino
485 2075 786 2131 philosophiae
825 2076 962 2117 virtus
1011 2082 1054 2117 et
1092 2076 1356 2131 praestantia
1404 2075 1449 2115 in

97 2131 278 2172 clariore
307 2131 404 2173 luce
433 2139 637 2188 ponatur,
681 2127 1033 2187 quandoquidem
1075 2132 1235 2188 ipsam,
1287 2132 1449 2188 apertis

97 2187 188 2229 eius
210 2188 420 2241 fontibus,
454 2187 635 2230 docetur
658 2189 770 2230 hanc
800 2189 886 2230 vim
918 2189 1092 2242 habere,
1124 2196 1172 2230 ut
1202 2205 1288 2231 non
1320 2187 1449 2230 modo

98 2244 264 2286 animos
304 2244 359 2286 ad
398 2244 518 2287 ideas
557 2252 784 2287 convertat
823 2260 962 2300 eoque
994 2246 1048 2286 ad
1080 2245 1295 2287 sentiendi
1331 2246 1449 2302 cogi-

98 2300 306 2356 tandique
336 2298 622 2357 altitudinem,
655 2302 794 2357 qualis
817 2302 971 2344 deceat
995 2302 1246 2359 sapientem,
1279 2317 1449 2344 sursum

100 2356 254 2398 evehat
284 2363 328 2399 et
357 2358 548 2413 attollat,
588 2371 737 2401 verum
768 2359 898 2401 etiam
933 2359 1124 2401 veritatis
1158 2359 1447 2415 quaerendae,

100 2412 420 2469 diiudicandae,
464 2415 745 2472 explicandae
778 2422 908 2471 atque
938 2415 1175 2458 tradendae
1200 2417 1450 2458 facultatem

99 2468 276 2524 afferat,
327 2477 374 2512 ut
412 2480 631 2526 tamquam
670 2479 807 2515 mater
850 2472 1065 2527 quaedam
1118 2480 1248 2529 atque
1294 2489 1450 2530 parens

100 2526 367 2568 coelestim-is
405 2529 640 2584 sapientiae
682 2536 724 2571 et
754 2541 895 2571 rerum
931 2531 1190 2586 cognitionis
1220 2531 1451 2572 informata

97 2583 166 2625 sit.
246 2583 412 2624 Verum
454 2586 672 2628 enimvero
710 2593 877 2628 tantum
923 2587 1045 2629 abest
1083 2594 1132 2629 ut
1176 2589 1220 2628 in
1251 2587 1333 2629 hoc
1363 2603 1449 2628 uno

96 2639 232 2681 insint
261 2640 431 2692 omnia,
462 2648 511 2683 ut
539 2643 825 2699 philosophus
859 2644 985 2685 etiam
1016 2644 1238 2699 aliquanto
1272 2644 1450 2685 ulterius

97 2697 370 2751 processerit.
454 2696 734 2755 Compar-avit
784 2700 895 2741 enim
939 2716 1034 2742 cum
1064 2701 1337 2758 philosophia
1366 2701 1449 2741 isto
