1687 2969
764 180 807 184 -
877 161 957 198 VIII
1028 180 1070 185 —

249 278 336 319 illic
375 290 540 318 summo
582 272 810 329 splendore
850 273 1046 326 lucebat,
1084 272 1154 313 hic
1194 271 1326 314 habet
1369 272 1597 329 splendida

250 335 316 376 sui
347 331 586 374 simulacra.
646 331 760 373 Nam
805 330 955 385 pulcra
983 329 1283 385 percipiuntur
1311 330 1523 383 sensibus,
1556 337 1600 371 et

250 406 353 432 vero
387 389 515 430 etiam
544 388 665 441 visu,
705 386 787 427 hoc
820 393 884 427 est
915 401 1119 427 sensuum
1151 386 1414 427 acutissimo.
1476 386 1599 439 Quo-

251 447 366 489 circa
396 451 632 500 conspecto
663 444 732 485 hic
764 442 880 497 apud
910 458 988 484 nos
1021 443 1172 498 pulcro
1199 442 1342 497 aliquo
1363 443 1454 484 veri
1484 444 1600 485 illius

249 502 526 545 recordamur
568 500 728 556 pulcri,
772 499 872 540 olim
912 499 954 539 in
995 498 1173 540 deorum
1212 500 1430 541 consortio
1474 515 1600 541 cons-

251 560 381 616 pecti,
414 558 600 612 ideoque
645 556 850 597 continuo
882 555 983 597 illuc
1017 556 1185 597 evolare
1217 556 1438 612 gestimus.
1501 556 1600 609 Quo

251 616 393 658 studio
425 615 499 670 qui
528 612 781 655 inflammati
810 620 933 665 sunt,
976 612 1005 652 ii
1036 618 1152 653 recte
1183 613 1455 668 appellantur
1485 628 1601 653 ama-

251 681 381 716 tores.
442 672 597 726 Neque
638 677 780 710 tamen
823 684 969 711 omnes
1000 669 1130 711 rebus
1160 670 1321 724 pulcris
1354 670 1600 725 conspectis

251 746 379 771 verae
420 728 535 770 illius
581 734 706 780 atque
747 725 919 768 divinae
958 726 1261 782 pulcritudinis
1302 726 1600 767 recordantur.

251 786 383 830 Unde
413 786 485 839 fit,
519 792 565 825 ut
596 783 668 837 qui
697 783 810 823 illius
843 789 945 824 sunt
975 783 1267 836 immemores,
1301 782 1356 824 ad
1387 783 1600 838 pulcrum,

255 844 292 884 si
332 858 459 897 quem
496 840 670 893 vident,
712 839 888 881 incitate
933 840 1124 880 ferantur
1163 846 1205 880 et
1243 838 1459 895 pecudum
1502 840 1602 893 ritu,

253 900 372 942 nulla
409 899 501 939 eius
540 896 779 938 reverentia
809 897 936 948 tacti,
979 896 1103 937 unice
1135 897 1328 952 corporis
1358 897 1604 952 voluptates

256 962 478 1012 quaerant.
542 953 629 1006 Qui
654 960 721 993 est
752 968 871 994 amor
902 953 956 994 ad
986 952 1208 994 libidinem
1239 952 1455 1008 proclivis.
1516 953 1605 1005 Qui

255 1020 397 1054 autem
437 1026 552 1052 more
594 1009 949 1065 philosophorum
979 1016 1124 1050 mente
1157 1016 1200 1050 et
1229 1009 1492 1066 cogitatione
1527 1024 1606 1051 sua

254 1074 465 1126 perpetuo
493 1073 689 1108 versatur
718 1066 761 1107 in
793 1082 842 1107 eo
860 1099 871 1115 ,
905 1065 1021 1120 quod
1052 1082 1129 1121 per
1159 1081 1204 1107 se
1233 1081 1395 1118 verum,
1428 1066 1604 1119 bonum,

254 1126 449 1182 pulcrum
490 1130 576 1176 cst,
610 1122 967 1179 contemplando,
998 1123 1034 1164 is
1067 1130 1302 1178 conspecto
1333 1122 1477 1176 aliquo
1509 1123 1604 1178 pul-

256 1183 317 1225 cri
359 1181 482 1236 quasi
523 1180 749 1221 simulacro
796 1180 1002 1221 continuo
1042 1180 1298 1221 recordatur
1347 1180 1438 1220 veri
1490 1179 1605 1220 illius

256 1239 419 1296 pulcri,
464 1236 581 1292 quod
613 1237 712 1278 olim
742 1237 786 1278 in
816 1236 995 1278 coelesti
1026 1242 1299 1292 spectaverat
1329 1236 1440 1289 vita,
1486 1235 1606 1277 ideo-

257 1312 339 1351 que
382 1295 597 1336 hominem
648 1293 845 1349 pulcrum
886 1294 1057 1334 intuens
1108 1309 1273 1334 summa
1319 1292 1609 1333 inflammatur

256 1368 398 1394 rerum
438 1351 679 1392 divinarum
723 1349 982 1406 cupiditate,
1025 1349 1070 1390 in
1111 1365 1196 1403 qua
1235 1349 1471 1406 cupiditate
1502 1349 1609 1390 1111111

255 1410 382 1466 plane
411 1409 526 1449 inest
554 1407 746 1449 libidinis
777 1414 851 1448 aut
867 1406 1165 1462 turpitudinis,
1199 1406 1275 1448 sed
1305 1421 1391 1448 una
1416 1406 1609 1448 cernitur

258 1465 456 1508 coelestis
476 1463 780 1520 pulcritudinis
807 1464 1048 1505 reverentia
1078 1470 1207 1517 atque
1229 1463 1431 1506 studium.
1486 1462 1608 1515 Quo-

262 1523 377 1565 circa
406 1522 506 1563 talis
538 1527 702 1562 amator
730 1536 842 1574 eum,
874 1536 1001 1575 quem
1027 1535 1168 1561 amore
1192 1536 1269 1562 suo
1291 1521 1605 1575 complectitur,

258 1587 478 1634 tamquam
529 1577 657 1619 deum
698 1578 885 1632 aliquem
925 1577 1029 1619 colit
1069 1577 1266 1631 adeoque
1306 1577 1452 1618 studet-
1493 1576 1608 1618 omni

259 1636 476 1678 cumulare
540 1634 703 1675 honore
767 1645 810 1676 et
857 1634 1082 1676 beneficio.
1161 1634 1309 1675 Habet
1357 1639 1499 1674 autem
1538 1633 1609 1674 hic

260 1709 378 1734 amor
410 1692 551 1747 [cuins
592 1692 662 1747 (p.
694 1692 773 1732 251
808 1715 857 1721 —-
891 1692 985 1733 252.
1028 1690 1107 1745 C.)
1158 1691 1334 1747 egregia
1383 1690 1611 1732 exhibetur

261 1749 517 1805 descriptio]
560 1764 654 1789 eam
692 1748 803 1801 vim,
834 1754 883 1788 ut
914 1747 1109 1789 homines
1151 1747 1306 1788 evehat
1344 1747 1399 1788 ad
1431 1746 1610 1788 deorum

259 1806 566 1848 immortalium
624 1805 907 1846 imitationem
965 1820 1015 1845 ac
1070 1803 1405 1845 similitudinem.
1494 1804 1609 1845 Nam

261 1863 560 1917 unusquisque
610 1862 843 1903 amantium
893 1861 1061 1916 quaerit
1110 1868 1151 1902 et
1191 1867 1382 1902 sect-atur
1421 1860 1610 1913 aliquem

262 1920 443 1961 similem
487 1919 526 1960 ei
557 1918 661 1972 deo,
705 1918 831 1973 quem
871 1919 962 1974 ipse
994 1918 1094 1959 olim
1135 1918 1179 1958 in
1208 1917 1391 1972 pristina
1420 1917 1493 1958 illa
1523 1917 1612 1957 vita

261 1976 496 2041 praecipuo
528 1976 661 2018 coluit
700 1974 858 2017 studio.
920 1974 1060 2028 Quem
1090 1974 1164 2015 ubi
1195 1973 1373 2027 invenit,
1407 1980 1450 2015 et
1477 1979 1612 2015 semet

263 2048 404 2089 lpsum
445 2039 488 2074 et
528 2039 714 2073 amatum
758 2033 941 2073 formare
994 2038 1123 2085 atque
1163 2046 1420 2085 componere
1462 2030 1612 2071 studet

265 2089 321 2130 ad
351 2089 466 2131 illius
497 2088 835 2131 similitudinem.
896 2089 1044 2143 Atque
1086 2088 1167 2129 hac
1207 2088 1374 2128 ratione
1406 2087 1610 2143 intelligi—

263 2153 358 2199 tur,
405 2147 476 2201 qui
509 2147 606 2199 fiat,
639 2152 688 2187 ut
718 2152 762 2187 et
792 2145 988 2187 diversus
1021 2145 1077 2186 sit
1108 2143 1280 2185 amandi
1310 2143 1486 2197 modus,
1531 2159 1610 2185 nec

264 2217 382 2245 amor
420 2203 617 2245 omnibus
666 2202 862 2244 similiter
903 2202 1052 2257 prosit.
1132 2201 1246 2243 Nam
1295 2201 1368 2254 qui
1422 2201 1611 2242 Martem

265 2259 365 2301 olim
395 2260 533 2301 secuti
563 2266 676 2313 sunt,
708 2260 738 2300 ii
769 2265 813 2300 01
840 2259 923 2315 ipsi
956 2258 1275 2314 sanguinolenti
1307 2263 1430 2310 sunt,
1475 2264 1518 2297 et
1546 2262 1610 2297 ta-

265 2316 351 2357 lem
389 2316 491 2357 item
531 2317 613 2358 sibi
662 2323 870 2372 exoptant
907 2315 1113 2365 amicumg
1166 2314 1412 2370 pariterque
1458 2313 1611 2366 reliqui

265 2373 410 2429 prouti
430 2373 655 2425 Iunonem,
688 2373 948 2429 Apollinem,
974 2371 1209 2423 Bacchum,
1243 2371 1348 2411 alios
1370 2369 1473 2411 deos
1510 2370 1612 2411 olim

266 2429 507 2481 coluerunt,
531 2429 591 2469 ita
609 2430 833 2482 Iunonios,
866 2429 1140 2485 Apollineos,
1173 2427 1428 2479 Bacchicos,
1452 2442 1610 2482 pueros

267 2486 312 2527 in
351 2485 514 2526 deliciis
556 2485 727 2528 habent.
806 2485 1117 2528 Perfectissimi
1158 2491 1298 2525 autem
1340 2484 1528 2524 011111111111
1569 2491 1612 2524 01

269 2542 528 2584 sanctissimi
567 2554 779 2584 amatores
820 2550 920 2584 sunt
957 2543 1030 2597 qui
1076 2541 1175 2583 olim
1217 2541 1380 2593 lovem,
1423 2540 1505 2581 hoc
1547 2547 1611 2581 est

268 2602 377 2641 νοῦν
408 2601 604 2651 βασιλέα,
636 2614 843 2640 summam
864 2600 1085 2652 rationem,
1118 2598 1260 2640 omnia
1285 2597 1327 2638 in
1350 2612 1491 2638 rerum
1514 2597 1610 2636 uni-

269 2655 471 2697 versitate
520 2655 848 2711 sapientissimis
898 2656 1088 2697 consiliis
1137 2654 1433 2696 moderantem
1480 2660 1610 2706 atque

270 2713 607 2769 gubernantem,
657 2720 757 2754 sunt
796 2713 962 2756 sectati.
1028 2712 1089 2755 Hi
1130 2711 1241 2753 enim
1284 2710 1608 2766 diligentissime
