1687 2969
423 169 666 209 GORGIAS.

71 280 207 322 πολλὰ
236 286 413 321 τοιαῦτα
442 279 677 332 μυθολογῶ
687 310 695 326 ,

698 169 740 206 P.
774 171 867 208 493.
898 168 956 204 ed.
990 166 1044 204 St.

1344 165 1422 202 237

739 274 867 316 οὐδέν
908 291 946 315 τι
985 276 1146 328 μᾶλλον
1175 273 1425 326 μεταθήσεις

77 348 208 387 ΚΑΛ.
246 339 369 386 Τοῦτ’
399 342 685 397 ἀληθέστερον
714 341 892 393 εἴρηκας,
926 335 958 380 ὦ
989 340 1225 390 Σώκρατες.

160 413 265 469 Cap.
296 410 507 454 XLVIII.

587 411 685 450 ΣΩ..
729 407 834 460 Φέρε
876 407 926 460 δή
941 439 951 457 .

74 479 181 532 λέγω
211 478 256 519 ἐκ
284 484 361 517 τοῦ
390 477 523 517 αὐτοῦ
561 474 804 528 γυμνασίου
843 479 891 526 τῇ
932 479 1024 513 νῦν.

1006 410 1137 460 ἄλλην
1175 416 1242 447 σοι
1281 406 1425 446 εἰκόνα

1064 473 1211 513 σκόπει
1249 472 1350 524 γάρ,
1392 470 1426 510 εἰ

74 544 239 585 τοιόνδε
270 541 401 594 λέγεις
429 540 526 592 περὶ
555 547 631 581 τοῦ
662 539 760 592 βίου
791 537 992 589 ἑκατέρου
1022 541 1099 577 τοῦ
1129 551 1171 577 τε
1202 538 1427 589 σώφρονος

76 609 145 650 καὶ.
176 614 252 648 τοῦ
283 608 546 651 ἀκολάστου.

590 600 685 645 οἷον
714 605 748 645 εἰ
777 604 903 644 δυοῖν
933 603 1110 655 άνόροῐν
1151 601 1332 655 ἑκατέρῳ
1361 602 1424 641 πί·

75 677 150 714 θοι
179 672 329 714 πολλοὶ
359 667 467 719 εἶεν,
509 670 578 712 καὶ
618 672 675 725 τῷ
704 669 780 723 μὲν
819 667 945 724 ἑτέρῳ
974 667 1105 720 ὑγιεῖς
1144 666 1214 707 καὶ
1242 668 1426 720 πλήρεις,

76 739 99 779 ὁ
138 737 215 791 μὲν
256 737 403 786 οἴνου,
442 736 465 777 ὁ
503 735 546 777 δὲ
583 735 770 789 μέλιτος,

76 801 225 844 πολλοὶ
253 805 424 843 πολλῶν
436 835 444 850 ,

815 734 837 774 ὁ
879 733 922 775 δὲ
963 734 1170 786 γάλακτος
1208 731 1278 772 καὶ
1306 734 1426 772 ἄλλοι

484 803 650 854 νάματα
690 799 733 841 δὲ
765 800 923 840 σπάνια
962 798 1032 840 καὶ
1060 797 1218 851 χαλεπὰ
1248 796 1428 838 ἑκάστου

146 948 288 979 πείθω
316 949 355 978 τί
378 957 422 978 σε
447 946 516 977 καὶ
543 944 848 987 μετατίθεσαι]
877 944 993 976 Clark.
1018 944 1095 975 vat.
1130 948 1163 975 et
1195 943 1333 985 plurimi
1369 942 1426 974 alii

79 1004 155 1025 cum
181 994 258 1024 Bas.
276 990 308 1024 2.
332 992 591 1030 μετατίθεσθαι.
624 990 689 1022 Sed
715 992 816 1022 unice
842 1001 923 1022 vera
948 995 1000 1022 est
1024 990 1127 1021 lectio
1148 990 1301 1030 vulgata,
1326 998 1427 1029 quam

77 1043 215 1070 tuentur
239 1037 343 1069 Coisl.
369 1041 403 1068 et
426 1037 512 1068 Ven.
541 1037 577 1067 Ξ.

147 1085 188 1115 D.
215 1079 549 1125 2'7'0136'81152211
575 1080 707 1112 πολλὰ
735 1077 772 1122 z]
799 1081 838 1112 V.
867 1079 885 1122 ἡ
911 1078 1033 1113 οἶδέν.
1060 1077 1126 1110 ἀλλ
1153 1077 1197 1110 ἄν
1223 1079 1276 1109 καὶ
1305 1090 1336 1109 ,τ
1363 1077 1428 1109 Sed

79 1129 196 1160 Clark.
221 1129 297 1159 Vat.
330 1127 433 1158 Vind.

79 1173 193 1205 πολλά.

80 1264 182 1340 Vlind.
207 1263 238 1295 6.
262 1263 481 1305 μυθολογῶν.

80 1320 100 1341 a
117 1321 150 1341 ll.

463 1126 494 1159 2.
526 1126 556 1159 6.
591 1127 667 1158 Par.
702 1127 819 1157 BIW.
851 1126 941 1157 Flm.
974 1136 1003 1157 a.
1036 1125 1066 1155 b.
1094 1136 1179 1156 c.x.
1218 1121 1429 1155 Βοᾶ1.ἁλιὰ

250 1172 334 1204 Inde
365 1172 561 1204 felicissime
594 1172 766 1212 Sanppius
808 1172 913 1213 Epist.
947 1172 1019 1202 cri.t
1050 1181 1081 1212 p.
1116 1169 1189 1201 122.
1222 1169 1429 1210 exsculpsit:

79 1217 153 1251 οὐδ’
179 1217 223 1249 ἂν
247 1216 328 1249 ἄλλα
361 1216 481 1253 πολλά,
517 1216 606 1258 quod
639 1217 828 1258 recepimus
859 1217 1056 1247 Hermanno
1089 1220 1284 1257 praeeunte.

1342 1215 1428 1245 Dein

529 1262 686 1294 Ceterum
721 1262 894 1304 vulgatam
926 1265 1065 1292 tuentur
1097 1260 1200 1292 Coisl.
1235 1261 1320 1291 Ven.
1350 1258 1430 1289 ΞΣ.

147 1355 187 1385 E.
222 1353 291 1385 καὶ
324 1350 440 1384 ἄλλοι
475 1353 625 1383 πολλοὶ
662 1351 850 1393 πολλῶν]
900 1352 1040 1383 Meeini.
1065 1350 1161 1382 Bodl.
1197 1347 1288 1381 ἄλλοι
1319 1346 1431 1381 ἄλλοι]

82 1401 222 1431 πολλῶν.
248 1409 280 1431 v.
304 1398 395 1430 infra
418 1402 598 1430 comment.

83 1533 300 1588 δειξάμενῗος,
328 1543 415 1575 quo
452 1534 607 1565 restituto
647 1537 723 1574 post

84 1579 160 1613 οἰός
185 1591 218 1611 τε
243 1579 268 1611 ω’
303 1583 470 1611 commate
503 1578 724 1609 distinximus

83 1625 282 1656 orationem
334 1624 422 1656 Nam
454 1627 626 1655 structura
658 1634 724 1654 ser-

83 1671 195 1701 monis
219 1670 303 1701 haec
321 1673 390 1701 est:
416 1667 434 1700 ὃ
455 1666 521 1710 ἐγώ
542 1679 594 1700 σοι
611 1667 721 1700 ἐνδει-

85 1714 231 1755 ξάμενος
257 1713 424 1756 βούλομαι
447 1732 489 1737 -
516 1718 630 1745 πεῖσαι
666 1725 722 1752 με·

86 1759 269 1797 ταθὲσθαι,
295 1770 375 1801 quo
392 1759 618 1801 probando
635 1770 723 1801 ego,

86 1806 122 1837 si
154 1805 338 1847 possim,
376 1805 646 1847 persuadere
679 1805 724 1835 ti-

87 1851 127 1881 bi
151 1850 298 1892 cupio,
323 1854 368 1881 ut
391 1851 621 1882 sententia
645 1859 725 1880 mu-

86 1900 179 1927 tata
217 1899 394 1927 statuas
426 1906 501 1937 pro
533 1896 626 1926 vita
666 1896 725 1926 in-

88 1941 352 1982 temperanti
385 1940 496 1982 eligi
520 1943 724 1982 oportere

86 1986 433 2038 temperantiam.
473 1986 631 2017 Ceterum
658 1985 726 2017 Co-

87 2041 184 2062 raes
225 2031 352 2062 coniec.
394 2033 514 2062 πεῖσἀι
551 2041 588 2062 σε
627 2042 724 2069 ιιετα-

87 2074 231 2107 ζλε’σθαι.

134 2121 202 2153 καὶ
247 2121 537 2159 μετατίθεσαι
580 2118 725 2152 εὐδαι-

89 2165 394 2206 μονεστέρους
435 2160 552 2197 εἶναι
588 2165 648 2208 -]
690 2169 728 2197 et

91 2214 255 2242 mutata
295 2211 523 2242 sententia
565 2211 728 2242 statuis

91 2256 324 2288 feliciores
350 2265 444 2287 esse
470 2261 531 2287 etc.
553 2266 584 2287 v.
603 2256 727 2286 Hein-

90 2301 194 2333 dorf.
219 2300 262 2332 ad
286 2301 319 2332 h.
343 2300 366 2332 1.
398 2305 431 2332 et
454 2305 571 2332 nostra
596 2300 637 2332 ad
661 2301 729 2332 Eu-

90 2345 272 2387 thypbron.
296 2356 327 2387 p.
353 2345 384 2380 9.
410 2347 452 2377 D.

140 2392 180 2422 l).
230 2388 369 2433 57'01’13'
397 2388 664 2422 ἂν-οιίδέν
697 2403 727 2422 τι

91 2447 111 2474 μ
122 2436 221 2467 ἄλλο
235 2434 270 2478 ι’]
296 2436 349 2467 De
362 2437 544 2478 negatione
557 2441 632 2477 post
646 2433 732 2466 οὐδέ

92 2481 237 2522 repetita
267 2491 299 2512 v.
330 2486 445 2515 annot.
477 2481 520 2513 ad
551 2481 646 2522 Peip.
672 2481 729 2512 IV.

92 2536 124 2567 p.
149 2524 225 2558 426.
250 2525 289 2557 B.

140 2570 220 2611 Cap.
247 2570 404 2601 XLVIII.
430 2569 475 2602 ἐκ
501 2574 572 2602 τοῦ
597 2568 731 2602 αυτοῦ

94 2627 143 2657 γι
158 2617 345 2646 ιιιασιου
389 2618 430 2656 τῇ
475 2616 569 2657 ιιι]
627 2616 670 2646 Η.
702 2627 731 2647 e.

95 2660 244 2691 itidem
286 2659 338 2691 ab
382 2661 439 2691 iis
486 2661 731 2703 repetitam,

96 2716 114 2736 a
140 2706 298 2746 quibus
323 2711 463 2737 sumta
499 2712 591 2738 erat
616 2705 731 2736 fabu-

793 1532 835 1564 la
860 1531 979 1563 modo
1006 1535 1194 1563 narrata.
1219 1531 1432 1562 Palaestram

792 1577 927 1608 videtur
960 1578 1137 1608 nominare
1177 1576 1330 1608 scholam
1367 1577 1432 1617 Py-

792 1623 1032 1664 thagoreorum
1071 1622 1124 1653 vel
1168 1623 1281 1663 potius
1312 1622 1434 1663 Empe-

793 1668 958 1705 docleam,
988 1668 1022 1698 in
1049 1678 1116 1708 qua
1140 1666 1338 1698 huiusmodi
1362 1677 1434 1708 my-

793 1713 927 1744 thorum
951 1712 1132 1744 involucra
1159 1711 1308 1744 studiose
1334 1722 1433 1752 qnae-

794 1759 966 1792 rebantur.
993 1759 1044 1789 De
1069 1757 1232 1798 loquendi
1256 1767 1380 1799 genere
1403 1767 1433 1787 v.

794 1803 1016 1836 Matthiae.
1043 1804 1072 1841 ἕ.
1097 1801 1174 1835 385.
1206 1803 1294 1834 Nam
1319 1813 1434 1844 perpe-

794 1860 867 1880 ram
891 1849 925 1879 in
947 1847 1136 1879 Iamblicho
1162 1858 1270 1889 nuper
1294 1849 1434 1879 Kiess-

795 1894 967 1936 lingius
1000 1893 1129 1934 recepit
1160 1891 1222 1935 τὴν
1250 1896 1322 1924 νῦν.
1371 1893 1434 1924 Fa-

797 1940 896 1970 bulae
923 1942 1161 1980 argumentum
1187 1939 1252 1969 hoc
1277 1942 1346 1969 est:
1371 1938 1433 1969 Fa-

796 1986 924 2016 ciamus
956 1984 1040 2015 duos
1066 1994 1139 2015 esse
1169 1983 1344 2023 homines,
1378 1983 1435 2024 qui

796 2030 902 2061 multa
926 2029 1077 2060 habeant
1100 2027 1210 2067 dolia,
1245 2028 1329 2060 alter
1352 2028 1437 2059 inte-

796 2085 858 2117 gra
882 2079 916 2106 et
939 2075 1038 2113 vino,
1062 2074 1182 2113 melle,
1215 2073 1305 2105 lacte
1330 2073 1436 2115 reple-

798 2127 851 2159 ta,
892 2119 976 2151 alter
1007 2119 1179 2160 perforata
1222 2129 1262 2150 ac
1300 2118 1436 2160 putrida

797 2164 978 2205 fluidisquc
1011 2164 1053 2195 ad
1087 2163 1277 2206 parandum
1302 2163 1437 2196 diffieil-

797 2210 889 2241 limis
914 2209 1064 2250 impleta.
1113 2209 1193 2248 Ille,
1226 2210 1323 2240 cuius
1355 2219 1439 2241 vasa

798 2256 932 2297 integra
956 2259 1051 2293 sunt,
1078 2254 1117 2286 (le
1143 2255 1185 2285 iis
1210 2254 1273 2285 erit
1297 2264 1438 2286 securus

798 2310 907 2341 neque
931 2300 1002 2331 ullo
1028 2299 1126 2331 modo
1158 2299 1345 2337 sollicitus;
1379 2300 1437 2332 hic

800 2351 935 2384 eontra,
973 2349 1027 2383 ut,
1074 2349 1239 2386 quantum
1277 2344 1437 2385 diffluxit,

798 2394 932 2422 tantum
974 2389 1084 2421 denuo
1126 2389 1227 2422 doliis
1269 2390 1438 2428 infundat,

800 2436 871 2466 dies
909 2440 1092 2476 noctesque
1133 2434 1325 2475 laborabit,
1371 2436 1438 2466 nisi

800 2481 961 2512 extremis
992 2479 1168 2512 doloribus
1203 2480 1292 2512 affici
1323 2480 1438 2512 volue-

800 2527 852 2557 rit.
899 2525 956 2556 Illi
981 2529 1189 2567 temperans,
1215 2525 1295 2556 huic
1320 2526 1438 2557 intem-

800 2581 922 2612 perans
947 2574 998 2601 est
1022 2570 1235 2609 simillimus,
1267 2570 1357 2601 unde
1383 2580 1439 2611 ap-

800 2620 897 2657 paret
920 2614 1011 2646 hunc
1036 2626 1110 2647 esse
1134 2616 1361 2647 miserrimum
1383 2626 1439 2646 ne-

801 2672 865 2702 que
889 2659 1023 2691 felicem
1048 2660 1322 2702 praedicandum.

846 2706 885 2737 E.
917 2706 984 2736 καὶ
1011 2703 1128 2737 ἄλλοι
1163 2705 1312 2736 πολλοὶ
1347 2706 1440 2736 ,τολ-
