1687 2969
396 202 640 242 GORGIAS.
669 204 712 242 P.
744 207 838 242 453.
870 208 962 243 454.
994 207 1052 244 ed.
1086 207 1142 244 st.

1372 210 1447 245 103

103 311 183 352 ὅσα
213 309 298 351 ἐστὶ
324 309 376 351 τὰ
403 317 481 352 τοῦ
510 311 699 365 ἀριθμοῦ
738 311 810 352 καὶ
841 313 864 353 ὁ
893 313 1171 367 ἀριθμητικὸς
1198 316 1448 365 ἄττ’θρωποςς

101 378 142 416 Γ
143 377 226 416 ΟΡ.
262 377 390 416 Πάνυ
417 390 478 429 γε.

535 378 633 417 ΣΩ.
679 377 853 418 Οὐκοῦν
880 377 951 418 καὶ
979 380 1137 428 πείθεις
1179 380 1303 420 ΓΟΡ.
1346 380 1448 420 Ναί.

99 442 198 480 ΣΩ.
243 442 434 488 Πειθοῦς
461 443 544 493 ἄρα
582 441 841 494 δημιουργός
879 441 963 483 ἐστι
1003 442 1071 483 καὶ
1110 444 1137 497 ἡ
1177 444 1446 498 ἀριθμητική.

99 505 176 545 ΓΟ
185 506 225 544 P.
269 505 482 546 Φαίνεται.

557 508 658 547 ΣΩ..
703 508 879 548 Οὐκοῦν
927 506 1001 548 ἐάν
1039 523 1101 556 τις
1150 507 1287 561 ἐρωτᾷ
1338 509 1449 562 ἡμᾶς

96 570 222 616 ποίας
251 573 431 618 πειθοῦς
469 571 539 612 καὶ
579 572 673 623 περὶ
702 574 756 621 τί,
811 573 1162 626 ἅποκρινούμεθά
1202 590 1287 615 που
1316 575 1446 629 αὐτῷ,

98 632 163 675 ὅτι
201 640 274 688 τῆς
314 635 613 690 διδασκαλικῆς
650 643 725 690 τῆς
763 636 857 689 περὶ
895 638 942 678 τὸ
980 638 1129 689 ἄρτιόν
1169 652 1211 678 τε
1248 638 1317 679 καὶ
1363 638 1443 689 [τὸ]

52 702 291 751 -περιττὸν
319 696 425 741 ὅσον
454 699 550 742 ἐστι’.
592 701 662 742 καὶ
690 701 763 750 τὰς
792 704 920 751 ἄλλας
959 704 1008 751 ἃς
1039 710 1119 744 νῦν
1156 703 1208 755 δὴ
1249 701 1447 756 ἐλέγομεν
1476 701 1559 742 454

94 763 241 817 τέχνας
278 764 444 829 ἀπάρας
483 765 629 819 ἕξομεν
679 768 896 816 ἀποδεῖξαι
932 770 1109 815 πειθοῦς
1158 764 1447 821 δημιουργοὺς

95 832 224 877 οὔσας
253 829 323 870 καὶ
351 831 517 883 ἡςτινος
545 830 729 883 καὶπερὶ
760 829 781 872 ὅ
811 847 860 874 τι.
892 832 916 886 ἢ
944 835 1021 881 οὒς
1052 834 1175 873 ΓΟΡ.
1210 833 1310 873 Ναί.
1343 834 1444 873 ΣΩ.

100 895 191 936 Οὐκ
219 897 303 947 ἄρα
332 894 533 949 ῥητορικὴ
561 897 670 950 μόνη
699 901 877 945 πειθοῦς
906 896 990 938 ἐστι
1019 898 1288 950 δημιουργός.
1322 900 1359 937 Γ
1359 899 1444 937 ΟΡ.

95 961 259 1013 Ἀληθῆ
287 957 430 1013 λέγεις.

180 1025 286 1084 Cap.
316 1026 398 1068 IX.
469 1028 570 1068 Σῼ,
611 1025 788 1081 Ἐπειδὴ
831 1027 982 1068 τοίνυν
1025 1029 1077 1068 οὐ
1117 1028 1227 1081 μόνη
1267 1028 1444 1081 ἀπεργά-

93 1167 244 1209 cepimus
267 1167 326 1206 ita,
350 1170 388 1198 ut
411 1166 490 1198 dein
515 1167 618 1199 etiam
643 1177 703 1209 pro
721 1166 864 1209 λέγομεν
888 1168 1122 1209 scripserimus
1147 1168 1309 1210 λέγωμεν,
1336 1172 1373 1199 ut
1395 1172 1447 1200 est

93 1212 129 1243 in
154 1212 209 1244 W.
234 1216 267 1243 et
290 1222 355 1243 ree.
384 1212 422 1243 Γ.

161 1254 203 1288 τὰ
237 1260 313 1288 τοῦ
341 1254 554 1299 ἀριθμοῦ]
592 1254 822 1298 ἅριθμητικοῦ
853 1258 929 1289 Vat.
964 1258 1006 1289 A.
1046 1258 1131 1289 ven.
1158 1257 1196 1289 Σ.
1230 1257 1331 1289 Vind.
1360 1257 1391 1289 1.
1413 1256 1444 1290 2.

94 1301 126 1334 6.
151 1300 180 1334 7.
210 1302 288 1333 Par.
314 1301 354 1335 V.
387 1302 476 1344 Aug.
500 1302 640 1334 Meerm.
666 1302 763 1333 Bodl.
807 1303 896 1334 Dein
922 1304 975 1334 καὶ
1003 1314 1068 1334 om.
1093 1303 1168 1334 Vat.
1195 1304 1238 1334 A.

161 1345 201 1379 τὸ
234 1344 386 1388 ἅρτιόν
418 1359 458 1378 τε
484 1348 551 1378 καὶ
581 1346 648 1390 [τὸ]
675 1345 908 1390 περιττὸν]
937 1346 970 1379 τι)
996 1359 1061 1379 om.
1087 1347 1236 1380 Vind.2.
1256 1347 1286 1380 6.
1313 1348 1390 1379 Par.
1419 1349 1443 1379 I.

91 1392 182 1424 Flor.
213 1393 245 1424 b.
284 1392 374 1424 conf.
405 1392 496 1424 infra
531 1403 564 1434 p.
597 1391 674 1425 460.
704 1393 743 1424 Ε.
783 1404 861 1424 ann.
905 1394 976 1424 crit.
1009 1398 1042 1425 et
1078 1393 1239 1435 explicat.

93 1435 129 1469 τὸ
154 1438 257 1470 etiam
279 1437 454 1480 Hirschig.

91 1560 157 1600 sis,
183 1569 248 1592 nec
271 1563 406 1591 tantum
430 1560 649 1599 animalium,
674 1559 733 1592 scd

93 1606 195 1637 etiam
218 1606 367 1647 frugum,
390 1605 522 1645 florum,
540 1605 730 1643 herbarum,

92 1650 135 1681 al.
167 1661 199 1682 v.
233 1650 642 1693 Schweighaeuser.
689 1650 732 1682 ad

90 1695 290 1735 Herodot.1,
315 1694 367 1727 10.
393 1699 426 1726 et
444 1699 559 1727 nostra
583 1695 626 1726 ad
643 1695 729 1727 Plat.

93 1739 221 1782 Cratyl.
244 1750 276 1781 Ρ.
299 1738 377 1772 430.
400 1741 442 1772 D.

137 1786 179 1817 D.
214 1785 352 1818 καλῶς
391 1783 441 1816 ἄν
474 1795 538 1816 σοι
579 1782 730 1816 ἀπεκέ-

92 1829 248 1872 numm]
291 1832 400 1862 bene
437 1840 457 1861 a
486 1834 524 1862 te
557 1840 732 1871 respon-

92 1886 183 1907 sum
207 1876 348 1907 esset?
395 1875 482 1907 Nam
507 1872 732 1915 ἀποκέκριμαι

92 1925 164 1952 tum
188 1921 334 1952 activam
367 1924 440 1952 tum
471 1921 642 1962 passivam
674 1920 732 1952 ha-

91 1966 147 1997 bet
187 1965 482 2007 significationem.
533 1976 565 1996 v.
605 1966 731 1997 Hein-

92 2010 199 2042 dorf.
241 2010 284 2042 ad
324 2011 358 2042 h.
393 2010 416 2042 l.
459 2010 536 2041 coll.
575 2011 729 2041 Matth.

93 2057 123 2094 ἓ.
147 2053 223 2132 4907.
247 2054 279 2087 5.
308 2055 556 2089 Buttmann.
593 2056 621 2094 §-
656 2054 730 2088 100.

94 2101 176 2132 Obs.
223 2123 230 2131 .

142 2141 197 2177 Οὐ
224 2143 389 2187 δῆτα-]
413 2142 652 2187 „Clausulaev'j
670 2143 730 2181 οὕ,-

91 2188 312 2230 <immamus
355 2189 537 2231 respondet
575 2190 732 2232 Gorgias.

92 2235 210 2266 Simile
242 2239 294 2267 est
323 2234 411 2266 illud
440 2245 472 2276 p.
497 2233 572 2266 501.
599 2234 644 2265 C:
690 2234 732 2266 σὺ

95 2278 134 2311 δὲ
168 2277 208 2321 δὴ
250 2279 401 2321 πότεροι
447 2280 734 2332 σιγκατατιθεσαι

95 2321 175 2366 ἡμῖι
219 2325 298 2365 περὶ
343 2322 476 2356 τούτωι
523 2321 583 2366 τὴι
625 2322 733 2367 αῦτη]-

96 2367 218 2409 δόξαι,
251 2368 270 2412 ἢ
302 2366 473 2410 ἀιτι’φης;
511 2367 582 2400 Οὐκ
614 2369 732 2411 ἔγοηε,

94 2411 176 2445 ἀλλὰ
203 2417 379 2456 συγχωρῶ.
426 2415 479 2445 De
504 2414 648 2455 Republ.
673 2415 732 2445 III.

93 2469 124 2500 p.
150 2456 227 2490 405.
252 2458 309 2490 C.”
333 2459 507 2491 ROUTH.

139 2501 265 2536 Ε.ἐπὶ
292 2515 374 2535 των
399 2500 541 2535 αὐτῶ]
560 2515 653 2544 τεχ]
665 2502 732 2546 ιῦι]

94 2549 143 2579 ita
167 2552 204 2579 ut
234 2547 312 2579 inde
342 2552 513 2589 repetatur
543 2548 593 2580 rei
623 2559 734 2580 exem-

96 2593 200 2634 plum.
226 2593 334 2624 Usum
357 2593 448 2624 hunc
473 2594 736 2635 praepositionis

94 2638 343 2669 illustravimus
361 2637 404 2668 ad
417 2638 534 2679 Remp.
548 2639 589 2669 V.
606 2649 638 2679 p.
657 2637 734 2671 475.

94 2684 135 2714 A.
169 2683 211 2714 X.
248 2693 281 2724 p.
311 2680 386 2714 597.
426 2683 464 2713 Β.
505 2683 607 2724 Hipp.
650 2684 735 2715 Min.

95 2738 127 2770 p.
139 2725 217 2760 369.
242 2727 279 2760 C.
304 2727 394 2761 conf.
427 2728 650 2760 Matthiae.
677 2728 735 2760 Gr.

1300 1393 1445 1424 Inclusit

802 1561 832 1599 §-
851 1559 933 1615 y584
951 1555 1153 1601 -ὦιπερ
1184 1564 1263 1592 πῦῑ
1290 1560 1339 1603 δή

802 1603 857 1644 ἐφ’
883 1599 1012 1645 aiz-rim.
1038 1615 1068 1635 v.
1094 1605 1136 1636 ad
1161 1615 1192 1646 p
1218 1605 1293 1637 516.
1320 1572 1387 1637 C'.1

848 1651 944 1690 πε3ὶ
972 1647 1014 1681 τὸ
1040 1647 1198 1690 ἄρτιόι
1225 1651 1347 1682 τεκαὶ
1373 1648 1440 1693 [τὸ]

803 1706 898 1734 περι
911 1692 974 1726 ιτὸ
989 1694 1017 1736 1]
1047 1696 1151 1726 Recte
1171 1699 1330 1736 quattuor
1344 1695 1441 1727 codd.

801 1740 945 1771 altelum
973 1738 1006 1771 τὸ
1032 1740 1201 1771 omittunt.
1251 1741 1338 1771 Nam
1367 1751 1444 1782 par-

801 1785 907 1816 ticula
934 1784 968 1816 τὲ
998 1784 1060 1816 ubi
1090 1785 1221 1816 nomini
1246 1785 1443 1827 adiungitur

801 1840 911 1871 neque
935 1830 1024 1861 inter
1055 1830 1235 1861 articulum
1261 1834 1293 1862 et
1317 1841 1441 1862 nomen

800 1875 915 1906 locum
940 1880 1087 1916 occupat
1108 1886 1220 1914 suum,
1243 1875 1442 1917 plerumque

801 1931 842 1952 ea
903 1931 989 1961 quae
1044 1921 1248 1961 copulantur
1304 1923 1444 1953 nomina

801 1966 899 2006 quasi
923 1975 1137 1996 communem
1168 1966 1343 1997 notionem
1373 1966 1444 1997 effi-

801 2012 898 2042 ciunt
911 2011 973 2041 uni
987 2010 1106 2052 generi
1125 2009 1329 2042 subiectam:
1352 2011 1442 2043 unde

801 2055 857 2095 fit,
888 2059 926 2086 ut
949 2059 1021 2086 tum
1047 2060 1124 2086 ante
1150 2055 1293 2087 alterum
1317 2067 1441 2087 nomen

803 2100 967 2131 articulus
998 2101 1244 2142 supprimatur,
1281 2101 1363 2141 quia
1392 2111 1442 2133 re-

801 2146 919 2186 petitio
938 2145 1074 2176 articuli
1092 2145 1345 2176 distinctionem
1360 2147 1444 2177 utri—

801 2201 910 2231 usque
940 2189 1102 2221 vocabuli
1139 2190 1299 2221 efficeret.
1359 2192 1442 2222 Mox

802 2245 832 2276 p.
857 2233 934 2266 454.
958 2235 1004 2266 E:
1044 2234 1124 2274 περὶ
1152 2238 1219 2266 τῶν
1243 2234 1385 2267 δικαίων
1410 2248 1443 2268 τε

803 2280 857 2311 καὶ
891 2276 1035 2311 ἀδίκων.
1083 2278 1160 2311 455.
1198 2280 1239 2311 Α.
1276 2281 1328 2312 De
1360 2282 1443 2322 Rep.

802 2335 832 2366 p.
858 2323 933 2356 381.
952 2325 997 2355 B:
1024 2323 1079 2355 ἐπὶ
1107 2322 1142 2355 τὸ
1168 2323 1303 2365 βέλτιόν
1327 2337 1360 2357 τε
1385 2327 1441 2358 καὶ

804 2367 949 2401 κάλλιον.
988 2369 1073 2400 Ibid.
1098 2380 1130 2410 p.
1154 2367 1231 2401 387.
1256 2371 1302 2401 Β;
1337 2368 1443 2402 πάντα

804 2412 841 2445 τὰ
875 2412 971 2445 δεινά
1001 2425 1035 2445 τε
1068 2414 1122 2445 καὶ
1159 2413 1308 2455 φοβερά.
1356 2416 1443 2447 Ibid.

830 2456 935 2490 ..499
962 2459 1010 2489 A:
1045 2456 1083 2489 τὰ
1109 2458 1148 2490 δὲ
1179 2458 1295 2498 κομψά
1325 2471 1359 2492 τε
1387 2461 1442 2492 καὶ

805 2501 975 2556 εραστιτκά.
1010 2502 1096 2535 Ibid.
1136 2515 1168 2559 p.
1203 2503 1279 2536 399.
1314 2505 1359 2537 C:
1404 2505 1444 2536 ἐι

806 2552 876 2581 ταῖς
904 2544 1009 2581 ωδαῖς
1036 2560 1068 2579 τε
1093 2549 1148 2580 καὶ
1170 2547 1318 2587 aaron.
1356 2549 1442 2583 Ibid.

804 2604 835 2634 p.
849 2582 926 2625 378.
945 2593 991 2623 E:
1017 2591 1098 2631 μετὰ
1124 2597 1180 2636 τῆς
1205 2592 1303 2635 ἄλλης
1321 2592 1444 2627 θυσίας

805 2649 837 2669 τε
871 2637 925 2668 καὶ
958 2637 1112 2669 οἰκεῑῶι.
1161 2638 1247 2670 Ibid.
1278 2638 1354 2671 464.
1395 2640 1443 2670 A:

806 2680 825 2725 ἡ
852 2694 919 2714 τωι
951 2686 1125 2724 γυναικῶν
1158 2695 1190 2715 τε
1221 2683 1274 2715 καὶ
1310 2682 1446 2715 παιδων

804 2729 981 2760 κοινωνία.
1005 2728 1107 2760 Polit.
1123 2738 1154 2770 Ρ.
1173 2727 1300 2761 271.C:
1325 2725 1360 2760 τὸ
1378 2731 1446 2760 τῶν
