1687 2969
458 211 530 249 AD
560 209 803 249 GORGIAM
834 208 1103 247 PLATONIS.
1404 208 1453 244 73

106 324 247 374 petitas
294 325 342 361 ad
380 323 736 373 interpretationem
780 322 868 359 libri
908 321 1117 372 quidquam
1163 321 1285 357 bonae
1334 317 1456 365 frugis

110 380 283 418 eontulit.

164 436 401 474 Platonis
430 436 637 484 Dialogi
668 436 779 481 duo,
811 433 1022 482 Gorgias
1054 438 1098 470 et
1129 433 1454 470 Theaetetus.

107 493 339 531 Emendavit
369 496 407 530 et
437 496 565 530 annot.
606 492 792 530 instruxit
821 492 864 528 L.
895 491 936 527 F.
968 489 1322 527 Heindorfius.
1382 489 1455 524 Λρ-

109 550 210 587 cedit
229 549 458 587 Auctarium
488 549 861 587 animadversionum
882 547 961 584 Ph.
992 547 1159 583 Buttm
1173 545 1301 582 anni.
1332 544 1455 582 Berol.

113 609 228 643 1805.
262 609 296 643 8.
327 605 457 643 Editio
487 605 827 654 praestantissima,
857 617 893 641 v.
916 603 1081 639 Praefat.
1113 602 1159 638 ad
1190 601 1231 638 T.
1261 602 1292 638 I.
1323 601 1455 649 Operr.

110 662 206 700 Plat.
218 675 253 710 p.
264 662 308 699 L.
320 661 502 710 Repetita
520 662 614 699 haee
633 661 749 699 editio
768 665 826 698 est
846 663 1003 697 curante
1023 659 1312 696 Buttmanno
1338 660 1454 693 1829.

192 713 453 769 Ξενοφῶντος
468 714 897 767 Ἀπομνημονεύματα
926 714 988 752 καὶ
1017 714 1094 751 Πλ
1105 711 1161 752 dt
1175 728 1206 752 w
1220 728 1268 751 νο
1280 727 1298 758 ς
1329 713 1349 750 Ι
1360 713 1395 749 ὀ
1407 728 1454 762 (1-

108 773 244 825 γιάς,
284 771 509 819 ἐκδιδόντος
546 773 610 811 καὶ
641 772 905 825 διορθοῦντος
935 772 992 809 Λ.
1023 770 1076 809 Κ.
1116 771 1168 819 (h.
1201 784 1231 808 e.
1265 769 1456 820 Κοραῆς).

109 828 179 868 Ἐν
207 829 432 881 Παρισίοις.
463 833 510 867 A.
546 834 662 867 1825.
697 834 730 867 8.
790 831 861 866 Ε51
900 829 992 865 haee
1022 841 1108 877 pars
1148 827 1284 877 quinta
1312 826 1458 863 decima

109 887 370 925 Bibliothecae
391 887 557 924 Graecae
588 900 609 923 a
638 886 720 924 viro
750 885 1078 935 praestantissimo
1104 884 1239 921 editae.
1279 883 1457 920 Continet

109 944 253 981 scholia
290 944 435 981 Graeca
473 948 512 981 et
551 945 685 981 breves
726 942 882 980 editoris
923 941 1190 978 annotationes
1203 971 1210 985 ‚
1251 939 1457 976 maximam

109 1004 258 1050 partem
287 999 447 1037 criticas.

195 1057 397 1094 Praeterea
435 1057 471 1093 A
483 1070 499 1093 s
511 1056 614 1093 tius
654 1055 789 1092 edidit‘
811 1055 838 1092 C
852 1069 871 1091 0
884 1068 921 1091 m
933 1068 970 1090 m
982 1067 1001 1091 0
1013 1057 1063 1090 nt
1076 1066 1097 1090 11
1108 1053 1180 1089 rio
1192 1067 1208 1089 s
1257 1053 1266 1089 i
1280 1066 1305 1089 n
1345 1053 1379 1090 G
1391 1066 1411 1089 o
1423 1066 1457 1089 r-

112 1113 240 1161 giam
268 1113 379 1160 longe
409 1112 620 1149 uberrimos
642 1116 680 1149 et
701 1111 989 1160 copiosissimos,
1022 1110 1087 1158 Op
1100 1123 1185 1147 eru
1198 1124 1235 1145 ni
1265 1109 1457 1146 Platon.

112 1169 196 1206 Vol.
226 1169 300 1206 XI.
331 1183 366 1218 p.
402 1170 594 1214 1—478.,
634 1168 672 1204 in
703 1168 842 1218 quibus
871 1167 1024 1204 videtur
1062 1166 1246 1217 quidquid
1278 1170 1390 1203 antea
1420 1166 1457 1202 in

110 1226 213 1262 hunc
243 1226 383 1263 librum
413 1225 595 1274 seriptum
632 1229 732 1261 esset
762 1237 963 1271 mingerere
995 1227 1031 1259 et
1063 1223 1202 1260 additis
1233 1222 1311 1259 suis
1342 1236 1457 1258 anno-

111 1282 322 1320 tationibus
351 1295 573 1330 percensere
603 1280 781 1318 voluisse.
841 1280 1097 1320 Quamobrem
1132 1279 1248 1316 etiam
1277 1279 1458 1328 pleraqu‘¹

112 1338 239 1375 omnia
269 1351 419 1384 eorum,
460 1352 557 1388 quae
588 1351 655 1375 nos
695 1338 734 1373 in
773 1337 895 1385 prima
924 1336 1091 1373 editione
1132 1335 1389 1384 exposuimus,
1422 1335 1458 1371 in

112 1394 401 1432 Commentariis
440 1394 523 1432 istis
562 1394 625 1431 vel
663 1394 797 1430 iisdem
837 1393 899 1430 vel
939 1392 1022 1429 aliis
1061 1392 1188 1429 verbis
1228 1394 1458 1430 referuntur.

113 1451 187 1488 Sed
217 1450 309 1501 quid
338 1451 393 1488 rei
414 1450 473 1497 sit,
504 1450 577 1500 ipsi
599 1450 771 1498 legentes
799 1450 966 1494 videant,
997 1449 1170 1485 adhibita
1188 1453 1318 1486 tamen
1338 1448 1460 1497 prima

117 1511 247 1544 nostra
277 1506 463 1553 editione,
504 1520 552 1544 ne
582 1507 622 1543 in
653 1520 818 1543 errorem
859 1512 974 1556 atque
1003 1506 1178 1542 fraudem
1216 1505 1459 1551 inducantur,

114 1563 234 1600 sicubi
266 1563 357 1617 quid
385 1563 506 1609 nobis,
537 1563 627 1613 quid
658 1563 802 1600 Astie
833 1563 1027 1607 debeatur,
1058 1561 1303 1598 iudicandum
1334 1562 1394 1599 sit.

198 1620 354 1656 Platons
386 1621 555 1668 Gonqe'as.
599 1620 813 1656 Grc’eolzz'selo
842 1620 919 1655 und
948 1619 1129 1658 Danaeia,
1163 1619 1231 1655 mit
1259 1618 1461 1655 krz'tz'selcen,

114 1677 191 1713 und
219 1676 458 1713 erklc'irenden
488 1676 784 1723 Amnerkmz‘qen.
834 1676 1010 1723 Leipzfiq,
1052 1672 1172 1711 1857.
1213 1678 1247 1710 8.
1280 1674 1370 1711 111111.
1402 1688 1459 1723 ap.

114 1732 367 1779 Engelmann.
398 1733 501 1769 Tom.
533 1732 648 1768 XXI.
680 1731 847 1769 univers.
879 1743 1037 1779 operum
1066 1731 1214 1767 Platon.

198 1788 353 1825 Platons
395 1790 564 1837 Gor‘qz'as.
633 1788 717 1825 Fen·
755 1790 822 1824 den
861 1787 1157 1835 *5'0hvhlqebrcaszc‹2k
1204 1787 1349 1824 erkldrc
1395 1800 1461 1824 von

115 1845 164 1881 D.
205 1844 380 1882 Julius
417 1845 674 1882 Deuselzle.
706 1845 873 1892 Leipzzy,
916 1841 1037 1880 1859.
1071 1847 1104 1880 8.
1136 1843 1223 1880 mai.
1254 1857 1312 1892 ap.
1343 1844 1384 1880 B.
1417 1844 1460 1880 G.

114 1900 314 1946 Teubner„
345 1901 390 1938 de
421 1914 497 1951 qua
517 1900 682 1938 editione
712 1915 747 1937 v.
770 1901 820 1937 H.
851 1900 1050 1937 Bonitz:
1083 1900 1396 1949 Zez'tselarz‘ftfilr
1426 1902 1460 1936 d.

116 1958 324 1994 osterreich.
349 1959 582 2006 Gymnasz'en,
615 1955 736 1994 1859.
767 1957 797 1993 F
801 1956 909 1994 ascic.
940 1957 990 1993 X.
1016 1971 1050 2005 p.
1075 1957 1306 1994 786-808,

198 2013 353 2050 Platons
386 2015 556 2062 Gorqefas.
624 2014 705 2050 Mz't
724 2014 945 2061 Einlez'banq
974 2015 1052 2050 und
1079 2014 1366 2062 Amnerkunqm
1396 2026 1462 2050 von

115 2069 316 2106 Eduard
343 2070 486 2107 Jahn.
554 2069 677 2112 W'z'en,
720 2067 842 2106 1859.
882 2072 916 2106 8.
948 2069 1037 2105 min.
1106 2069 1235 2106 Editio
1273 2069 1462 2106 tironibus

114 2124 314 2162 destinata.

197 2181 401 2218 Praeterea
447 2181 493 2218 de
539 2181 680 2229 Gorgia
727 2181 898 2218 Platonis
944 2181 1016 2218 hae
1065 2180 1290 2229 scriptiones
1337 2180 1461 2230 prodi-

112 2240 244 2274 erunt:

198 2293 511 2330 Dissertatio
566 2293 811 2330 literaria
869 2293 924 2329 de
974 2292 1209 2329 Platonis
1260 2293 1458 2341 Gorgia,

116 2360 230 2397 quam
268 2348 419 2397 publico
469 2352 507 2386 et
544 2349 718 2385 sollemni
768 2348 935 2386 examini
985 2348 1179 2386 submittit
1217 2349 1252 2385 N
1264 2348 1275 2385 i
1288 2349 1430 2386 colau
1443 2364 1460 2386 s

117 2404 309 2453 Sybren
340 2405 604 2454 Sybrandi.
637 2406 806 2442 Harlem.
844 2408 959 2441 1829.
993 2408 1094 2441 8.—
1113 2407 1229 2453 Aug.
1261 2405 1458 2443 Ferdin.

116 2460 288 2497 Dahne
326 2461 384 2497 De
425 2461 617 2512 aliquibus
653 2461 824 2498 Platonis
861 2461 962 2497 locis.
1003 2461 1156 2510 Lipsiae
1189 2464 1305 2498 1829.
1338 2465 1373 2498 4.
1405 2484 1460 2489 —-

120 2516 164 2552 A.
206 2516 488 2554 Salomonis
528 2517 801 2565 Voegelini
843 2517 1125 2555 Adnotatio
1141 2531 1226 2555 nes
1266 2517 1316 2554 in
1355 2518 1459 2556 Pla-

118 2571 254 2608 tonis
302 2569 552 2620 Gorgiam,
612 2587 709 2624 quae
758 2574 924 2610 insertae
972 2578 1063 2611 suut
1108 2574 1216 2611 Actis
1266 2574 1459 2612 societatis

117 2628 283 2665 Graecae
295 2628 505 2677 Lipsiensis
516 2629 599 2666 Vol.
615 2631 645 2667 Ι.
659 2631 765 2667 Fasc.
778 2630 831 2665 II.
844 2643 877 2678 p.
893 2632 1122 2667 231—254.
1136 2652 1191 2656 —
1201 2631 1243 2667 B.
1265 2631 1295 2667 B
1308 2643 1327 2667 ο
1341 2630 1384 2666 ni
1399 2634 1415 2667 t
1425 2644 1457 2676 z,

117 2685 354 2721 Platoniseloe
385 2686 554 2722 Studien.
596 2687 709 2731 Wien,
741 2683 861 2722 1858.
895 2689 929 2722 8.
951 2686 1050 2732 mai„
1081 2686 1147 2724 ubi
1166 2687 1213 2723 de
1234 2691 1459 2734 argumento

118 2745 157 2778 et
185 2740 341 2777 consilio
371 2740 511 2789 dialogi
529 2755 565 2791 p.
590 2745 737 2779 3—41.
758 2746 868 2780 acute
897 2741 1246 2791 disputatur.—R.
1277 2743 1319 2780 B.
1349 2742 1458 2781 Hir-
