1687 2969
306 163 716 218 PHAEDRUS.
748 165 796 205 P.
832 167 911 206 ‘2234
945 174 983 206 ot
1019 167 1096 207 255)
1130 168 1192 208 St.
1353 170 1427 208 127

80 283 276 340 χαλινόν,
314 282 396 336 τήν
426 300 471 326 τε
507 282 756 340 κακηγόρον
781 284 982 333 γλῶτταν
1004 286 1075 325 καὶ
1111 284 1191 335 τὰς
1224 283 1431 340 γνάθους

80 348 312 411 καθῄμαξε
347 353 420 393 καὶ
458 348 511 392 τα
549 354 674 403 σκέλη
719 366 764 392 τε
813 352 885 391 καὶ
930 348 985 391 τὰ
1031 354 1144 406 ἰσχία
1191 350 1302 407 πρὸς
1350 351 1430 406 τὴν

80 420 162 472 γῆν
196 422 363 475 ἐρείσας
399 417 580 468 ὀδύναις
613 419 782 460 ἔδωκεν.
819 415 929 459 ὅταν
965 419 1009 459 δὲ
1038 416 1200 461 ταύτὸν
1222 419 1432 470 πολλάκις

77 484 257 541 πάσχων
289 484 315 538 ,ὁ
355 483 549 541 πονηρὸς
583 487 661 537 τῆς
694 482 859 540 ὕβρεως
878 483 994 545 λήξῃ,
1022 489 1316 537 ταπεινωθεὶς
1337 492 1431 531 ἕπε-

78 568 152 594 ται
187 550 270 604 ἤδη
306 555 357 612 τῇ
391 554 471 595 τοῦ
507 550 685 607 ἡνιόχου
730 555 942 607 προνοίᾳ,
991 553 1064 594 καὶ
1100 549 1213 595 ὅταν
1249 553 1316 614 ἰ’δῃ
1347 553 1428 597 τὸν

77 618 227 670 καλόν,
262 619 389 678 φόβῳ
427 618 663 662 διόλλυται.
695 618 799 668 ὥςτε
833 619 1054 675 ξυμβαίνει
1092 617 1186 662 τότ’
1228 617 1312 673 ’ἤὸη
1349 620 1429 675 τὴν

78 688 158 728 τοῦ
192 689 381 743 ἐραστοῦ
417 684 566 746 ψυχὴν
602 694 694 737 τοῖς
728 688 947 736 παιδικοῖς
975 688 1240 740 αἰδουμένην
1276 705 1320 731 τε
1356 692 1428 731 καὶ

78 755 325 797 δεδοικυῖαι]
357 756 562 796 ἕπεσθαι.

69 920 182 952 γθρον.

632 751 743 814 Cap.
766 750 1002 796 XXXVI.
1050 752 1127 797 ἅτε
1166 748 1245 797 οὖν
1281 757 1429 799 πᾶσαν

165 861 409 907 κακηγόρον
432 862 646 906 γλῶτταν]
674 863 723 896 lta
751 863 859 895 Bekk.
887 873 905 895 e
933 859 1139 894 AHDGT.

1191 863 1300 906 vulgo
1326 865 1427 906 κακή-

163 952 258 986 τότ’
286 953 366 995 ἤδη
395 955 473 996 τὴν
498 959 580 987 τοῦ
607 956 683 998 ἕο]
713 955 750 988 V.
777 955 856 986 ποτ’
885 954 969 995 ἤδη,
995 953 1085 995 quod
1118 964 1136 985 e
1164 953 1262 987 ssodl.
1288 956 1426 997 aliisque

74 1000 226 1042 plurimis
252 1001 484 1034 emendatum.

74 1056 124 1087 pr.
150 1046 232 1078 Ven.
260 1046 308 1077 ΙΙ.

74 1117 197 1154 τείνας,
223 1115 314 1157 quod
340 1116 421 1148 olim
452 1127 530 1149 cum
558 1116 717 1149 Bekkero

76 1162 303 1203 suscepimus.
352 1164 397 1194 At
423 1163 596 1195 enimvero
622 1160 718 1202 ἐγκύ-

73 1217 144 1249 ψας
167 1217 234 1239 non
261 1217 337 1240 cum
363 1207 424 1248 τὴν
454 1210 570 1251 κέρκον
595 1208 718 1240 cohae-

73 1257 145 1293 ret,
177 1252 238 1285 sed
272 1263 334 1296 per
370 1264 408 1286 se
439 1264 595 1286 seorsum
624 1254 718 1286 acci-

73 1298 233 1340 piendum
281 1303 355 1342 est,
412 1304 450 1332 ut
497 1304 590 1333 recte
638 1299 718 1332 fecit

73 1345 242 1378 Astius.

119 1411 162 1445 Ε.
208 1410 342 1457 ὥςπερ
378 1412 462 1446 α’πό
500 1412 719 1456 ὕσπληγος

72 1456 300 1491 ἄναπεσών
331 1461 397 1501 -]
443 1460 555 1493 Recte
588 1460 719 1493 Hein-

74 1503 275 1537 dorfius:
327 1507 455 1538 velut
499 1506 649 1538 statim
699 1517 719 1538 a

74 1550 336 1582 carceribus
387 1561 405 1583 r
423 1562 441 1583 e
459 1556 473 1583 t
489 1562 506 1583 r
527 1562 548 1583 o
595 1553 718 1584 rela-

72 1605 196 1638 psus:
237 1600 276 1627 ut
316 1595 400 1628 haec
431 1597 543 1628 verbis
586 1596 720 1629 ταύτὸν

73 1639 195 1677 πάθος
246 1642 373 1673 παθὼν
432 1642 719 1685 interpretationis

74 1687 182 1729 gratia
199 1686 331 1719 adiecta
348 1690 424 1719 sint.
473 1688 639 1730 Spectant
657 1699 717 1720 au-

74 1738 145 1765 tem
178 1732 261 1764 haec
293 1732 336 1765 ad
369 1734 607 1775 praecedentia
639 1735 714 1766 illa:

72 1779 196 1810 ’ἰδοῦσα
221 1779 256 1810 δὲ
280 1779 386 1811 ἔδεισέ
406 1791 442 1811 τε
467 1781 524 1811 καὶ
548 1784 717 1822 σεφθεῐσα

73 1823 283 1856 ἀνέπεσεν
307 1823 463 1866 ὑπτία,
491 1826 581 1867 quod
608 1827 715 1858 nemi-

72 1880 164 1911 nem,
179 1871 312 1912 opinor,
324 1871 471 1905 latuerit.
505 1872 556 1904 De
570 1870 716 1914 ὕσπληγι

42 1915 44 1917 ’
73 1926 248 1948 carcerum
261 1917 426 1959 repagulo
436 1927 466 1949 v.
485 1917 519 1949 H
532 1929 590 1950 em
604 1922 714 1950 ster-

71 1961 160 1996 hus.
199 1961 242 1994 ad
283 1962 425 1997 Lucian.
457 1963 548 1998 Tim.
581 1963 636 1997 20.
669 1983 713 1987 —

71 2007 177 2051 πρὸς
198 2006 278 2048 τὴν
301 2012 376 2050 γῆν
401 2010 591 2052 ἐρείσας,
621 2009 712 2051 quod

71 2063 176 2095 supra
187 2064 218 2095 p.
233 2053 312 2087 254.
331 2054 370 2087 C.
397 2054 572 2087 dicebatur
595 2057 651 2087 ἐπὶ
668 2055 710 2087 τὰ

71 2099 165 2139 ἰσχία
189 2098 290 2143 ἄμφω
307 2100 455 2131 καθίσαι
478 2100 523 2132 τὼ
549 2101 650 2134 ἵππω.
666 2120 711 2126 --

72 2143 252 2181 ὀδύναις
279 2146 446 2186 ἔδωκεν,
471 2151 509 2179 nt
535 2147 655 2181 Hom.
673 2147 710 2181 11.

71 2189 112 2224 V.
135 2189 220 2224 397:
244 2189 406 2236 ὄδιίνῃσιν
429 2192 558 2227 ἔδωκεν,
583 2193 711 2237 Odyss.

71 2235 174 2276 XIX,
216 2236 298 2270 167:
336 2236 473 2278 ἀχέεσσί
509 2251 544 2280 γε
584 2238 712 2275 δώσεις.

73 2283 161 2316 Piat.
182 2281 269 2324 Rep.
284 2282 342 2314 IX.
357 2294 389 2325 p.
402 2284 479 2318 574.
500 2285 546 2317 Ct
571 2285 714 2326 πληγαῖς

71 2328 205 2360 δοῦναι.
242 2328 285 2362 ib.
311 2328 400 2361 Vlll.
424 2340 456 2372 p.
478 2330 555 2364 566.
575 2331 614 2362 C.
640 2333 713 2361 θα-

69 2372 160 2414 νάτῳ
194 2372 342 2418 δίροται.
382 2384 415 2407 v.
446 2377 633 2409 Dorviil.
669 2376 712 2408 ad

74 2418 202 2451 Charit.
229 2429 261 2460 p.
287 2419 365 2453 561.
421 2421 478 2454 Sic
516 2422 616 2455 etiam
642 2422 713 2454 La-

70 2465 132 2497 tini
165 2464 312 2496 exitio
356 2465 477 2508 dare,
507 2469 605 2505 {leto
645 2468 713 2500 da-

70 2521 133 2551 re,
157 2510 200 2544 al.

114 2579 158 2611 P.
186 2577 265 2611 255.

71 2624 320 2666 θεραπείαν
351 2643 395 2647 -
424 2626 483 2662 εἷς
507 2625 708 2670 ὁμιλίαν]

71 2669 288 2712 Turpissimo
321 2670 529 2711 glossemate
563 2674 707 2715 expulso

69 2715 175 2747 totius
210 2715 275 2749 loci
312 2715 480 2749 sententia
521 2717 603 2751 haec
635 2722 707 2751 est:

71 2760 204 2794 Quum
245 2759 385 2800 igitur
426 2763 536 2795 omni
580 2764 707 2796 cultu

327 2576 402 2610 ἅτε
448 2576 524 2614 οὖν
570 2585 710 2613 πᾶσαν

534 1002 719 1035 Praeterea
745 1001 840 1044 φόβῳ
866 1000 975 1033 ὃιολλ.
1000 999 1098 1031 Bodl.
1126 1000 1202 1033 Vat.
1230 1000 1309 1035 Par.
1335 1003 1365 1033 G
1393 1008 1428 1034 et

787 1121 992 1156 tanquam
1026 1113 1130 1145 deus
1161 1115 1324 1157 aliquis
1360 1127 1429 1149 co-

787 1162 905 1193 latur
936 1161 985 1192 ab
1018 1164 1234 1201 amatore,
1268 1171 1348 1194 non
1373 1164 1428 1195 si-

788 1208 986 1239 mulante
1019 1216 1223 1247 amorem,
1256 1207 1327 1239 sed
1365 1218 1430 1240 re-

787 1263 889 1285 vera
914 1253 993 1284 ilio
1019 1251 1206 1292 affecto,
1240 1253 1429 1295 ipseque

786 1303 951 1330 natura
974 1297 1141 1330 amicus
1176 1299 1233 1330 sit
1263 1300 1427 1332 cultori

789 1345 876 1386 (nam
895 1348 1039 1385 uterque
1058 1342 1165 1375 eidem
1179 1343 1244 1376 deo
1263 1349 1316 1377 est
1331 1346 1428 1386 quasi

789 1390 1007 1432 dedicatus);
1057 1390 1230 1421 etiamsi
1278 1391 1326 1423 fo
1346 1396 1426 1424 rte

788 1436 1031 1478 superiore
1059 1439 1258 1477 tempore
1283 1447 1304 1469 a
1330 1447 1428 1470 con-

788 1481 1025 1524 discipulis
1060 1485 1100 1513 et
1124 1482 1226 1513 aliis
1251 1483 1428 1524 quibus-

788 1527 949 1560 damin
981 1527 1045 1560 rei
1077 1526 1221 1560 odium
1256 1533 1297 1561 et
1327 1529 1428 1562 invi-

788 1574 896 1606 diam
931 1573 1148 1605 adductus
1186 1573 1338 1615 fuerit,
1364 1575 1425 1608 di-

788 1619 1056 1651 ctitantibus
1083 1619 1242 1650 amanti
1269 1630 1424 1662 appro-

787 1665 1003 1707 pinquare
1029 1669 1156 1705 turpe
1175 1675 1242 1696 ess
1257 1676 1286 1705 e,
1307 1665 1425 1698 ideo-

785 1721 866 1751 que
918 1714 1153 1742 amatorem
1204 1711 1420 1753 repudiet,

783 1761 924 1788 tamen
973 1761 1170 1797 tempore
1207 1756 1286 1789 iam
1334 1768 1424 1799 pro-

785 1802 968 1834 cedente
994 1806 1079 1833 tum
1106 1803 1269 1834 aetatis
1295 1804 1425 1835 robur

784 1853 866 1880 tum
902 1848 1154 1880 necessitas
1187 1858 1277 1881 eum
1317 1850 1425 1881 illuc

783 1893 1050 1935 perducunt,
1083 1898 1126 1925 ut
1150 1893 1285 1936 ipsum
1312 1896 1424 1937 (ama-

782 1940 911 1980 torem)
955 1939 1005 1971 ad
1053 1949 1170 1971 suam
1210 1940 1426 1973 admittat

780 1985 1155 2018 consuetudinem.
1201 1985 1335 2020 Quibus
1362 1998 1426 2029 po-

779 2033 917 2064 stremis
951 2031 1038 2063 haud
1071 2033 1140 2064 scio
1173 2043 1215 2064 an
1250 2033 1354 2064 verba
1379 2032 1425 2069 εἰς

779 2075 911 2109 ταύτόν
935 2077 1009 2119 ἄγει
1034 2076 1096 2117 τὴν
1120 2078 1234 2119 φιλίαν
1256 2078 1424 2119 iuterpre-

778 2124 916 2156 tationis
945 2123 1052 2164 gratia
1077 2123 1250 2166 adscripta
1284 2123 1422 2158 fuerint.

777 2169 865 2202 Nihil
890 2179 972 2200 vero
997 2170 1065 2200 iam
1092 2170 1124 2200 iu
1150 2168 1199 2200 his
1224 2169 1336 2201 inesse
1360 2179 1424 2212 pu-

779 2221 910 2255 tamus,
948 2214 1041 2255 quod
1073 2215 1141 2246 uilo
1177 2214 1281 2247 modo
1313 2216 1424 2248 mole-

779 2266 871 2293 stum
903 2259 1047 2292 accidat.
1102 2259 1189 2292 Nam
1219 2260 1310 2301 quod
1342 2266 1424 2303 post

779 2306 835 2338 ἐὰν
860 2306 927 2349 ἄρα
951 2305 1007 2336 καὶ
1031 2305 1062 2336 in
1088 2305 1232 2347 apodosi
1258 2306 1297 2338 ὸέ
1318 2306 1423 2339 infer-

779 2358 858 2393 tur,
885 2352 928 2383 de
954 2361 995 2382 eo
1021 2350 1096 2383 vide
1123 2352 1422 2385 Herniannum

780 2398 822 2430 ad
851 2397 965 2439 Viger.
991 2407 1023 2438 p.
1040 2396 1107 2430 846
1128 2408 1179 2439 sq.
1204 2403 1317 2430 annot.
1343 2398 1422 2432 544.

779 2442 995 2476 Herodot.
1021 2442 1094 2484 Vll,
1116 2442 1189 2477 103.
1214 2444 1242 2474 εἰ
1265 2443 1331 2487 γὰρ
1355 2447 1422 2476 κεί-

779 2501 843 2520 νων
875 2487 1013 2523 &namne
1043 2488 1121 2520 δέκα
1152 2488 1283 2531 ἀνδρῶν
1316 2489 1421 2522 ἄντά-

777 2533 849 2572 ξιός
871 2535 963 2574 ἔστι,
995 2535 1031 2566 σε’
1061 2535 1101 2566 δέ
1120 2548 1160 2577 γε
1184 2535 1296 2577 δίζημι
1321 2537 1423 2568 εἴκοσι

777 2581 866 2612 εἶπαι
889 2578 1057 2614 ἀντάξιον.
1076 2599 1121 2603 —
1151 2580 1423 2623 Διαβάλλεσθαί

778 2639 844 2657 τινι
869 2636 950 2657 vero
977 2625 1018 2656 ad
1044 2625 1221 2661 Phaedon.
1245 2638 1276 2669 p.
1295 2627 1349 2661 67.
1375 2627 1416 2661 E.

776 2671 1028 2704 illustravimus.
1062 2671 1151 2704 Male
1170 2673 1258 2705 enim
1284 2673 1417 2706 Hein-

778 2717 950 2749 dorfius
969 2717 1092 2758 aliique
1108 2717 1172 2750 hoc
1195 2719 1270 2750 loco
1292 2716 1416 2751 dece-

777 2768 890 2804 ptum
919 2772 1012 2794 esse
1036 2763 1311 2805 interpretantur.
