1687 2969
412 118 827 191 PHAEDRUS.
861 150 909 190 P.
944 154 1023 192 255
1056 152 1121 195 st.

1364 156 1442 196 129

90 266 271 320 πλήττει
306 264 385 310 τὸν
420 265 666 322 ἐρώμενον,
701 269 1108 322 διαισθανόμενοι),
1153 267 1223 313 ὅτι
1262 270 1357 315 οὐδ’
1403 276 1445 316 οἱ·

91 331 336 389 ξύμπαντες
378 330 508 376 ἄλλοι
551 336 672 392 ᾳίλοι
717 351 762 377 τε
809 336 882 377 καὶ
917 339 1067 378 οἰκεῖοι
1099 346 1263 393 μοῖραν
1296 341 1447 398 φιλίας

92 399 302 456 οὐδεμίαν
344 405 614 458 παρέχονται
661 400 773 458 πρὸς
817 398 898 444 τὸν
940 405 1104 445 ἔνθεον
1148 407 1294 463 φίλον.
1327 403 1440 449 ὅταν

91 471 135 511 δὲ
169 469 349 528 χρονίζη
386 470 519 511 τοῦτο
557 469 671 524 δρῶν
705 470 779 511 καὶ
814 469 1030 530 πλησιάζῃ
1067 487 1177 525 μετα
1206 475 1286 515 τοῦ
1309 471 1443 516 ἄπτε-

93 537 212 578 σθαι
248 539 292 579 ἕν
328 551 371 577 τε
401 538 657 590 γυμνασίοις
703 538 778 578 καὶ
821 541 867 578 ὲν
913 545 1010 587 ταῖς
1051 534 1206 588 α2λειις
1241 537 1442 595 οιιιλιάις,
1472 566 1508 607 C

90 619 168 646 ΐΟΐ

235 598 316 654 ἤδη
364 599 389 654 ἡ
439 604 517 645 τοῦ
562 600 780 659 ῥεύματος
825 607 990 647 ἐκείνου
1026 622 1164 658 amn,
1203 603 1256 649 ὃν
1290 611 1441 663 ὶμερον

87 667 197 719 Ζευς
244 667 537 724 Γανυμήδους
588 671 698 724 ἐρῶν
749 667 971 726 ὠνόμασε,
1023 670 1167 725 πο2λη

1223 680 1442 732 φερομένη

89 734 201 792 πρὸς
233 733 313 779 τὸν
350 734 565 792 ἐραστήν,
601 734 628 788 ὴ
666 739 746 792 μὲν
783 742 842 787 εἰς
876 735 1017 782 αὐτὸν
1050 741 1145 789 ἔδυ,
1184 737 1211 793 ἡ
1247 739 1285 783 δ’
1325 740 1442 785 ἀπο-

86 807 379 858 μεστουμένου
414 803 488 856 ἔξω
524 802 736 861 ἀποῤῥεῖ·

774 808 846 847 καὶ
879 804 976 849 οἷον
1012 808 1184 862 πνεῦμα
1219 803 1334 860 ἣτις
1350 807 1439 864 ἠχώ

88 868 178 913 ἀπὸ
215 873 338 913 2είων
374 887 419 913 τε
453 873 525 914 καὶ
567 874 752 927 στερεῶν
786 870 1005 928 ἁ22ομένη
1039 873 1173 917 πάλιν
1206 873 1323 918 ὅθεν
1358 874 1442 933 ὡρ-

87 935 222 992 μήθη
265 942 465 997 φέρεται,
513 935 628 981 οὕτω
674 937 724 982 τὸ
772 941 852 982 τοῦ
898 940 1086 992 κάλ2ους
1129 940 1269 999 ῥεῦμα
1304 942 1441 986 πάλιν

91 1022 151 1055 εις
186 1002 266 1048 τὸν
299 1002 439 1048 καλὸν
474 1002 545 1048 δια
582 1006 670 1048 τῶν
707 1005 916 1062 ὸμιιάτων
951 1007 1040 1059 ἱόν,

1086 1002 1111 1068 «ᾗ
1147 1013 1336 1068 πέφυκεν
1371 1014 1441 1054 ἐπὶ

181 1138 240 1174 εἰς
267 1136 311 1169 τὰ
340 1138 603 1181 προςὲσθαι]
643 1137 680 1170 V
708 1139 894 1179 ποοέοθαι
918 1138 1008 1179 quod
1034 1138 1217 1171 Heindorf.
1242 1140 1439 1173 mutandum

88 1182 179 1215 vidit.
230 1182 329 1215 Multi
362 1184 438 1216 libri
467 1182 696 1227 πορεύεσθαι.

748 1183 840 1214 Unus
865 1184 900 1214 Γ
921 1186 1130 1226 προσέσθαι.
1156 1184 1249 1217 Flor.
1275 1186 1296 1218 i.
1319 1191 1439 1229 προςέ·

87 1240 187 1261 azau.-
209 1228 298 1261 unde
321 1232 460 1272 recepta
485 1230 589 1262 lectio
618 1229 845 1262 confirmatur.

183 1274 220 1309 Β.
268 1273 339 1306 καὶ
371 1274 507 1318 λόγον
538 1287 580 1306 τε
612 1275 681 1305 καὶ
714 1273 800 1316 ὀμ]
832 1286 868 1305 τε
904 1284 973 1306 om.
1001 1274 1101 1308 Bodl.
1128 1273 1440 1310 AHDEFGNO

88 1319 170 1353 PT.
217 1320 396 1353 Noluimus
419 1321 575 1353 voculam
600 1320 767 1361 abiicere,
795 1330 815 1352 a
839 1320 981 1360 criticis,
1007 1324 1044 1352 ut
1068 1320 1219 1363 videtur,
1245 1322 1324 1356 ideo
1350 1323 1441 1356 dele-

89 1371 174 1407 tam,
200 1366 281 1408 quia
305 1367 375 1398 καὶ
401 1365 504 1408 λόγον
529 1378 573 1398 τε
598 1367 746 1399 moleste
770 1365 934 1398 ferebant.

177 1411 285 1456 μετὰ
312 1416 393 1444 τοῦ
419 1411 669 1454 ἅπτεσθαι]
705 1411 805 1444 Bodl.
831 1417 866 1444 et
893 1413 991 1445 multi
1015 1413 1068 1444 alii
1094 1413 1179 1454 μετὰ
1204 1418 1312 1446 τοῦτο
1337 1413 1442 1446 ἅπτε-

86 1460 186 1490 σθαι.

236 1457 321 1490 Dein
347 1458 380 1488 ἐν
404 1463 482 1491 ante
507 1462 580 1495 ταῖς
604 1458 722 1495 ἄλλαις
747 1457 884 1491 Hirscln.
910 1459 984 1491 sine
1012 1469 1135 1491 caussa
1161 1462 1314 1494 extrusit.

180 1503 221 1535 C.
269 1504 339 1538 ἔξω
366 1502 570 1546 ἆποῤῥεῖ]
596 1503 719 1545 ἀπορεῖ
742 1503 842 1535 Bodl.

178 1547 392 1591 ἁλλομένη
422 1549 575 1592 πάλιν]

87 1605 120 1634 β.
146 1593 176 1626 h.
202 1596 239 1626 θ.
275 1594 443 1629 Vindobb.
479 1596 505 1628 1.
540 1595 571 1629 3.
606 1595 637 1630 4.

615 1550 652 1584 V,
678 1549 855 1591 ἀλωμένη,
882 1549 974 1591 quod
1002 1560 1020 1581 e
1048 1550 1147 1584 Bodl.
1173 1550 1265 1583 Flor.
1293 1561 1323 1583 a.
1350 1551 1381 1584 b.
1411 1562 1441 1584 c.

671 1594 702 1629 6.
728 1596 759 1628 7.
783 1608 817 1628 ιι.
842 1596 883 1627 al.
920 1600 955 1627 et
989 1595 1115 1628 Euseb.
1152 1597 1275 1637 Praep.
1310 1596 1440 1639 Evang,

87 1639 179 1674 Xlll.
203 1639 259 1674 20.
284 1651 316 1682 p.
341 1640 420 1675 709.
446 1641 485 1675 C.
512 1641 742 1681 emendatum,
768 1641 823 1681 qui
848 1641 970 1682 partim
992 1640 1160 1684 ἀλλομένη
1186 1642 1349 1673 scribunt.

136 1730 243 1762 ὅταν
266 1731 309 1763 δὲ
331 1731 513 1775 χρονίζῃ
544 1733 608 1775 —-]
640 1732 731 1764 Sub-

88 1778 236 1817 iectum,
267 1777 358 1819 quod
384 1783 527 1818 vocant,
560 1787 627 1809 non
653 1789 731 1810 esse

89 1827 298 1863 amatorem,
335 1823 396 1856 sed
437 1828 608 1864 amatum,
647 1824 732 1855 satis

89 1869 215 1901 docent
229 1878 319 1910 quae
334 1874 541 1911 sequuntur:
566 1869 622 1900 καὶ
646 1870 731 1910 πλη-

87 1913 187 1959 υιοὶζῃ
217 1913 303 1956 μετὰ
347 1917 411 1947 τοῦ
451 1913 650 1955 ἅπτεσθαι,
699 1920 733 1947 et

89 1962 258 2003 φερομένη
292 1959 382 2004 πρὸς
416 1960 493 1992 τὸν
529 1960 734 2002 ἐραστήν.

90 2006 260 2040 Quocirca
293 2007 448 2039 Astius
490 2007 599 2039 minus
639 2012 734 2040 recte

91 2051 212 2084 statuit
248 2055 353 2084 τοῦτο
393 2053 480 2095 δρῶν
518 2051 644 2085 ⁴referri
691 2052 733 2086 ad

91 2099 268 2140 superiora
298 2098 356 2130 illa
387 2096 537 2141 ἐγγύθεν
570 2096 587 2139 ἡ
621 2099 734 2130 εὔνοια

90 2144 269 2186 γιγνομένη
301 2147 336 2176 et
368 2145 485 2186 φιλίαν
516 2147 734 2187 παρέχονται,

91 2198 192 2230 quum
208 2189 414 2232 intelligatur
430 2191 545 2247 potius
570 2190 608 2221 τὸ
633 2202 735 2234 προς-

92 2237 197 2266 ἑσθαι
235 2233 346 2268 αὐτὸν
384 2249 440 2266 και
479 2235 581 2277 λόγοι
613 2247 649 2267 τε
682 2236 740 2267 καὶ

94 2279 176 2322 ομι2
181 2281 234 2310 ίαν
253 2281 432 2322 δέξασθαι,
458 2286 495 2313 ut
519 2282 583 2314 iam
609 2282 741 2314 Hein-

96 2325 208 2358 dorf.
232 2329 268 2357 et
292 2326 643 2360 Schleiermacli.
669 2327 740 2360 ani-

97 2370 361 2406 madverterunt.
379 2373 540 2406 Ceterum
561 2372 603 2406 de
623 2383 741 2406 amore

97 2416 369 2450 adolescentium
393 2419 427 2450 in
456 2420 638 2461 gymnasiis
663 2424 741 2452 orto

97 2473 130 2494 x.
96 2461 366 2550 p.pSympos
371 2463 471 2498 ,409.
493 2465 531 2497 C.
557 2468 592 2497 et
609 2465 741 2507 Theag.

121 2505 229 2540 234.
258 2507 296 2538 C

96 2520 181 2585 p.C
230 2549 740 2599 υνὶἰιερον-ὠνόιιιισε]

97 2598 229 2641 Lepide
256 2599 381 2640 iupiter
408 2600 491 2640 ipse,
518 2603 644 2634 amoris
667 2601 741 2659 phi-

95 2643 232 2686 losoplii
257 2648 391 2684 auctor,
417 2646 553 2686 fingitur
577 2651 641 2679 τοῦ
667 2648 744 2689 ἱμέ-

99 2703 160 2735 ρου
186 2699 308 2722 nomen
326 2692 494 2732 posuisse,
520 2692 561 2724 de
587 2703 656 2734 qno
684 2703 742 2724 su-

99 2747 161 2778 pra
187 2746 220 2777 p.
237 2735 315 2770 251.
338 2735 376 2767 C.
427 2735 568 2770 Quod
557 2751 602 2770 ον
626 2738 745 2782 ἵμερον

154 2793 241 2824 Plat.
269 2792 356 2834 Opp.
385 2793 460 2827 νου.
486 2793 544 2825 1v.
573 2794 611 2827 P.
641 2795 667 2829 1.

798 1732 927 1764 dictum
964 1739 1036 1772 est,
1069 1736 1268 1773 pronomine
1299 1733 1441 1765 relativo

798 1778 953 1819 sequenti
995 1779 1121 1810 nomini
1162 1778 1442 1817 accommodato,

800 1824 843 1857 de
877 1834 918 1856 eo
950 1823 1017 1856 iam
1049 1825 1129 1856 olim
1164 1823 1311 1856 conferri
1341 1824 1444 1856 iussi-

800 1880 875 1902 mus
901 1869 1184 1902 Scbaeferum
1211 1870 1255 1902 ad
1273 1870 1384 1913 Viger.
1410 1881 1443 1912 p.

800 1916 878 1950 703.
908 1915 1076 1956 Epimetr.
1102 1915 1143 1948 ad
1161 1916 1333 1959 Aristoph.
1352 1917 1444 1949 Plut.

800 1973 833 2005 p.
857 1961 967 1994 XLV.
1016 1961 1131 1994 Hodie
1156 1961 1263 1995 addes
1288 1972 1376 2004 quae
1402 1961 1446 1994 de

801 2009 863 2040 bac
897 2007 1058 2048 loquendi
1099 2007 1227 2049 forma,
1266 2009 1444 2049 utriusque

799 2055 937 2095 linguae
986 2053 1208 2095 scriptoribus
1259 2053 1445 2093 communi,

801 2099 970 2131 subtiliter
983 2098 1141 2131 disseruit
1154 2099 1198 2132 G.
1212 2099 1254 2133 T.
1273 2103 1312 2133 Α.
1339 2099 1369 2131 Κ
1380 2109 1396 2131 ι·
1407 2101 1447 2129 ᾶ-

800 2155 876 2188 get
900 2145 950 2176 De
966 2145 1179 2176 Attractione
1198 2145 1351 2187 Linguae
1371 2145 1447 2178 Lat,

800 2203 833 2234 p.
862 2188 925 2223 122
950 2200 1022 2231 sqq.
1049 2192 1080 2230 ἓ.
1105 2189 1160 2223 53.

848 2235 1000 2267 τὸτοῦ
1024 2234 1210 2272 κάλλους
1243 2234 1379 2278 ῥεῦμα
1404 2253 1448 2258 —-

804 2281 869 2313 διὰ
907 2284 985 2312 τῶν
1017 2279 1223 2322 ὄμμάτων
1263 2280 1353 2321 ἰόν]
1396 2281 1448 2313 De

807 2326 1045 2370 pulcritudinis
1065 2326 1201 2358 effluvio
1230 2325 1392 2369 (κάλλους
1405 2325 1446 2358 α’·-

806 2373 954 2413 πορῥοῇ)
967 2382 998 2405 v.
1023 2371 1218 2413 Aeschyl.
1239 2371 1450 2415 Agam.419.

808 2417 1014 2459 Soplnocl.
1050 2418 1161 2459 Antig.
1187 2417 1264 2451 795.
1301 2419 1449 2461 Eurip.

808 2464 989 2507 Hippolyt.
1009 2462 1086 2498 527.
1107 2464 1221 2505 ibique
1248 2464 1378 2498 Valck
1390 2474 1447 2499 en.

809 2521 840 2551 p.
866 2508 946 2542 224.
996 2508 1080 2541 Mox
1111 2509 1204 2551 quod
1238 2512 1340 2553 vulgo
1365 2510 1451 2542 scri-

809 2556 954 2587 bebatur
979 2553 1202 2597 ἀφικόμενον,
1226 2555 1280 2587 καὶ
1304 2555 1452 2587 ἀναπτε-

810 2605 920 2642 ρῶσαν
955 2599 1018 2636 τὰς
1056 2600 1215 2642 διόδους,
1256 2601 1289 2634 id
1322 2601 1452 2634 Hein-

811 2645 1005 2678 dorfium
1039 2646 1071 2679 iu
1098 2657 1174 2680 eum
1200 2646 1333 2680 induxit
1358 2657 1455 2679 erro-

811 2702 909 2732 rem,
947 2695 985 2723 ut
1021 2691 1284 2735 ἅναητερῶσαν,
1325 2693 1455 2734 quippe.

812 2737 1029 2769 incommode
1065 2748 1175 2779 neque
1198 2739 1324 2771 usitato
1349 2738 1454 2778 signi-

1161 2795 1185 2832 9
