1687 2969
449 161 692 199 GORGIAS.
724 162 767 198 P.
800 164 892 201 482.
925 165 1017 199 483.
1048 163 1105 200 ed.
1139 163 1194 200 St.
1427 164 1501 200 197

150 272 276 309 θειαν
304 269 493 320 διώκειν,
537 270 563 309 ἃ
602 269 728 321 φύσει
765 268 842 322 μὲν
882 270 961 310 οὐκ
992 268 1076 310 ἔστι
1115 271 1248 319 καλά,
1288 273 1406 324 νόμῳ
1444 270 1503 312 δέ.

154 334 210 381 ὡς
250 333 300 374 τὰ
341 333 476 375 πολλὰ
516 333 560 375 δὲ
599 341 731 375 ταῦτα
771 332 940 374 ἐναντία
983 335 1178 388 αλλήλοις
1216 334 1352 384 ἐστίν,
1396 336 1422 389 ἥ
1461 350 1503 376 τε

156 399 285 451 φύσις
313 397 380 440 καὶ
411 398 434 439 ὁ
463 399 606 451 νόμος.
649 398 723 440 ἐὰν
753 395 832 440 οὖν
860 414 922 447 τις
951 400 1200 453 αἰσχύνηται
1231 400 1301 442 καὶ
1328 400 1384 454 μὴ
1413 404 1503 441 τολ-

151 468 209 517 μᾷ
238 463 375 516 λέγειν
403 464 509 516 ἅπερ
538 468 650 512 νοεῖ,
692 464 972 517 ἀναγκάζεται
1009 463 1178 505 ἐναντία
1207 465 1354 518 λέγειν.
1395 464 1515 523 (ξδὴ

120 529 220 570 καὶ
258 528 312 569 σὺ
349 535 475 570 τοῦτο
525 530 572 570 τὸ
612 531 753 582 σοφὸν
802 530 1123 583 κατανενοηκὼς
1165 534 1417 583 κακουργεῖς
1457 529 1503 571 ἐν

149 597 238 642 τοῖς
266 595 428 647 λόγοις,
471 592 545 635 ἐὰν
577 593 655 645 μέν
684 610 744 642 τις
774 594 879 635 κατὰ
908 596 1043 647 νόμον
1073 595 1194 649 λέγῃ,
1234 596 1341 636 κατὰ
1371 597 1503 647 φύσιν

96 679 123 686 «κ
149 659 390 711 &moretoin
421 658 495 700 ἐὰν
523 659 566 700 δὲ
594 659 645 700 τὰ
673 666 747 713 τῆς
775 660 957 711 φύσεωςἾ
987 660 1038 701 τὰ
1066 665 1144 701 τοῦ
1173 661 1324 714 νόμου.
1366 660 1502 712 ὥςπερ

150 725 301 765 αὐτίκα
339 723 384 765 ἐν
421 725 613 773 τούτοις,
661 727 719 780 τῷ
760 725 922 766 ἀδικεῖν
959 739 1001 765 τε
1042 725 1110 766 καὶ
1149 730 1206 778 τῷ
1247 727 1500 775 ἀδικεῖσθαι,

156 790 313 830 Πώλου
341 789 389 830 τὸ
418 788 524 830 κατὰ
552 791 689 841 νόμον
718 790 884 843 αἴσχιον
913 789 1136 842 λέγοντος,
1180 790 1233 831 σὺ
1261 792 1337 831 τὸν
1365 792 1501 844 νόμον

125 853 376 910 ξέδιώκαθες
403 854 509 896 κατὰ
528 855 674 907 φύσιν.
705 857 827 908 φύσει
859 854 936 909 μὲν
956 855 1037 908 γὰρ
1062 862 1149 896 παν
1180 855 1344 909 αἴσχιόν
1375 855 1501 898 ἐστιν,

148 972 326 1027 omisimus
356 985 434 1027 cuni
466 995 582 1028 Clark.
614 996 690 1027 Vat.
727 995 832 1027 Coisl.
858 995 959 1027 Vind.
993 995 1023 1027 1.
1055 996 1085 1028 6.
1117 997 1193 1028 Par.
1230 975 1500 1028 BCEF'IVW.

148 1040 240 1073 Flor.
264 1052 294 1072 a.
320 1039 352 1072 b.
377 1051 406 1072 c.
431 1040 464 1072 d.
496 1041 522 1072 f.
550 1052 593 1072 m.
626 1051 655 1071 0.
689 1052 716 1072 s.
740 1041 837 1072 Bodl.
892 1042 930 1072 In
964 1042 1053 1072 Flor.
1080 1053 1112 1073 x.
1146 1042 1290 1073 articulo
1322 1042 1502 1083 utrobique

153 1085 266 1119 addito
291 1086 418 1129 legitur
443 1085 481 1118 τὰ
505 1084 586 1118 κατὰ
615 1084 723 1124 νόμον
747 1086 836 1128 λέγῃ,
865 1084 900 1117 τὰ
926 1086 1008 1118 κατὰ
1034 1086 1116 1126 [prio.
1148 1084 1200 1118 ὑπ.

216 1177 399 1217 αἴσχιον
423 1175 648 1219 λέγοντος,
677 1174 726 1207 σὺ
752 1173 822 1207 τὸν
850 1175 999 1218 νόμον]
1038 1177 1134 1208 Haec
1157 1175 1263 1207 verba
1295 1187 1359 1207 om.
1386 1176 1501 1208 Clark.

150 1222 227 1253 Vat.
253 1221 355 1253 Vind.
392 1220 423 1253 1.
455 1221 486 1254 6.
543 1222 678 1254 Desunt
710 1232 821 1252 errore
854 1233 896 1253 ex
928 1219 1174 1263 dpozozekezizq)
1205 1222 1366 1263 profecto.
1413 1222 1502 1252 Dein

149 1264 230 1298 κατὰ
258 1264 368 1306 φύσιν
392 1270 469 1308 post
494 1265 687 1300 ἑδιιόκαθες
712 1270 792 1298 vett.
817 1266 910 1298 editt.
935 1267 1125 1309 negligunt.
1169 1268 1273 1298 Recte
1296 1266 1383 1297 illud
1407 1270 1502 1297 tuen-

148 1316 202 1343 tur
226 1311 341 1343 Clark.
368 1312 445 1344 Vat.
469 1313 554 1343 Ven.
583 1312 622 1343 Σ.
648 1312 749 1343 Vind.
776 1311 805 1343 1.
830 1310 861 1344 2.
886 1311 918 1344 6.
944 1311 972 1344 7.
1010 1313 1100 1353 Aug.
1124 1312 1222 1345 Bodl.
1247 1313 1387 1345 Meerm.
1411 1311 1502 1343 Flor.

147 1368 177 1389 a.
202 1368 235 1389 x.
260 1360 294 1388 et
318 1358 475 1389 Cornarii
499 1358 722 1390 Hassensten.
770 1358 809 1388 In
842 1359 917 1389 Par.
944 1358 1021 1389 FV.
1053 1368 1102 1399 pr.
1136 1357 1260 1389 desunt
1291 1359 1397 1389 verba
1422 1355 1501 1388 Παί-

147 1403 208 1434 λου
234 1421 276 1425 -
303 1400 507 1435 ἑδιίόκαθες.

862 1526 895 1556 id
921 1526 1010 1566 quod
1031 1526 1099 1556 iani
1116 1526 1335 1558 Routhius
1360 1527 1502 1559 monuit.

863 1572 981 1611 Neque
1012 1570 1193 1601 obscurum
1231 1575 1283 1602 cst
1314 1572 1501 1613 sophistam

148 1527 401 1559 constructione
431 1536 463 1558 v·
488 1525 718 1558 Heindorf.
750 1525 793 1557 ad

148 1572 180 1603 h.
214 1572 236 1603 1.
266 1571 309 1603 ad
344 1571 472 1613 Cratyl.
506 1582 538 1613 p.
571 1570 624 1604 97.
658 1572 792 1602 Parme<

150 1617 219 1648 nid.
243 1627 275 1658 p.
299 1615 377 1649 226.
402 1617 577 1658 Protagor.
603 1627 633 1657 p.
659 1615 735 1648 579.
761 1620 794 1647 et

863 1617 993 1647 Socrati
1020 1615 1169 1647 tribuere
1193 1626 1291 1647 Suam
1318 1617 1426 1658 ipsius
1452 1627 1504 1647 ar-

147 1664 183 1694 M
194 1673 214 1694 a
223 1666 236 1693 t
245 1666 259 1692 t
269 1662 301 1696 h.
328 1662 385 1693 Gr.
411 1663 440 1700 §.
466 1660 543 1694 476.
588 1662 649 1693 Est
674 1664 788 1692 autem

150 1705 290 1748 σοφόν
353 1706 519 1739 callide
575 1710 616 1738 et
674 1711 789 1737 astu-

147 1757 185 1784 te
234 1753 483 1791 inventum,
532 1751 695 1783 callide
741 1762 788 1783 ao

148 1799 261 1830 scite
308 1798 612 1840 excogitatum
626 1821 633 1835 ,
687 1797 789 1828 sicuti

148 1842 234 1874 alibi
282 1840 433 1882 σόφισμα
475 1845 527 1874 est
573 1853 591 1874 c
605 1853 624 1873 a
634 1841 685 1873 lli
695 1842 715 1873 d
724 1853 746 1873 u
755 1853 788 1872 m

149 1888 401 1920 artificium
418 1912 426 1926 ,
464 1891 651 1919 astutum
683 1887 788 1918 faci-

148 1944 170 1964 n
183 1944 206 1965 u
216 1944 231 1965 s
248 1933 304 1965 vel
329 1944 347 1965 c
358 1944 376 1965 o
385 1944 406 1964 n
415 1933 451 1964 si
461 1932 471 1963 l
481 1933 523 1963 iu
532 1943 574 1963 m.
602 1943 632 1963 v.
642 1933 787 1974 interpp.

148 1977 192 2010 ad
222 1977 375 2019 Euripid.
411 1977 545 2009 Hecub.
579 1988 610 2009 v.
643 1976 720 2010 256.
746 1996 785 2000 »-

149 2035 280 2055 κακου
295 2027 420 2065 ργεῖν
445 2021 491 2053 ὲν
513 2027 598 2055 τοῖς
624 2021 786 2065 λόγοις,

147 2070 188 2099 in
233 2067 498 2109 disputando
540 2067 787 2099 fallacibus

147 2117 188 2145 et
251 2112 475 2155 captiosis
532 2113 788 2144 rationibus

148 2159 224 2190 uti.
271 2169 303 2190 v.
350 2158 395 2189 W
403 2168 421 2189 o
431 2157 443 2189 l
452 2157 474 2188 f.
523 2156 565 2188 ad
612 2157 788 2189 Demosth.

147 2203 281 2245 Leptin,
307 2213 338 2244 p.
354 2201 430 2235 334.
456 2201 547 2233 Idem
570 2203 789 2243 opprobrium

147 2249 280 2280 Socrati
296 2248 416 2280 obiicit
434 2247 714 2288 Thrasymachus
736 2248 788 2277 De

148 2294 293 2335 Republ.
318 2304 349 2334 p.
375 2291 451 2325 338.
478 2293 520 2325 D
547 2291 625 2325 coll
652 2290 728 2325 341.
748 2292 787 2324 A.

148 2339 200 2370 De
232 2338 431 2370 discrimine
464 2348 484 2369 a
509 2336 671 2378 sophistis
701 2337 790 2367 inter

149 2381 182 2415 τὸ
191 2396 208 2414 1
235 2395 253 2413 1
256 2381 341 2421 όμον
370 2386 404 2414 et
436 2381 496 2424 τὴν
523 2393 547 2421 φ
557 2380 573 2413 ὑ
579 2392 633 2413 σιν
665 2382 790 2414 consti-

148 2432 220 2459 tuto
244 2439 275 2461 v.
302 2427 345 2458 ad
359 2427 488 2469 Cratyl.
506 2428 550 2458 Pr
554 2427 663 2469 olegg.
689 2437 719 2468 p.
734 2425 788 2459 23.

150 2473 308 2504 Ceterum
339 2473 431 2503 hunc
462 2471 599 2503 modum
632 2472 736 2503 adver
739 2482 790 2502 sa-

147 2518 236 2549 rium
275 2518 312 2548 in
340 2517 546 2558 disputando
586 2516 790 2559 decipiendi,

149 2573 216 2604 quo
256 2562 421 2594 Callicles
465 2562 642 2594 Socratem
689 2573 789 2593 usum

147 2618 222 2640 esse
264 2608 415 2648 queritur
423 2631 430 2645 ‚
477 2606 655 2648 descripsit
701 2608 731 2637 A
742 2617 757 2637 r
766 2607 791 2637 i-

147 2664 162 2684 s
172 2657 212 2684 to
224 2656 238 2684 t
248 2653 298 2684 el.
341 2653 394 2683 De
427 2651 608 2693 Sophistio.
646 2651 789 2684 Elenoh.

149 2708 177 2732 c.
192 2698 269 2731 XII.
295 2708 327 2739 p.
342 2695 417 2730 570.
433 2696 508 2730 Vol.
525 2697 587 2728 III.
608 2697 659 2730 ed.
675 2696 789 2736 Buhl„

858 1665 924 1692 tem
951 1671 1096 1702 euinque
1132 1672 1149 1692 e
1174 1662 1245 1692 suis
1275 1661 1428 1693 moribus
1448 1662 1503 1698 »iu-

858 1706 983 1739 dicare.
1051 1707 1200 1737 Verbum
1240 1704 1421 1747 ὑπερωτᾶν
1451 1710 1503 1738 est

859 1751 1053 1784 furtimh.
1066 1762 1094 1785 e.
1109 1751 1306 1792 captiose
1331 1755 1372 1783 et
1392 1752 1502 1783 frau-

859 1796 1069 1827 dulenter
1101 1796 1400 1849 interrogare.

904 1839 1058 1873 Πώλου
1084 1838 1125 1872 τὸ
1153 1840 1259 1873 κατὰ
1288 1841 1421 1880 ιόμον
1445 1842 1502 1872 αἶ’-

861 1896 986 1927 σχιοι
1010 1886 1051 1927 λ.]
1093 1886 1178 1918 Loci
1210 1888 1382 1918 sententia
1418 1887 1503 1918 haec

858 1935 925 1962 est:
968 1932 1103 1971 Quum
1127 1931 1261 1964 Polus
1293 1932 1342 1964 de
1367 1943 1411 1963 eo
1446 1932 1503 1963 lo-

858 1980 1091 2018 queretur,
1117 1976 1232 2018 quod
1258 1981 1378 2009 esset
1402 1977 1502 2018 lege

858 2025 901 2053 et
940 2021 1266 2054 consuetudine
1307 2022 1501 2063 turpius,

858 2086 901 2090 —
927 2070 1144 2098 concesserat
1177 2068 1269 2098 enim
1303 2071 1400 2108 turpe
1428 2077 1502 2098 esse

859 2112 1020 2142 iniuriam
1037 2113 1161 2151 facere,
1183 2113 1218 2142 in
1235 2122 1342 2153 eaque
1358 2122 1394 2142 re
1413 2122 1501 2143 com-

859 2157 953 2187 muni
979 2157 1157 2188 hominum
1190 2158 1345 2198 opinioni
1370 2156 1501 2198 aliquid

859 2202 1023 2232 tribuerat
1052 2220 1095 2225 ——-
1126 2205 1172 2232 tu
1204 2202 1264 2241 id,
1296 2202 1409 2243 quod
1445 2212 1502 2233 se-

859 2246 1039 2277 cundum
1070 2247 1209 2288 legem
1246 2251 1286 2278 et
1321 2256 1501 2278 consue-

859 2291 1052 2323 tudinem
1096 2291 1402 2331 indicabatur,
1450 2292 1501 2323 ad

859 2340 1046 2368 naturae
1070 2347 1262 2369 normani
1286 2336 1500 2378 exigebas

859 2384 897 2412 et
944 2381 1296 2422 persequebaris
1366 2382 1501 2424 Quippe

860 2427 1034 2465 Socrates,
1067 2437 1170 2467 quum
1195 2427 1301 2458 Polus
1334 2426 1417 2458 κατὰ
1444 2426 1501 2457 πό-

860 2482 926 2509 μοι·
951 2475 1040 2502 recte
1061 2476 1209 2503 statuere
1238 2472 1410 2503 videretur
1433 2475 1501 2502 tur—

859 2517 936 2557 pius
962 2520 996 2547 et
1018 2516 1114 2557 peius
1147 2527 1220 2548 esse
1244 2517 1404 2547 iniuriam
1429 2517 1501 2556 pati

859 2571 961 2602 quain
985 2562 1113 2600 faeere,
1139 2581 1180 2585 —-
1207 2566 1279 2593 erat
1301 2561 1392 2593 enim
1417 2561 1502 2592 haec

860 2607 1049 2637 communis
1095 2607 1272 2638 hominum
1330 2606 1502 2638 sententia

860 2669 903 2673 -
936 2651 1088 2682 vicissim
1119 2650 1324 2693 disputando
1365 2650 1501 2682 efficere

860 2695 1063 2737 conabatur,
1112 2701 1151 2728 ut
1189 2697 1350 2728 iniuriam
1390 2696 1500 2728 facere

1532 467 1614 507 453
