1687 2969
214 143 260 178 14
685 138 1077 175 PROLEGOMENA

209 254 298 299 sint,
328 252 585 301 superioribus
614 252 782 288 mirifice.
842 251 970 291 Quum
1010 251 1111 287 enim
1154 256 1342 288 oratorem
1380 257 1553 300 oporteat

210 324 265 356 ea,
296 322 394 360 quae
414 309 517 346 iusta
538 308 625 354 sint,
656 308 850 353 didicisse,
880 308 944 344 ille
965 320 1067 351 vem,
1099 307 1165 357 qui
1197 307 1340 357 aliquid
1367 308 1552 355 didicerit,

209 366 297 404 talis
327 366 465 403 evadat
486 378 638 401 11000550
661 365 720 409 511,
751 364 862 414 quale
887 364 935 401 sit
964 364 1059 400 illud
1079 363 1216 412 ipsum,
1247 365 1348 414 quod
1367 364 1552 410 didicerit,

210 422 391 473 consequi
433 422 641 459 arbitratur
680 425 795 471 atque
832 420 950 465 effici,
991 426 1034 457 111
1072 420 1202 456 rhetor
1239 433 1438 470 nunquam
1475 435 1553 458 non

209 480 310 516 10510
340 484 428 526 agat
456 479 618 528 ideoque
657 490 804 526 semper
844 484 881 514 et
919 476 1061 526 ubique
1091 476 1215 513 iustus
1255 489 1337 513 esse
1366 477 1553 514 videatur.

211 536 319 573 Haec
346 535 483 583 igitur,
525 548 641 584 quum
681 533 865 582 superiori
905 533 1065 580 Gorgiae
1108 533 1320 570 sententiae
1361 534 1554 571 adversari

210 592 434 637 videantur,
476 592 591 638 digna
631 603 711 627 esse
753 590 824 635 ait,
875 602 972 639 quae
1013 590 1282 626 examinentur
1320 589 1553 637 diligentius.

212 650 254 686 P.
286 652 378 685 460.
408 650 624 685 A.—46].
658 650 702 683 A.
734 647 939 684 Enimvero
970 650 1260 693 argumentatur
1289 646 1352 682 hic
1382 647 1556 684 Socrates

213 705 346 742 callide
377 717 396 741 0
426 718 495 741 sua
532 704 698 743 ratione,
739 716 814 752 qua
853 702 1009 739 virtutis
1047 702 1340 739 fundamentum
1380 715 1422 739 110
1452 703 1555 752 prin—

212 762 352 811 cipium
381 761 546 810 positum
576 773 658 796 0550
679 760 873 796 statuebat
902 758 941 794 in
974 759 1130 795 scientia
1162 764 1199 796 et
1229 759 1409 796 interiore
1439 759 1554 800 animi

211 818 476 867 persuasione,
508 830 605 867 quae
635 817 734 852 1111110
764 816 921 851 haberet
951 814 1048 860 vim,
1089 820 1132 851 ut
1162 816 1262 865 quod
1293 816 1378 865 quis
1408 828 1552 862 verum,

211 877 364 919 bonum,
385 874 540 919 iustum,
563 874 766 910 honestum
786 885 866 909 0550
889 871 1138 918 cognovisset,
1159 871 1196 907 id
1217 872 1332 909 etiam
1351 872 1391 908 in
1412 872 1557 920 agendo

212 935 455 981 sequeretur,
496 929 802 980 quandoquidem
841 928 1024 965 virtutem
1072 929 1249 965 censebat
1288 929 1328 964 in
1367 928 1470 966 vitae
1519 933 1559 966 et

213 987 372 1025 actionis
402 1000 486 1023 011111
516 987 663 1023 ratione
693 991 727 1023 01
760 985 957 1022 1010110010
979 984 1176 1021 concordia
1197 985 1392 1021 contineri.
1432 984 1556 1024 Quam

213 1044 365 1095 quidem
396 1044 625 1081 sententiam
656 1042 755 1091 apud
778 1042 976 1078 Platonem
995 1041 1214 1090 saepissime
1236 1041 1283 1078 ad
1309 1041 1558 1078 ludificandos

213 1114 277 1138 005
307 1101 476 1145 adhibet,
507 1100 571 1150 qui
602 1099 787 1136 virtutem
818 1098 903 1134 unis
934 1099 1046 1134 rebus
1077 1098 1246 1134 externis
1276 1098 1490 1135 metiuntur
1519 1104 1557 1135 et

214 1158 388 1195 veritatis
418 1157 598 1194 scientiae
637 1156 789 1192 nomine
828 1168 895 1191 suo
925 1155 1062 1201 dignae
1100 1163 1276 1203 expertes
1313 1155 1463 1191 levibus
1502 1154 1559 1191 in·

214 1215 373 1262 dulgent
403 1214 506 1251 w'tae
546 1213 791 1263 quotidianae
830 1211 1091 1260 opinionibus,
1135 1211 1187 1248 ita
1218 1216 1366 1256 tamen,
1403 1215 1448 1248 ut
1485 1211 1559 1252 ista

213 1271 362 1309 ratione
394 1271 507 1307 simul
536 1269 778 1306 callidissime
799 1281 867 1305 101
870 1281 929 1304 ‘un
956 1267 1185 1305 sententiam
1214 1280 1322 1304 suam
1342 1267 1463 1305 veluti
1492 1281 1560 1316 per

214 1335 440 1365 transennas
471 1327 656 1364 ostendat.
714 1326 772 1362 De
804 1337 877 1374 qua
908 1325 1027 1373 ipsius
1058 1324 1204 1361 ratione
1243 1325 1559 1372 x.P1-0100g.ad

216 1385 373 1422 Lachet.
404 1398 439 1433 p.
472 1387 522 1420 20
554 1396 658 1433 seqq.
690 1383 746 1419 ed.
779 1385 813 1418 2.
874 1382 1010 1431 Itaque
1051 1382 1121 1417 hoc
1152 1393 1302 1431 quoque
1334 1381 1412 1417 loco
1443 1380 1559 1428 sio-ni-

216 1442 305 1479 ficat
331 1441 566 1485 rhetoricen,
608 1440 638 1476 si
669 1439 760 1476 iusti
801 1438 998 1474 scientiam
1038 1438 1108 1474 sibi
1150 1437 1367 1474 adiunctam
1407 1438 1559 1482 habeat,

215 1499 317 1535 idem
346 1498 462 1535 etiam
491 1497 529 1533 in
561 1496 706 1544 agendo
735 1508 816 1532 esse
837 1501 1098 1545 sequuturam.
1145 1492 1255 1533 Quod
1284 1499 1412 1530 tamen
1442 1506 1561 1544 quum

217 1554 355 1592 deinde
386 1567 407 1590 a
436 1554 545 1599 Polo,
577 1552 738 1599 Gorgiae
779 1554 1027 1596 assectatore,
1066 1551 1169 1586 haud
1210 1550 1324 1587 dubie
1354 1550 1562 1587 seeundum

216 1611 321 1648 illius
350 1617 518 1648 mentem
547 1615 720 1657 negetur,
753 1621 987 1658 consequens
1018 1614 1092 1653 est,
1134 1611 1177 1644 ut
1207 1611 1327 1643 artem
1358 1606 1562 1644 oratoriam

216 1668 387 1706 iustitiae
416 1667 561 1704 virtute
592 1678 717 1702 carere
749 1669 939 1713 appareat.

302 1724 456 1761 Etenim
486 1722 688 1760 committit
717 1721 853 1758 deinde
884 1720 1043 1767 Gorgias
1074 1732 1228 1756 caussae
1249 1719 1563 1768 disceptationem

217 1782 318 1819 ultro
350 1781 479 1817 amicis
510 1780 599 1817 suis.
658 1778 767 1818 Quod
805 1781 1029 1825 argumento
1068 1783 1127 1813 est
1154 1777 1354 1813 Platonem
1394 1775 1466 1824 ipsi
1495 1789 1562 1812 no-

216 1838 334 1875 luisse
363 1836 612 1886 turpitudinis
642 1835 803 1871 alieuius
834 1839 963 1871 notam
992 1833 1154 1877 inurere,
1186 1832 1326 1882 quippe
1356 1832 1463 1868 0111115
1489 1832 1561 1869 arti

218 1898 257 1932 et
297 1893 449 1941 ingenio
490 1899 658 1930 ceterum
695 1891 903 1940 plurimum
932 1889 1121 1927 tribuerit.
1189 1888 1405 1926 Artificiose
1444 1888 1564 1936 igitur

219 1951 273 1988 sic
302 1950 482 1995 instituit,
512 1954 556 1987 ut
585 1949 659 1985 iam
688 1948 873 1996 prodeant
902 1947 941 1982 in
972 1958 1123 1982 scenam
1163 1945 1228 1995 qui
1272 1945 1373 1981 111105
1403 1945 1564 1982 decretis

220 2007 328 2044 abusi
368 2010 520 2055 turpem
569 2011 608 2042 et
646 2005 887 2041 inhonestam
935 2003 1123 2040 rationem
1161 2002 1379 2039 defendant.
1446 2001 1562 2038 Polus

220 2063 322 2101 enim
352 2063 517 2100 ostendit
547 2062 640 2099 aitis
669 2074 710 2097 or
713 2060 855 2098 ateriae
887 2060 1079 2095 commoda
1110 2062 1147 2095 et
1166 2058 1356 2096 utilitates
1385 2070 1448 2094 eas
1469 2071 1562 2103 0550,

220 2134 318 2171 quae
357 2119 607 2168 turpitudinis
647 2118 929 2154 inhonestatem
968 2115 1187 2162 longissime
1226 2120 1418 2163 superent.
1477 2114 1561 2151 Cal-

220 2177 326 2214 licles
355 2181 485 2214 autem
515 2176 629 2214 etiam
660 2174 821 2212 ulterius
859 2172 1026 2222 presedit
1067 2180 1181 2222 atque
1218 2170 1429 2208 iniustitiae
1467 2170 1565 2208 nihil

219 2246 374 2284 prorsus
403 2233 527 2282 turpis
556 2231 726 2268 1011100110
757 2231 961 2267 adhaerere
993 2229 1166 2265 exincere
1196 2231 1364 2264 conatur.

304 2290 475 2327 Primum
504 2289 623 2337 igitur
650 2288 785 2333 Polus,
817 2287 883 2324 inv
886 2286 967 2323 enis
997 2285 1140 2333 ingenii
1171 2283 1379 2328 calidioris,
1421 2296 1561 2320 sermo-

222 2359 310 2383 nem
339 2346 508 2395 suscipit
548 2346 598 2383 Et
627 2345 689 2381 hic
710 2343 875 2394 quidem
906 2342 986 2380 sive
1006 2355 1082 2378 11011
1103 2341 1296 2378 intellecta
1328 2339 1409 2377 sive
1430 2353 1564 2388 parum

223 2408 355 2440 curata
384 2402 548 2439 Socratis
577 2401 778 2446 sententia,
808 2400 972 2448 primum
1002 2397 1162 2445 Gorgiae
1193 2410 1365 2434 caussam
1394 2396 1565 2434 defendit

223 2459 286 2505 sie,
316 2465 361 2496 ut
392 2472 479 2495 eum
516 2458 616 2495 dicat
652 2458 793 2506 pudore
831 2457 994 2507 quodam
1032 2454 1299 2491 conturbatum
1338 2453 1565 2490 concessisse

223 2515 367 2553 rhetori
395 2528 523 2552 rerum
562 2515 751 2551 iustarum
780 2518 818 2549 et
853 2512 1082 2549 iniust'arum
1120 2509 1296 2547 notitiam
1326 2523 1407 2546 esse
1437 2522 1565 2546 neces-

224 2572 382 2618 sariam,
422 2571 601 2608 videlicet
639 2583 687 2607 ne
715 2572 903 2606 fateretur
931 2566 1170 2617 eloquentiae
1200 2566 1401 2613 magistros
1440 2578 1565 2627 neque

223 2631 325 2679 ipsos
353 2628 540 2665 iustitiam
571 2634 712 2672 tenere,
743 2638 813 2663 1100
843 2624 927 2661 111115
958 2624 1061 2661 illius
1082 2623 1337 2686 cognitionem
1365 2635 1475 2671 posse
1495 2621 1563 2657 im-

224 2685 376 2736 pertire.
415 2684 564 2721 Deinde
595 2682 797 2720 admodum
816 2681 1063 2718 inclementer
1083 2680 1123 2716 in
1145 2681 1340 2717 Socratem
1357 2677 1564 2724 invehitur,
