1687 2969
108 558 109 561 ,
148 515 190 556 D

230 131 279 171 ]·2
710 113 1090 162 PLATONIS

334 243 464 287 ‹DAL
530 238 650 294 Ἐμοὶ
695 235 752 288 ὡς
795 235 985 288 άληθῶς
1029 227 1141 276 πολὺ
1187 225 1421 285 κράτιστόν
1466 230 1580 268 ἐστιν

229 310 390 366 οὕτως,
429 306 547 357 ὅπως
583 306 797 360 δύναμαι,
841 306 997 355 λέγειν·
1039 297 1096 349 ὥς
1132 314 1208 353 μοι
1242 297 1383 343 δοκεῖς
1413 289 1466 336 σὺ
1507 290 1582 334 ού-

231 380 380 436 δαμῶς
415 392 466 430 με
504 371 718 432 ἀφήσειν,
755 373 859 426 πρὶν
895 367 952 413 ἂν
986 366 1088 411 εἴπω
1126 363 1399 421 ἁμωςγὲπως.

333 444 440 488 ΣΩ.
510 441 643 483 Πάνυ
679 438 763 494 γάρ
802 453 872 481 σοι
908 435 1065 488 ἀληθῆ
1102 433 1230 475 δοκῶ.

333 510 444 571 Cap.
493 505 576 550 Ill.
660 507 790 550 ‹DAL
873 502 1041 547 Οὑτωσὶ
1089 503 1240 544 τοίνυν
1285 490 1467 546 ποιήσω.
1523 492 1584 546 τῷ

236 577 331 624 ὅντι
367 580 471 634 γάρ,
507 568 537 617 ὦ
579 573 834 629 Σώκρατες,
872 567 1040 618 παντὸς
1067 569 1238 623 μᾶλλον
1274 560 1327 605 τά
1361 577 1406 615 γε
1444 558 1590 616 ῥήμα-

233 665 288 691 τα
328 645 408 691 οὐκ
443 643 687 697 ἐξέμαθον
725 637 806 692 τὴν
840 642 984 694 μέντοι
1017 632 1220 678 διάνοιαν
1255 626 1408 687 σχεδὸν
1442 624 1589 669 ἁπάν-

238 730 336 771 των,
374 711 438 763 οἷς
472 712 556 769 ἔφη
591 710 813 767 διαφέρειν
848 703 903 748 τὰ
939 705 1018 748 τοῦ
1057 703 1244 759 ἐρῶντος
1280 697 1305 751 ἢ
1335 693 1390 738 τὰ
1412 695 1493 738 τοῦ
1514 689 1589 751 μή,

327 845 434 876 εἴπω
467 837 753 881 ἇμωςγέπως]
794 836 964 877 Asperum
1001 831 1124 865 liabent
1148 840 1223 862 cum
1253 827 1351 861 Bodl.
1377 826 1449 859 sive
1477 824 1591 856 Clark.

236 901 302 924 non
337 889 435 932 pauci
471 886 534 919 alii.
588 886 624 919 V.
660 883 874 925 ἀμωςγέπως.

235 938 330 980 ἁμῶς
358 936 397 977 γε’
420 946 498 970 πως.

239 1028 311 1060 GT
337 1032 371 1060 et
396 1036 446 1068 pr.
468 1023 515 1057 Π.

549 932 622 964 Res
649 929 772 961 eodem
798 926 900 959 redit.

330 982 371 1015 D,
419 981 461 1010 ἐν
496 976 757 1019 κεφαλαίοις
788 970 991 1013 ἕκαστον]
1024 969 1102 1001 Om.
1132 967 1271 999 ’ἕκαστον

566 1022 691 1062 Magna
727 1024 780 1053 est
805 1028 887 1051 sane
916 1016 1014 1050 Bodl.
1041 1014 1236 1047 auctoritas,

926 879 1105 912 Bekkerus
1143 875 1183 910 eff
1211 875 1368 913 Turicc.‚
1400 876 1437 903 ut
1469 872 1592 909 solent,

1297 963 1395 998 Bodl.
1420 972 1498 994 cum
1525 958 1598 993 ΔΓ

1285 1011 1356 1044 Nec
1380 1015 1493 1042 tamen
1519 1016 1595 1039 curn

239 1074 439 1107 Turicenss.
466 1079 586 1102 vocem
612 1067 776 1100 abiiciam.
802 1076 832 1097 V.
860 1067 975 1096 annot.

240 1165 327 1197 ciem
364 1162 556 1195 notavimus
588 1157 820 1202 Eutliyphron.
857 1168 889 1198 p.

238 1211 274 1244 4.
304 1210 356 1251 E.9
382 1209 438 1241 ubi
465 1206 657 1249 Stephanus
683 1204 804 1237 eodem
834 1213 892 1235 er-

242 1267 321 1290 rore
348 1255 511 1296 deceptus
538 1257 601 1286 est.

283 1323 403 1365 Ἐμοὶ
427 1321 476 1358 ὦς
505 1320 681 1361 ἀληθῶς
707 1318 765 1360 -]
795 1317 889 1349 Gra-

240 1371 289 1404 vis
317 1369 398 1402 haec
423 1379 462 1401 ac
487 1367 684 1409 ponderosa
710 1373 887 1397 assevera-

242 1418 290 1449 tio
316 1414 408 1457 quod
443 1413 714 1445 coniunctionum
747 1409 887 1441 vinculis

244 1463 354 1495 libera
391 1464 461 1498 est,
498 1469 560 1490 nos
585 1457 719 1500 quidem
748 1455 887 1488 minime

243 1509 427 1546 miramur,
460 1504 516 1546 qui
541 1505 619 1536 talia
646 1503 722 1535 alibi
751 1501 889 1542 saepius

245 1551 554 1587 observaverimus.
626 1549 742 1594 Itaque
781 1555 890 1587 neque

245 1610 323 1632 cum
373 1594 642 1630 Heindorfio
692 1597 756 1625 οῦν
813 1595 892 1633 post

240 1645 340 1688 Ἐμοὶ
375 1642 630 1679 inculcandum,
673 1650 781 1681 neque
813 1637 892 1669 Εἶεν

245 1696 324 1724 ante
351 1689 440 1722 idem
463 1688 666 1720 vocabulum
694 1696 768 1717 cum
798 1685 892 1716 Klo-

246 1750 266 1781 p
282 1737 376 1769 fero
404 1736 453 1767 De
480 1733 620 1765 Cebetis
645 1731 778 1763 Tabula
796 1731 892 1763 Part.

247 1783 380 1825 l.p.11.
403 1778 649 1813 inferciendnm
676 1778 893 1809 arbitramur.

246 1828 439 1862 Dissimiles
479 1825 540 1857 hac
591 1834 631 1856 ex
679 1827 775 1865 parte
815 1825 895 1853 sunt

249 1874 314 1908 loci
349 1873 414 1905 alio
448 1870 583 1903 nomine
608 1868 787 1900 simillimi:
824 1867 894 1898 Eu-

250 1918 381 1962 tlnyphr.
407 1929 441 1960 p.
466 1917 497 1951 5.
522 1918 561 1948 Α.
588 1910 648 1955 οἷρ)
679 1910 742 1944 οὖν
767 1924 841 1954 μοι,
869 1906 895 1943 ὦ

246 1963 426 2009 θαυμάσιε
455 1962 673 2004 Εὕθυφρον,
710 1956 894 2001 κράτιστόν

246 2013 319 2044 ἔστι
350 2011 497 2053 μαθητῇ
529 2009 574 2050 σῷ
609 2006 793 2049 γειέὀθαις
824 2003 893 2035 Eu-

248 2057 340 2100 thyd.
360 2067 392 2099 p.
408 2054 486 2089 297.
510 2053 550 2086 D.
577 2050 759 2095 κράτιστον
782 2050 896 2081 τοίνυν

247 2117 366 2148 μοι-
382 2098 640 2142 ἀποκρίνασθαί
663 2105 734 2129 σοι’
762 2094 802 2128 οὗ
828 2093 894 2138 γὰρ

248 2149 294 2194 μὴ
323 2148 402 2190 ἆνῇς
427 2149 569 2192 ἐρωτῶν.

298 2216 417 2250 Πάνυ
455 2211 532 2258 γάρ
566 2224 636 2245 σοι
661 2209 806 2251 ἀληθῆ
832 2207 897 2239 δο-

250 2264 325 2306 κῶ]
348 2262 378 2295 h.
403 2272 433 2295 e.
458 2257 549 2291 πάνυ
576 2257 641 2301 γὰρ
665 2256 785 2297 ἀληθῆ
809 2255 899 2285 ἐστιν

250 2308 274 2341 o‘c'
299 2321 355 2341 σοι
380 2308 465 2340 δοκῶ
489 2303 656 2345 ποιήσειν,
709 2301 787 2334 Pari
820 2300 898 2331 bre-

252 2353 459 2395 viloquentia
483 2350 641 2393 Reipubl.
666 2347 754 2382 VlII.
771 2357 802 2389 p.
819 2345 898 2379 567.

254 2402 293 2435 D.
316 2399 455 2440 >Αληθίἷ
481 2396 545 2438 γὰρ
577 2397 662 2428 δοκῶ
689 2405 762 2433 σοι,
797 2401 897 2433 quem

252 2448 364 2479 locum
400 2443 611 2485 comparavit
652 2438 897 2476 Heindorf„

223 2501 230 2505 ·
253 2494 328 2534 ipse
360 2490 468 2523 minus
506 2490 664 2520 accurate
698 2485 894 2527 explicans:

253 2537 345 2569 πάνυ
381 2535 447 2578 γάρ
481 2546 536 2566 σοι
568 2532 687 2573 ἀληθῆ
712 2531 835 2570 δοκεῖ,
866 2529 898 2560 εἰ

255 2584 354 2617 δοκῶ.

302 2629 342 2662 D.
390 2623 556 2660 παντὸς
579 2619 898 2665 μᾶλλον-οὐκ

256 2671 504 2718 ἐξέμαθον]
538 2669 792 2709 neutiquam
825 2665 898 2699 edi-

258 2721 332 2755 dici.
363 2719 422 2752 Sic
437 2715 567 2752 παντὸς
581 2714 711 2758 μᾶλλον
736 2715 900 2755 sequente

956 1151 1099 1196 negandi
1118 1150 1281 1192 particula
1300 1148 1447 1190 positum
1466 1145 1598 1178 Charin.

957 1212 989 1243 p.
1008 1200 1080 1233 171.
1105 1198 1144 1236 C,
1170 1205 1267 1237 quem
1297 1196 1406 1226 lorum
1433 1192 1475 1224 ad
1501 1196 1599 1223 tuen-

957 1246 1031 1278 dam
1067 1244 1227 1276 librorum
1263 1240 1442 1272 lectionem
1470 1237 1599 1279 optime

957 1288 1168 1332 comparavit
1223 1285 1454 1318 Heindorf.
1529 1282 1602 1315 Nec

958 1336 1085 1370 abludit
1111 1332 1203 1376 quod
1228 1332 1313 1364 infra
1340 1331 1466 1373 legitur
1483 1328 1601 1371 p.265.

959 1384 997 1417 C,
1033 1381 1115 1413 Καὶ
1147 1377 1261 1420 μάλα
1294 1379 1407 1419 ἔμοιγε
1432 1374 1506 1407 οὔκ
1531 1373 1602 1415 οἰη-

959 1429 1037 1464 δῶς
1068 1426 1223 1458 ἀκοῦσαι.
1260 1442 1304 1447 --
1357 1421 1516 1454 διάνοιαν
1550 1423 1605 1452 est

957 1484 1103 1516 argum
1118 1475 1218 1504 entu
1229 1480 1274 1509 m,
1297 1472 1334 1501 ut
1353 1467 1468 1510 Lysid.
1483 1465 1603 1509 p.205.

958 1515 1317 1560 B.10n.p.530.13.c.
1345 1532 1384 1536 -
1435 1509 1501 1549 οἷς
1525 1515 1604 1554 ἔφη

958 1584 998 1589 —-
1027 1565 1074 1597 τὰ
1103 1567 1180 1596 τοῦ
1206 1560 1273 1604 μή,
1300 1560 1459 1603 quibus
1486 1558 1606 1590 dice-

958 1613 1030 1644 bat
1063 1607 1475 1653 praestabiliorem
1505 1614 1605 1637 esse

960 1666 1164 1690 caussam
1227 1652 1418 1686 amantis
1482 1660 1606 1691 quam

962 1714 1046 1736 non
1079 1701 1281 1735 amantis.
1333 1698 1392 1729 Sic
1418 1696 1505 1728 enim
1532 1695 1607 1727 δια-

961 1751 1076 1792 φέρειν
1100 1750 1264 1788 sequente
1290 1743 1311 1785 ιῖ
1337 1741 1607 1783 intelligendum,

962 1796 1005 1827 de
1031 1805 1095 1836 qua
1112 1791 1368 1826 constructione
1386 1800 1414 1822 v.
1430 1787 1478 1819 —ad
1497 1786 1609 1819 Phae-

962 1839 1200 1882 don.p.85.ss.
1236 1837 1329 1867 *Sine
1361 1844 1482 1867 caussa
1508 1833 1610 1874 igitur

962 1884 1194 1925 Hirschig.
1227 1892 1323 1914 mero
1356 1880 1518 1912 arbitratu
1545 1888 1609 1909 suo

962 1932 1100 1973 scripsit
1131 1929 1196 1961 καὶ
1232 1927 1273 1960 τὰ
1312 1929 1374 1958 τοῦ
1407 1924 1454 1967 μή
1487 1935 1548 1966 pro
1588 1922 1608 1963 ἢ

960 1977 1002 2010 ’τὰ
1046 1980 1109 2008 τοῦ
1149 1974 1209 2017 μή,
1268 1974 1353 2005 Post
1389 1972 1452 2012 τὴν
1494 1972 1612 2012 μέντοι

962 2022 1116 2056 διάνοιαν
1143 2034 1193 2062 σχ.
1219 2018 1378 2051 ἁπάντων
1411 2016 1537 2049 deinde
1562 2016 1610 2047 rei

961 2069 1153 2107 accuratius
1179 2064 1390 2099 definiendae
1423 2062 1533 2104 gratia
1560 2062 1612 2092 in-

963 2115 1069 2147 fertur
1110 2112 1260 2145 εἕκαστον,
1320 2108 1424 2144 Quod
1460 2107 1609 2150 positum

964 2165 1017 2193 est
1057 2160 1215 2202 perinde,
1252 2168 1292 2189 ac
1337 2156 1364 2187 si
1407 2158 1507 2187 antea
1546 2162 1614 2184 non

963 2205 1119 2238 διάνοιαν
1158 2203 1334 2241 ἁπάντων,
1378 2200 1439 2232 sed
1477 2197 1616 2230 ἅπαντα

965 2253 1128 2294 seriptum
1155 2253 1258 2282 esset.
1309 2247 1386 2280 Hoc
1405 2246 1513 2287 ipsum
1532 2254 1616 2276 vero

966 2299 1149 2330 molestum
1187 2294 1352 2328 accidisse
1392 2292 1430 2323 iis
1464 2290 1613 2329 videtur,

966 2344 1022 2385 qui
1047 2341 1186 2373 ἵκαοιον
1212 2351 1287 2372 cum
1310 2338 1410 2371 Bodl.
1437 2341 1471 2369 et
1497 2336 1615 2378 paucis
1640 2350 1641 2354 =

966 2389 1038 2422 aliis
1070 2391 1300 2420 extruserunt.
1366 2382 1436 2415 Sed
1475 2381 1617 2414 ἕκαστον

965 2434 1053 2467 istud
1079 2444 1183 2474 quum
1211 2443 1272 2464 nec
1298 2441 1357 2473 per
1382 2441 1418 2461 se
1440 2428 1614 2470 improba⁴

967 2481 1032 2513 bile
1058 2480 1123 2519 sit,
1150 2483 1222 2510 tum
1250 2487 1357 2519 prope
1384 2473 1616 2507 necessarium

966 2525 1097 2558 videtur
1137 2528 1276 2567 propter
1317 2524 1497 2562 insequens
1540 2518 1611 2549 ἀπὸ

965 2575 1030 2604 τοῦ
1077 2570 1229 2613 πρώτου.
1293 2569 1411 2601 Genus
1450 2563 1613 2606 loquendi

966 2618 1180 2656 universum,
1229 2626 1296 2657 quo
1344 2613 1480 2646 ἕκαστος
1531 2614 1613 2651 post

966 2663 1100 2696 nomina
1155 2666 1355 2703 antegressa
1411 2655 1616 2699 epexegesis

968 2719 1088 2742 caussa
1101 2708 1288 2752 subiicitur,
1307 2709 1385 2749 post
1405 2703 1488 2736 alios
1508 2701 1613 2734 abun-
