1687 2969
401 193 645 232 GORGIAS.
675 195 720 233 P.
751 197 844 233 451.
875 198 969 233 452.
999 196 1057 234 ed.
1089 195 1145 234 St.
1404 196 1455 234 97

98 302 127 356 ή
154 302 312 344 τούτου
339 299 462 356 τέχνη
490 301 584 355 περὶ
623 305 671 344 τὸ
711 300 908 356 μέγιστον
947 303 1117 357 ἀγαθὸν
1153 307 1242 352 τοῖς
1283 303 1451 356 ἀνθρώ-

97 382 205 417 ποις,
235 363 321 408 ἀλλ’
349 368 379 422 ἦ
407 367 496 422 ἐμή.
527 369 562 410 εἰ
591 365 671 410 οὖν
701 363 833 409 αὐτὸν
862 366 944 421 ἐγὼ
981 368 1175 422 ἐροίμην·
1218 368 1289 409 Σὺ
1317 369 1361 410 δὲ
1389 370 1451 417 τίς

98 431 159 473 ὢν
206 439 338 474 ταῦτα
386 431 539 486 λέγειςς
607 434 718 475 εἴποι
765 433 819 473 ἂν
857 433 981 481 ἴσως,
1036 430 1101 474 ὅτι
1135 431 1317 486 Ἰατρός.
1402 435 1452 474 Τι’

97 493 178 538 οὖν
227 496 383 550 λέγειςς
448 501 475 552 ἡ
523 499 570 540 τὸ
619 505 692 552 τῆς
744 505 820 552 σῆς
873 496 1020 552 τέχνης
1078 496 1204 552 ἔργον
1253 497 1451 553 μέγιστόν

96 560 211 603 ἐστιν
238 557 431 615 ἆγαθόνς
463 566 564 612 Πῶς
592 563 673 616 γὰρ
703 566 769 614 οὔ.
800 564 906 617 φαίη
937 563 990 603 ἂν
1012 563 1123 614 ἴσως,
1156 566 1188 604 ὠ
1211 566 1449 617 Σώκρατες,

96 626 256 680 ὑγίειας
312 628 352 668 τί
398 623 435 668 δ’
486 627 570 669 ἐστὶ
628 631 771 682 μεῖζον
823 624 995 681 ἀγαθὸν
1057 624 1305 681 ἀνθρώποις
1361 631 1448 683 ὑγι-

96 692 205 741 είας,·
248 692 304 732 Εἰ
341 693 376 733 δ’
417 688 472 733 αὖ
511 693 614 746 μετὰ
651 701 807 735 τοῦτον
847 694 869 735 ὁ
898 694 1175 748 παιδοτρίβης
1214 695 1346 745 εἴποι,
1387 693 1451 736 ὅτι

100 758 366 810 Θαυμάζοιμι
403 760 505 809 τᾶν,
546 753 579 798 ὦ
608 760 855 812 Σώκρατες,
898 758 968 800 καὶ
1006 755 1156 809 αὐτός,
1196 759 1235 799 εἴ
1270 770 1337 801 σοι
1366 759 1451 814 ἔχοι

96 823 281 876 Γοργίας
313 825 456 876 μεῖζον
491 819 663 876 ἀγαθὸν
703 822 901 874 ἐπιδεῖξαι
948 831 1021 877 τῆς
1058 819 1193 865 αὑτοῦ
1239 825 1385 879 τέχνης
1422 826 1449 880 ἢ

96 887 178 941 ἐγὼ
206 894 279 941 τῆς
308 887 432 942 ἐμῆς,
473 888 626 942 εἴποιμ
679 888 733 929 ἂν
762 885 816 929 αὖ
845 904 915 929 και
944 890 1049 967 πρὸς
1077 895 1253 931 τοῦτον·
1309 890 1378 931 Σὺ
1405 891 1449 932 δὲ

95 951 147 1007 δὴ
176 955 238 1001 τίς
266 949 312 1003 εἶ,
345 955 378 994 ὠ
407 956 634 1006 ἄνθρωπε;
674 970 744 995 και
772 955 811 995 τί
839 954 886 995 τὸ
916 955 994 995 σὸν
1023 953 1175 1007 ε’ργον,·
1216 956 1448 1008 Παιδοτρί-

94 1019 183 1072 βης,
214 1034 320 1072 φαιη
348 1021 414 1070 ἄν,
445 1020 492 1060 τὸ
521 1018 559 1060 δ’
589 1017 716 1071 ἔργον
744 1020 829 1072 μού
858 1017 943 1060 ἐστι
971 1021 1130 1068 καλούς
1165 1034 1208 1060 τε
1236 1021 1306 1061 καὶ
1336 1021 1448 1074 ἰσχυ-

95 1084 198 1137 ροὺς
225 1087 363 1125 ποιεῖν
390 1079 492 1133 τοὺς
520 1082 783 1138 ἀνθρώπους
811 1084 862 1125 τὰ
891 1085 1074 1138 σώματα.
1147 1084 1271 1126 Μετὰ
1301 1084 1344 1126 δὲ
1373 1088 1449 1127 τὸν

162 1215 273 1256 πρὸς
307 1219 348 1249 τί
376 1220 503 1249 τοῦτο
536 1217 718 1260 λέγεις,·]
753 1218 792 1249 V.
821 1217 925 1260 λέγεις
952 1221 1069 1255 τοῦτο,
1095 1217 1186 1260 quod
1211 1222 1262 1250 est
1286 1219 1388 1250 etiam
1412 1219 1447 1250 in

93 1264 168 1295 Par.
192 1263 270 1295 EF.
294 1263 386 1295 Flor.
410 1262 442 1295 b.
466 1263 489 1294 f.
514 1267 547 1294 et
572 1263 670 1295 Bodl.
694 1263 844 1295 Routhii.

160 1308 198 1339 P.
223 1306 299 1340 452.
347 1305 482 1340 αὐτίκ’
510 1306 560 1339 ἂν
585 1307 887 1351 παρασταῖεν]
914 1307 958 1339 ἂν
979 1319 1043 1340 om.
1062 1308 1176 1340 Clark.
1197 1309 1272 1340 Par.
1294 1309 1446 1341 EFIW.

96 1353 198 1385 Vind.
222 1352 254 1385 6.
279 1352 371 1385 Flor.
395 1354 419 1385 f.
444 1364 470 1386 s.
497 1363 618 1385 errore.

162 1398 188 1430 ώ
216 1395 350 1439 Σώκρ.
344 1423 363 1439 .,
389 1395 552 1442 ὑγίεια]
580 1398 663 1430 Voc.
691 1396 801 1453 ὑγίεια
824 1398 914 1430 male
940 1402 1113 1440 suspectat
1137 1398 1311 1441 Hirschig.

161 1443 200 1475 B.
232 1441 503 1484 Θαυμάζοιμι
529 1441 625 1487 τᾶι]
652 1444 694 1476 V.
720 1441 743 1475 τ’
770 1441 822 1475 ἄν.
867 1443 951 1475 Inde
976 1454 1052 1475 cum
1076 1444 1276 1475 Hermanno
1302 1444 1446 1475 fecimus

93 1486 173 1525 τᾶν,
199 1488 222 1520 i.
246 1499 275 1520 e.
299 1500 348 1520 τοι
374 1486 428 1526 ἄν,
453 1488 632 1521 Bekkerus
657 1489 776 1521 invitis
800 1489 897 1520 libris
921 1486 949 1531 γ’
976 1486 1030 1526 ἅπ,
1063 1488 1142 1520 aliis
1167 1489 1446 1521 assentientibus,

94 1534 185 1565 Dein
211 1533 302 1574 ἔχοι
330 1534 483 1576 Γοργίας
509 1534 624 1566 Clark.
651 1534 756 1566 Coisl.
780 1534 857 1565 Par.
889 1534 1042 1566 BCFV.
1066 1534 1157 1565 Flor.
1183 1545 1211 1565 a.
1238 1546 1265 1566 e.
1291 1534 1322 1565 d.
1347 1545 1391 1566 m.
1416 1545 1447 1566 o.

95 1582 128 1610 et
159 1588 243 1610 corr.
277 1579 354 1610 Vat.
387 1579 431 1610 A.
464 1579 567 1611 Vind.
601 1579 632 1611 1.
668 1579 734 1611 Sed
771 1584 862 1611 recte
895 1590 930 1610 se
964 1578 1068 1610 habet
1099 1580 1201 1611 etiam
1225 1579 1449 1619 indicativus,

96 1634 304 1665 quamquam
327 1623 517 1656 cedendum
549 1634 627 1656 cum
652 1625 768 1656 Herm.
793 1624 958 1656 librorum
992 1624 1217 1666 plurimorum
1242 1625 1444 1656 auctoritati.

163 1666 287 1700 Μετὰ
319 1667 365 1701 δὲ
390 1667 465 1701 τὸν
490 1668 708 1712 παιδοτρ.]
734 1671 800 1701 Pro
824 1669 918 1711 vulg.
945 1667 998 1711 δή,
1025 1670 1079 1700 cui
1104 1675 1193 1700 certe
1216 1670 1252 1701 in
1277 1669 1341 1700 hac
1366 1680 1447 1701 enu-

93 1715 281 1746 meratione
298 1724 367 1745 non
389 1718 440 1746 est
463 1714 571 1754 locus,
597 1714 858 1756 suppeditarunt
875 1715 952 1746 Vat.
974 1715 1015 1745 ..1.
1042 1715 1127 1745 Ven.
1148 1715 1176 1745 Ξ
1186 1714 1224 1746 Σ.
1251 1713 1400 1747 Vind.2.
1416 1713 1444 1746 7.

94 1760 307 1791 Meermann.
332 1757 380 1797 δέ,
406 1759 497 1801 quod
522 1760 716 1802 nuperrime
740 1770 857 1792 rursus
882 1759 1065 1801 expulsum
1089 1759 1256 1791 videmus.

806 1872 843 1903 si
881 1882 1037 1903 revera
1071 1872 1278 1913 Gorgias,
1320 1875 1365 1902 ut
1402 1864 1446 1902 tu

806 1916 975 1958 quidem
1000 1917 1076 1957 ais,
1100 1918 1236 1948 maius
1262 1916 1446 1957 aliquod

805 1961 961 1993 bonum
1007 1972 1112 1994 suae
1152 1963 1264 1994 artis
1308 1965 1446 1993 osten-

806 2007 911 2039 dere
935 2007 1084 2048 possit.
1142 2007 1288 2061 Apolog.
1314 2006 1446 2038 Socrat.

97 1870 214 1913 ἰατρός
248 1883 282 1903 τε
307 1884 336 1903 κ.
356 1883 401 1909 π.,
427 1872 555 1903 inserto
580 1872 736 1912 articulo,

93 1927 172 1949 vere
209 1917 343 1948 monuit
377 1917 607 1949 Buttmannus
655 1917 736 1949 huic

95 1963 310 1996 coniecturae
335 1962 470 1994 obstare
499 1962 650 2004 positum
679 1973 737 1994 vo-

95 2007 197 2040 culae
221 2018 272 2045 τε,
308 2018 394 2049 quae
418 2008 467 2039 ita
491 2007 657 2039 collocari
681 2007 737 2039 de-

95 2053 224 2084 buerit:
247 2051 267 2083 ὅ
284 2064 317 2084 τε
338 2051 457 2093 ἰατρὸς
476 2052 530 2084 καὶ
551 2064 584 2084 π.
603 2052 737 2094 Olym-

95 2097 327 2139 piodorus:
354 2095 412 2129 τὸν
428 2097 660 2151 παιδοτριβη1
679 2108 737 2136 με·

97 2140 135 2174 τὰ
167 2140 228 2174 τὸι
260 2139 381 2183 ἰατρὸν
411 2138 530 2180 εἶπεν,
566 2140 684 2185 ἐπειδὴ
719 2139 737 2174 ὁ

96 2187 161 2226 μὲ1
186 2184 304 2228 ἰατρὸς
329 2187 408 2227 περὶ
442 2187 479 2218 τὰ
507 2191 651 2228 στοιχεῖα
676 2185 736 2219 αύ-

98 2229 136 2263 τὰ
161 2229 238 2264 καθ’
260 2229 365 2264 ἑαυτὰ
389 2234 629 2274 καταγίγνεται,
653 2229 671 2263 ὁ
699 2232 738 2264 δὲ

96 2276 323 2332 παιδοτρίβης
352 2278 432 2318 περὶ
471 2276 533 2330 τὴν
566 2275 739 2308 σύ1θεσιν

96 2319 212 2353 αυτιῦν
241 2322 296 2353 καὶ
323 2321 383 2364 τὴν
417 2320 555 2354 τοιάιδε
587 2325 655 2353 τώ1
678 2333 738 2360 μο-

100 2368 189 2407 ρι’ων
225 2365 410 2409 συῚθήκηι·
448 2367 504 2399 καὶ
544 2365 578 2398 τὸ
618 2365 738 2399 κάλλος

99 2408 226 2443 αὐτῶν.
256 2422 290 2444 v.
321 2412 365 2444 ad
396 2411 525 2445 Criton.
555 2422 588 2454 p.
612 2410 666 2444 47.
699 2412 737 2443 Β.

143 2501 182 2531 Β.
207 2500 250 2532 εἴ
273 2510 337 2532 σοι
362 2501 448 2542 ἔχοι
473 2499 737 2543 Γοργιάς-]

99 2545 207 2576 Inviti
236 2555 346 2587 paene
379 2546 545 2578 cessimus
574 2545 740 2578 librorum

101 2590 299 2622 auctoritati
332 2591 521 2632 optativum
557 2601 617 2633 pro
653 2590 741 2622 indi-

101 2636 215 2667 cativo
241 2635 307 2676 ἔχει
336 2635 442 2676 vulgo
473 2636 659 2677 perscripto
685 2646 741 2667 ex-

98 2679 304 2712 hibentium.
350 2680 440 2712 Nam
462 2680 650 2713 indicativo
675 2690 742 2712 ser-

99 2729 180 2757 vato
203 2725 271 2757 hoc
295 2724 437 2757 dieitur:
469 2726 604 2758 Mirer
628 2735 741 2766 sane,

175 2792 246 2817 Plat.
266 2791 338 2824 opp.
357 2792 419 2818 Vol.
437 2792 474 2818 H.
493 2791 566 2818 Seet.
584 2793 606 2818 I.

806 2063 837 2093 p.
862 2050 917 2084 25.
943 2053 986 2083 Β.
1026 2049 1130 2094 πολλὴ
1153 2051 1218 2094 γὰρ
1246 2050 1289 2082 ἅι
1315 2063 1361 2084 τις
1386 2048 1444 2082 δι’·

806 2095 966 2135 δαιμονία
1005 2097 1059 2138 εἴη
1092 2098 1171 2136 περὶ
1215 2095 1293 2129 τοὺς
1333 2095 1429 2127 ze'om

806 2141 840 2172 εἰ
869 2138 920 2174 εἰς
956 2142 1019 2180 μὲι
1057 2141 1164 2180 μόιος
1204 2139 1330 2174 asymis
1371 2139 1443 2172 δια

809 2187 979 2226 φθειᾝρει
1005 2198 1036 2217 οι
1065 2184 1092 2217 δ’
1120 2183 1210 2218 ἄλλοι
1235 2184 1444 2226 ὠφελοῦσι]

805 2230 893 2262 Ibid.
918 2241 950 2272 p.
975 2230 1029 2263 30.
1053 2231 1092 2262 B.
1116 2241 1148 2272 p.
1167 2230 1222 2263 37.
1242 2231 1280 2262 B.
1308 2230 1363 2270 aL,
1387 2231 1447 2271 qui

806 2276 875 2308 loci
898 2275 979 2307 huie
1003 2281 1119 2307 nostro
1151 2277 1244 2307 omni
1277 2286 1320 2307 ex
1350 2279 1446 2317 parte

807 2321 936 2352 similes
961 2325 1049 2352 sunt.
1080 2321 1249 2362 Loquitur
1271 2331 1352 2352 vero
1368 2331 1445 2362 pae-

806 2365 955 2398 dotribes
980 2366 1037 2406 ita,
1061 2370 1099 2397 ut
1115 2366 1334 2398 collocutoris
1354 2377 1448 2397 men-

807 2415 875 2442 tem
911 2411 1024 2451 potius
1063 2421 1164 2452 quam
1202 2422 1299 2443 suam
1338 2410 1447 2452 ipsius

808 2455 1004 2497 opinionem
1027 2456 1198 2497 respiciat.
1246 2456 1448 2489 Germanice

807 2510 947 2543 prorsus
994 2500 1112 2533 eodem
1154 2500 1254 2533 modo
1301 2501 1447 2532 dixeris:

817 2545 991 2577 Wundern
1014 2546 1129 2578 sz‘irde
1160 2545 1248 2577 auch
1271 2545 1325 2577 ich
1348 2544 1447 2584 mich,

808 2600 903 2621 wemz
929 2589 1072 2632 Goryias
1101 2590 1252 2622 wirklich
1282 2590 1336 2621 ein
1357 2592 1449 2631 yrbs-

810 2645 896 2666 seres
923 2635 992 2667 Gut
1022 2636 1196 2678 aufzeiyen
1226 2635 1329 2666 kann.
1383 2634 1451 2666 Sed

809 2690 842 2711 v.
867 2678 909 2711 ad
920 2680 1083 2757 ..gApolo.
1102 2679 1214 2723 p..25
1239 2679 1277 2712 C.
1302 2679 1450 2712 Matth.

1166 2790 1186 2823 7

1480 629 1517 670 B
