1687 2969
226 167 247 199 4
255 166 276 199 8
698 162 1053 201 PROLEGOMEN
1055 165 1091 200 A

225 280 338 313 antea
367 281 457 313 sunt
486 275 676 324 exposita,
708 276 872 327 denique
902 277 947 313 ad
977 275 1132 314 vivendi
1160 275 1347 312 rationem
1385 278 1487 312 reete
1526 277 1565 311 et

224 333 432 381 prudenter
469 332 706 380 deligendam
745 337 1008 384 consequatur.
1087 331 1242 369 Etenim
1280 331 1454 368 Callicles
1492 331 1563 368 etsi

226 389 392 426 Socratis
420 389 678 438 disputatione
707 389 761 427 ita
791 394 847 427 est
877 392 1104 434 commotus,
1146 393 1189 425 ut
1220 388 1327 425 illum
1366 388 1437 425 sibi
1466 389 1564 424 bene

225 445 439 494 disputasse
468 446 588 484 videri
620 446 718 483 ultro
748 448 930 491 fateatur,
970 452 1097 483 tamen
1128 445 1221 481 adeo
1252 449 1310 482 est
1339 444 1447 494 quasi
1479 456 1565 480 0011-

225 507 395 540 secratus
425 502 503 539 suis
534 502 794 551 opinionibus,
835 507 878 540 ut
918 503 981 540 vel
1018 501 1176 538 meliora
1215 502 1369 538 edoctus
1408 500 1480 537 sibi
1519 501 1565 536 de

226 559 404 597 contrarii
432 559 595 597 veritate
625 560 792 596 nondum
821 560 1048 608 persuadeat
1077 559 1126 606 (p.
1151 561 1240 595 513.
1272 557 1347 605 D.).
1376 556 1565 593 Nimirum

225 616 355 665 populi
385 629 489 653 amor
517 616 597 653 sive
628 616 859 653 democratia
896 629 981 652 eum
1012 614 1186 664 impedit,
1226 618 1271 652 ut
1298 614 1353 651 ait
1381 614 1566 660 Socrates,

227 672 428 723 quominus
458 673 661 723 aliquando
691 677 856 710 mentem
885 685 992 708 suam
1021 675 1155 709 mutet.
1207 670 1461 711 Quamobrem
1489 670 1565 706 iam

228 730 411 776 Socrates,
441 729 600 778 duplicis
630 742 763 777 corpus
794 733 831 766 et
862 729 1030 765 animum
1061 728 1214 764 curandi
1244 727 1420 772 rationis,
1452 739 1567 776 quam

227 791 340 824 antea
381 786 474 834 (cap.
530 789 588 822 15.
629 786 709 822 coll.
751 798 830 834 cap.
885 784 961 831 19.)
1011 785 1258 830 distinxerat,
1307 783 1566 820 recordatione

226 844 350 879 denno
378 842 616 887 resuscitata,
648 842 897 879 adulatoriam
918 841 1021 878 illam
1055 841 1305 890 spernendam
1335 853 1416 877 esse
1439 844 1568 876 censet

227 905 342 950 atque
371 899 605 948 probandam
634 898 744 935 unice
784 912 867 935 eam
902 902 1024 935 artem
1053 898 1223 943 civilem,
1264 909 1361 947 quae
1400 896 1438 932 id
1467 895 1567 946 quod

227 956 413 1005 optimum
442 960 500 993 est
528 956 666 992 habeat
696 955 941 1004 propositum.
988 954 1091 992 Huic
1117 967 1219 999 vero,
1250 953 1387 1003 inquit,
1418 952 1456 989 id
1486 965 1568 988 mu-

227 1013 329 1049 neris
359 1017 417 1050 est
445 1011 689 1061 propositum,
720 1017 764 1049 ut
793 1012 894 1048 cives
924 1024 1039 1061 quam
1068 1011 1229 1059 optimos
1260 1009 1412 1047 efficiat.
1465 1007 1567 1049 Quo-

228 1069 326 1106 circa
346 1082 406 1106 res
435 1069 517 1118 ipsa
546 1069 726 1117 postulat,
757 1072 799 1105 ut
818 1068 882 1118 qui
904 1067 1133 1116 reipublicae
1154 1080 1306 1116 operam
1326 1065 1451 1103 daturi
1479 1065 1567 1112 sint,

227 1126 254 1162 ii
286 1130 324 1163 et
358 1126 533 1162 idoneam
564 1124 683 1173 (boni)
723 1124 992 1162 scientiam
1032 1128 1071 1161 et
1110 1129 1255 1161 rectum
1291 1136 1417 1160 rerum
1455 1135 1567 1159 nsum

229 1183 401 1220 afferant.
459 1181 569 1222 Quod
599 1182 778 1232 quoniam
807 1182 1060 1229 neglexerunt
1095 1181 1174 1217 fere
1203 1179 1277 1218 viri
1307 1180 1346 1216 111
1374 1178 1569 1228 republica

229 1239 525 1277 Atheniensium
555 1238 643 1275 olim
673 1238 826 1284 versati,
857 1251 1017 1288 quorum
1036 1241 1149 1275 antea
1179 1241 1236 1274 est
1255 1236 1394 1273 iniecta
1414 1235 1568 1281 mentio,

230 1296 330 1334 cives
358 1310 434 1333 11011
464 1295 648 1340 meliores,
678 1296 742 1331 sed
772 1295 917 1343 peiores
947 1294 1216 1339 reddiderunt,
1257 1297 1300 1330 nt
1330 1305 1398 1329 nee
1428 1292 1567 1328 miran-

230 1354 320 1389 dum
349 1353 417 1399 sit,
448 1353 548 1402 quod
577 1353 758 1401 populus,
799 1355 932 1400 utpote
963 1352 1212 1400 depravatus,
1252 1349 1298 1386 iis
1328 1362 1394 1398 pro
1423 1348 1570 1386 meritis

230 1410 372 1447 scilieet
400 1409 478 1446 suis
508 1422 583 1445 11011
613 1409 807 1445 meliorem
845 1408 995 1445 rettulit
1024 1407 1205 1455 gratiam,
1246 1419 1360 1456 quam
1390 1405 1569 1454 sophistis

229 1467 370 1504 referre
391 1466 513 1503 solent
533 1466 701 1514 ipsorum
722 1464 895 1513 discipuli
918 1465 967 1512 (p.
993 1467 1081 1501 513.
1094 1464 1140 1500 D.
1153 1485 1207 1489 —
1226 1466 1315 1500 520.
1328 1460 1400 1509 E..)
1431 1463 1569 1511 Itaque

229 1524 384 1561 tandem
413 1523 523 1559 unice
552 1522 851 1571 amplectendam
872 1526 910 1558 et
935 1521 1129 1558 colendam
1152 1533 1233 1557 esse
1254 1522 1411 1568 apparet
1439 1531 1570 1556 veram

229 1580 334 1616 illam
363 1584 401 1617 et
429 1592 648 1627 germanam
687 1578 855 1616 civitatis
896 1577 1149 1623 curationem,
1191 1577 1236 1613 ab
1275 1574 1493 1612 adulatione
1533 1578 1571 1612 et

229 1637 473 1685 voluptatum
511 1635 672 1684 aucupio
711 1648 894 1672 aversam.
952 1633 1059 1674 Quae
1099 1633 1247 1671 etiamsi
1286 1632 1418 1669 multis
1458 1643 1570 1679 saepe

231 1706 317 1730 cum
345 1693 523 1742 periculis
562 1696 678 1743 atque
718 1693 810 1729 adeo
850 1704 935 1728 011111
963 1691 1067 1728 vitae
1108 1689 1323 1727 discrimine
1362 1687 1571 1725 conflictari

232 1755 405 1798 cogatur,
446 1755 574 1787 tamen
602 1762 679 1785 una
708 1749 819 1785 laude
855 1748 969 1795 digna
998 1747 1161 1785 videtur.
1219 1745 1473 1786 Quamobrem
1505 1744 1570 1780 So—

232 1812 354 1844 crates
382 1819 452 1843 nec
480 1805 635 1853 gloriari
665 1805 835 1849 dubitat,
880 1805 980 1855 quod
1018 1804 1099 1852 ipse
1129 1816 1242 1841 verae
1272 1802 1363 1839 artis
1393 1800 1569 1850 politicae

231 1863 271 1900 in
300 1863 430 1912 paucis
459 1862 605 1911 peritus
635 1862 702 1908 sit,
742 1865 874 1910 utpote
914 1861 1001 1897 boni
1041 1860 1166 1898 studio
1195 1863 1317 1897 totam
1354 1871 1421 1907 per
1449 1857 1570 1895 vitam

231 1919 341 1957 unice
363 1919 525 1957 deditus.
566 1919 661 1955 Eam
681 1932 771 1956 vero
790 1917 977 1955 rationem
995 1921 1191 1965 praeterea
1210 1915 1298 1952 inde
1319 1928 1341 1951 a
1362 1928 1397 1964 11.
1420 1916 1510 1951 523.
1524 1915 1570 1950 A.

232 1977 341 2014 docet
379 1975 495 2014 etiam
534 1975 745 2012 certissima
782 1974 976 2023 proposita
1015 1974 1155 2010 habere
1193 1971 1380 2020 praemia,
1431 1970 1571 2021 quippe

233 2046 329 2084 quae
360 2046 446 2069 eum
473 2031 622 2069 iustitia
651 2031 792 2080 pariter
830 2035 944 2080 atque
975 2043 1060 2067 cum
1099 2030 1242 2078 pietate
1273 2027 1474 2065 coniuncta
1511 2025 1571 2071 sit,

232 2095 287 2135 ut,
315 2090 347 2127 si
376 2102 452 2126 non
480 2089 521 2125 in
549 2089 620 2125 hac
650 2088 740 2133 Vita,
772 2092 810 2124 at
840 2092 939 2124 certe
970 2087 1009 2123 in
1037 2086 1118 2123 vita
1147 2085 1236 2122 olim
1265 2086 1397 2122 futura
1425 2095 1572 2121 summa

232 2146 427 2184 felicitatis
456 2150 678 2183 ornamenta
718 2149 998 2194 consequutnra
1037 2143 1105 2188 sit,
1146 2143 1236 2178 dum
1274 2141 1425 2178 fraudes
1456 2144 1570 2189 atquc

233 2203 414 2248 iniuriae,
456 2202 630 2252 quamvis
659 2201 721 2238 hie
751 2200 991 2238 callidissime
1031 2200 1260 2243 occultatae,
1301 2196 1476 2234 maximis
1505 2209 1573 2245 pu-

234 2259 388 2297 nientur
417 2258 629 2308 suppliciis:
670 2258 708 2294 id
738 2258 837 2307 quod
867 2255 1016 2304 egregie
1054 2256 1269 2292 declaratur
1296 2253 1458 2290 fabulari
1488 2265 1574 2289 nar-

233 2316 381 2353 ratione
420 2316 471 2364 (p.
505 2318 594 2353 522.
625 2316 669 2351 E.
706 2336 761 2340 —
803 2315 891 2351 527.
923 2312 979 2359 O.)
1018 2311 1184 2349 universi
1225 2310 1312 2347 libri
1350 2312 1573 2357 argumento

234 2372 494 2410 sollertissime
524 2375 785 2420 attemperata.
841 2371 903 2406 Ex
931 2369 1069 2419 quibus
1100 2368 1275 2405 omnibus
1306 2366 1469 2416 denique
1500 2365 1573 2402 col-

234 2428 366 2476 ligitur
395 2441 543 2465 omnem
579 2431 730 2477 turpem
759 2426 1016 2465 adulationem
1045 2425 1175 2462 sedulo
1210 2423 1430 2471 fugiendam
1460 2425 1574 2472 atque

236 2485 351 2522 etiam
379 2484 593 2522 rhetoricen
622 2485 669 2521 ad
698 2484 736 2521 id
765 2484 864 2534 quod
893 2484 1034 2520 bonum
1064 2485 1101 2519 et
1130 2481 1273 2518 iustum
1303 2479 1353 2518 sit
1379 2478 1573 2516 conferen-

236 2542 323 2579 dam
353 2555 434 2578 esse
463 2541 514 2590 (p.
548 2542 638 2578 527.
669 2539 736 2587 C.).

320 2599 427 2635 Haec
455 2597 573 2645 igitur
600 2601 659 2635 est
687 2596 802 2634 tertia
830 2594 998 2632 universi
1028 2593 1149 2643 operis
1179 2606 1277 2642 pars,
1308 2604 1383 2641 qua
1408 2589 1571 2640 denique

237 2654 484 2692 disertissime
524 2654 757 2698 declaratur,
808 2651 898 2702 quid
939 2665 986 2688 ex
1025 2650 1125 2686 omni
1164 2648 1421 2698 disputatione
1461 2651 1573 2683 antea

239 2712 382 2760 agitata
411 2711 458 2748 ad
487 2710 698 2759 sapientem
728 2709 830 2748 vitae
860 2707 1155 2745 moderationem
1175 2708 1438 2755 consequatur.
1476 2703 1575 2739 Nam
