1687 2969
661 138 769 176 LXIII

42 251 99 293 ad.
127 251 428 293 illustrandum
460 250 647 293 Phaedri
676 250 947 307 propositum
977 251 1127 305 utique
1160 252 1390 308 plurimum

43 308 182 350 valere
225 309 503 361 arbitramur,
543 308 726 363 primum
767 307 940 362 quidem
971 316 1270 363 argumentum
1303 310 1390 352 dis-

41 366 278 421 putationis
329 366 374 407 in
418 365 501 407 hoc
542 365 653 407 libro
703 365 879 406 omnino
937 364 1099 421 duplex
1154 381 1273 420 esse,
1316 367 1395 408 sed

40 428 270 478 utrumque
307 423 419 477 tale,
476 421 593 477 quod
634 422 754 464 salva
802 422 947 478 operis
988 423 1289 464 convenientia
1330 430 1395 465 at-

42 494 125 534 que
156 480 434 536 simplicitate
465 479 750 522 communiter
778 479 961 521 tractari
992 480 1203 535 potuerit3
1236 479 1392 521 deinde

180 671 382 713 Lysiamm,
425 672 631 714 praesertim
666 682 772 713 quum
808 672 910 704 etiam
945 672 1122 704 orationes
1159 673 1316 706 Socratis
1347 676 1389 706 al»

178 729 219 750 eo
244 718 410 750 confictae
434 719 512 750 sint.
573 718 616 750 Et
640 719 790 760 produnt
824 719 979 760 profecto
1019 718 1121 751 etiam
1157 719 1250 760 ipsae
1290 720 1385 752 huius

177 764 338 796 orationis
373 765 607 806 proprietates
644 764 727 796 hanc
766 764 871 805 ipsius
910 765 1088 806 originem.
1159 765 1389 807 Exaggeravit

178 809 267 842 enim
298 809 397 842 Plato
424 811 455 842 in
486 821 526 843 ea
552 809 678 851 Lysiae
704 810 806 850 vitia,
838 821 905 851 (1110
932 810 1039 851 magis
1067 811 1238 851 castigare
1271 818 1391 855 posset

178 865 269 896 quae
294 855 359 898 ipsi
385 856 416 888 in
443 857 643 898 eloquentia
669 856 789 887 vitiosa
821 859 987 899 planeque
1019 867 1037 887 a
1066 855 1303 899 philosophiae
1336 870 1389 891 ra-

178 902 270 934 tione
301 912 420 934 aversa
453 902 665 941 viderentur,
706 906 742 934 ut
774 912 836 934 nec
867 902 1109 946 Taylorum,
1150 902 1391 937 doctissimum

178 946 369 987 homiuem,
401 948 563 980 miremur
595 948 660 980 Vit.
688 947 768 989 Lys.
798 959 829 989 p.
858 949 952 987 154..
985 949 1174 980 orationem
1207 950 1305 982 istam
1343 951 1393 983 iu-

177 992 346 1025 dicantem
377 993 479 1035 Lysia
504 995 602 1035 plane
634 1004 712 1026 esse
744 994 931 1036 indignam:
962 1004 1165 1035 quamquam
1199 996 1255 1028 ille
1286 997 1316 1028 111
1350 1008 1392 1028 eo

185 1040 301 1080 lapsus
332 1044 385 1071 est
416 1039 636 1080 mirabiliter,
680 1040 772 1082 quod
806 1051 880 1072 eam
920 1040 1095 1081 sophistae
1131 1041 1232 1073 alicui
1273 1047 1394 1074 aetate

175 1084 317 1122 minori,
352 1084 454 1117 'cuius
490 1086 619 1118 mentio
653 1087 689 1118 fit
719 1086 750 1118 in
784 1086 1050 1118 Demosthenica
1082 1087 1238 1118 oratione
1271 1093 1391 1120 contra

173 1129 342 1162 Neaeram
367 1142 397 1173 p.
422 1130 524 1165 1351.
551 1132 578 1172 ἕ,
606 1132 683 1170 2].,
711 1131 971 1164 adscribendam
1000 1131 1173 1164 iudicavit.
1221 1133 1389 1166 Nimirum

174 1185 262 1217 opus
288 1176 349 1208 fuit
366 1178 498 1209 Platoni
526 1187 565 1209 ea
591 1178 758 1215 oratione,
787 1187 875 1218 quae
903 1188 970 1210 non
996 1178 1100 1209 modo
1122 1179 1269 1219 vulgaris
1293 1190 1392 1212 amo-

174 1223 219 1254 ris
245 1221 464 1255 humilitatem
497 1227 621 1256 0111113
647 1233 721 1255 cum
751 1224 823 1265 ipsa
857 1225 957 1255 etiam
994 1224 1182 1264 vulgarium
1217 1225 1389 1258 rhetorum

174 1268 334 1301 humilem
360 1273 394 1300 et
424 1269 596 1301 abiectum
628 1270 798 1309 311111111111,
842 1270 999 1302 celsioris
1038 1271 1174 1312 spiritus
1212 1272 1305 1304 nulla
1348 1283 1389 1304 ex

171 1318 270 1356 parte
295 1324 477 1356 capacem,
504 1320 683 1356 argueret,
711 1325 829 1347 verum
859 1316 961 1348 etiam
990 1316 1207 1355 ostenderet,
1237 1317 1390 1350 dialecti-

176 1370 236 1392 cae
263 1361 510 1402 neglectionem
536 1362 648 1393 omnis
674 1362 816 1393 inertiae
844 1361 979 1393 dicendi
1007 1366 1112 1403 atque
1137 1363 1308 1395 scribendi
1326 1375 1389 1406 po-

174 1406 343 1438 tissimam
362 1417 521 1439 caussam
548 1408 696 1440 existere
711 1408 835 1440 solere.
885 1407 1004 1448 11311110
1030 1419 1048 1440 3
1074 1409 1290 1446 tenuitate
1317 1410 1386 1451 illa,

171 1462 260 1494 quae
287 1452 413 1494 Lysiae
439 1453 576 1495 propria
604 1458 695 1493 erat,
728 1453 904 1496 profectus
938 1455 978 1485 311
1010 1454 1266 1487 similitudinem
1296 1457 1387 1488 veri-

170 1498 250 1531 tatis
275 1498 403 1532 effinxit
432 1509 507 1532 eam
533 1499 741 1540 orationem,
771 1509 860 1541 (11130
893 1504 986 1531 esset
1017 1510 1082 1532 non
1113 1504 1246 1533 tantum
1278 1502 1387 1542 arida,

174 1545 268 1576 sicca
305 1549 340 1577 et
364 1545 493 1584 ieiuna,
537 1545 597 1578 sed
625 1546 723 1578 0113111
751 1545 882 1578 humilis
915 1551 949 1577 et
976 1546 1107 1578 abiecta
1134 1546 1294 1588 adeoque
1321 1558 1387 1580 non

173 1600 298 1632 expers
323 1589 490 1624 inhonesti
517 1601 556 1623 ac
581 1593 691 1632 turpis
717 1591 892 1623 cuiusdam
907 1601 1039 1624 sensus.
1087 1591 1383 1626 Subtilitatem

177 1640 291 1669 autem
318 1636 378 1668 viri
403 1637 445 1669 ad
472 1647 543 1669 rem
571 1647 665 1669 suani
693 1637 736 1668 ita
764 1637 915 1669 traduxit
941 1641 975 1668 et
1000 1637 1167 1677 adhibuit,
1194 1643 1231 1670 ut
1255 1640 1385 1671 oratio-

172 1692 250 1714 nem
275 1682 512 1723 composuerit
539 1683 707 1723 speciosis
733 1687 862 1714 tantum
896 1683 1047 1715 artificiis
1079 1684 1238 1716 oratoriis
1272 1686 1383 1717 niten-

170 1732 261 1768 tem,
292 1728 387 1760 tricis
417 1733 452 1760 et
484 1728 628 1770 argutiis
659 1730 791 1770 plenam
819 1739 861 1760 ac
892 1729 1075 1768 refertam,
1115 1729 1260 1771 denique
1301 1741 1383 1763 vera

171 1774 352 1807 dialectica
383 1778 556 1807 carentem
590 1778 710 1816 utpote
747 1775 832 1807 iusta
874 1775 921 1807 rei
960 1774 1134 1815 primariae
1170 1777 1382 1817 definitione,

169 1823 250 1862 apta
282 1819 428 1862 partium
456 1819 702 1862 descriptione,
739 1820 882 1861 denique
914 1820 1035 1852 idonea
1071 1822 1378 1863 argumentationis

169 1866 411 1908 progressione
443 1870 546 1908 atque
577 1865 697 1899 ordine
723 1866 861 1899 omnino
893 1865 1106 1901 destitutam.
1168 1867 1220 1900 Ex
1252 1868 1375 1910 quibus

167 1912 324 1945 omnibus
349 1913 504 1955 profecto
530 1912 736 1945 necessitate
760 1912 907 1953 quadam
936 1911 1081 1945 efficitur
1112 1913 1194 1953 hoc,
1226 1919 1262 1946 ut
1291 1914 1376 1946 hanc

168 1958 356 1990 orationem
382 1959 424 1990 ab
449 1959 525 2001 ipso
546 1959 690 1991 Platone
716 1959 874 2000 scriptam
901 1962 936 1990 et
960 1959 1101 1991 consilio
1128 1970 1190 1992 suo
1216 1960 1376 1993 sollerter

167 2008 430 2046 attemperatum
457 2015 534 2038 esse
560 2005 756 2037 existimare
782 2004 979 2036 debeamus.
1034 2004 1085 2036 En
1116 2005 1238 2046 igitur,
1271 2004 1374 2038 babeo.

169 2051 234 2084 iam
260 2054 413 2083 nostram
439 2050 483 2084 de
498 2051 665 2093 Lysianae
690 2050 854 2082 orationis
872 2054 1012 2082 auctore
1027 2052 1244 2091 sententiam,
1271 2062 1372 2092 (1113111

168 2105 232 2128 nec
258 2096 309 2136 iis,
336 2106 422 2138 quae
447 2107 509 2139 pro
536 2095 706 2129 contraria
737 2095 904 2128 sententia
932 2096 962 2127 111
988 2096 1135 2129 medium
1167 2099 1265 2129 311313
1282 2102 1371 2136 sunt,

165 2143 235 2174 ullo
260 2141 364 2175 modo
394 2153 553 2176 eversum
580 2146 638 2174 aut
664 2142 902 2174 labefactatum
935 2141 972 2172 iri
999 2143 1242 2176 existimamus.
1283 2143 1373 2176 Nam

167 2188 311 2230 primum
337 2188 470 2229 quidem
495 2189 586 2230 quod
614 2187 768 2220 dictitant
793 2186 1052 2226 dicen‹li,‹„renus
1077 2189 1176 2229 plane
1201 2199 1278 2221 esse
1304 2189 1374 2229 Ly-

167 2234 315 2273 sianum,
346 2235 483 2268 minime
509 2234 663 2277 profecto
694 2233 773 2266 inde
797 2233 1035 2273 consequitur„
1068 2237 1104 2265 ut
1130 2233 1252 2275 Lysias
1283 2234 1373 2267 illius

168 2284 288 2312 auctor
311 2279 486 2313 habendus
517 2281 570 2313 sit.
628 2279 769 2321 Quippe
804 2279 976 2320 expressit
1009 2279 1104 2311 Plato
1136 2290 1237 2320 (1113111
1270 2291 1372 2313 accu-

168 2325 342 2359 ratissime
365 2327 438 2359 fieri
463 2326 573 2370 potuit
597 2326 743 2358 oratoris
768 2324 953 2356 dictionem
980 2324 1103 2357 eodem
1130 2326 1286 2365 artifieio.
1304 2336 1371 2368 (1110

168 2370 243 2403 alibi
280 2371 312 2404 in
349 2372 514 2406 imitando
552 2371 701 2413 Gorgia,
741 2369 941 2410 Agathone,
976 2369 1153 2411 Phaedro,
1194 2373 1372 2410 Pausania,

170 2414 414 2458 Eryximacho,
447 2417 690 2460 Aristophane,
717 2419 923 2457 Protagora,
949 2425 1032 2446 usus
1058 2421 1130 2457 est,
1155 2427 1266 2459 neque
1293 2428 1372 2460 pro-

170 2460 262 2494 fecto
287 2464 382 2496 aliter
407 2465 520 2498 facere
545 2464 672 2507 potuit,
708 2461 872 2503 siquidem
906 2462 1119 2503 propositum
1151 2473 1249 2496 suum
1275 2475 1372 2496 asse—

169 2507 225 2547 11111
261 2509 372 2543 vellet.
434 2513 540 2543 Porro
575 2508 666 2551 quod
705 2508 764 2540 viri
799 2506 988 2539 doctissimi
1027 2508 1175 2541 afferunt
1216 2513 1370 2542 veterum

169 2552 372 2593 scriptorum
411 2557 625 2596 testimonia,
656 2555 715 2596 qui
748 2553 834 2585 hanc
873 2553 1065 2585 orationem
1113 2555 1238 2596 Lysiae
1263 2556 1371 2587 tribu-

166 2597 270 2636 erint,
300 2599 469 2643 Diogen.
494 2602 534 2635 L.
562 2601 618 2634 111.
674 2598 862 2640 Dionysii
911 2598 973 2640 Ep.
1009 2599 1051 2632 ad
1081 2602 1200 2641 Pomp.
1234 2612 1264 2643 p.
1294 2600 1372 2634 126.

167 2643 283 2686 Tyrii
309 2645 410 2680 Max.
439 2648 527 2680 Diss.
551 2646 676 2680 XXIV.
703 2646 734 2679 5.
783 2644 1068 2686 Hermogenis
1094 2646 1268 2679 Deforma
1284 2651 1372 2680 orat.

168 2690 209 2723 ll.
235 2700 266 2732 p.
292 2690 370 2727 4t7.
398 2691 450 2726 ed.
476 2693 578 2727 Lanr.
611 2690 809 2725 Hermiae
842 2701 873 2732 p.
900 2690 954 2723 77.
981 2690 1044 2724 ista
1075 2691 1212 2733 quidem
1239 2693 1380 2726 ratione..
