1687 2969
379 116 794 159 PHAEDRUS.
835 118 883 158 P.
928 120 1009 159 278
1050 117 1112 161 St.
1327 118 1406 158 217

48 235 120 276 καὶ
156 232 351 288 ἀγαθῶν
388 227 477 298 [ἐν]
516 234 671 290 μόνοις
715 232 764 277 τό
800 251 843 277 τε
879 239 1057 289 ἐναργὲς
1087 235 1198 278 εἶναι
1233 236 1304 276 καὶ
1345 241 1409 278 τέ-

48 303 148 344 λεον
181 303 255 344 καὶ
289 298 417 354 ἄξιον
455 304 667 354 σπουδῆς·
718 303 805 344 δεῖν
853 304 897 344 δὲ
934 300 1035 353 τοὺς
1073 299 1301 351 τοιούτους
1335 300 1408 344 λό-

45 384 152 422 γους
183 365 323 411 αὑτοῦ
360 372 571 424 λέγεσθαι
608 368 703 412 οἷον
739 372 843 419 υἱεῖς
880 374 1086 423 γνησίους
1128 369 1253 423 εἶναι,
1292 370 1407 424 πρῶ-

44 451 124 477 τον
165 438 246 490 μὲν
294 433 372 479 τὸν
418 441 463 479 ἐν
511 438 673 491 ἑαυτῷ,
724 435 801 478 ἐὰν
834 434 1032 491 εὑρεθεὶς
1065 439 1150 497 ἐνῇ,
1188 439 1334 478 ἔπειτα
1373 436 1410 478 εἴ

45 518 158 552 τινες
193 500 358 546 τούτου
394 506 565 559 ἔκγονοί
601 520 644 546 τε
681 505 752 545 καὶ
784 502 968 561 ἀδελφοὶ
1006 501 1100 558 ἅμα
1136 509 1181 545 ἐν
1200 500 1402 546 ἄλλαισιν

44 565 192 611 ἄλλων
226 579 391 629 ψυχαῖς
425 569 514 613 κατ’
563 569 694 623 ἀξίαν
732 575 967 629 ἐνέφυσαν·

41 639 210 690 χαίρειν
246 640 327 679 ἐῶν
464 632 594 688 οὗτος
631 640 675 680 δὲ
707 637 729 681 ὁ
770 640 972 688 τοιοῦτος
1006 636 1122 693 ἀνὴρ
1156 637 1405 688 κινδυνεύει,

44 697 75 744 ὦ
118 705 297 758 Φαῖδρε,
338 705 449 748 εἶναι
488 705 584 748 οἷον
623 704 700 758 ἐγώ
741 722 783 748 τε
810 708 881 748 καὶ
915 704 967 748 σι’]
1000 703 1227 760 εὐξαιζιιειΨ
1271 702 1328 746 ἂν
1363 711 1406 747 σὲ

43 786 88 812 τε
125 772 197 813 καὶ
231 773 302 826 ἐμὲ
339 775 562 827 γενέσθαι,

148 872 278 915 ΦΛΙ.
352 871 623 915 Παντάπασι
671 875 750 928 μὲν
802 865 881 916 οὖν
924 876 1054 926 ἔγωγε
1095 870 1316 928 βούλομαί
1363 890 1407 916 τε

43 938 114 979 καὶ
154 934 337 994 εὔχομαι
375 938 402 982 ἂ
438 942 584 993 λέγεις.

143 1036 254 1100 Cap.
302 1036 475 1082 LXIV.
548 1039 654 1082 ΣΩ.
727 1038 898 1082 Οὐκοῦν
935 1037 1016 1093 ἤδη
1055 1042 1292 1082 πεπαίσθω
1338 1058 1410 1093 με,

45 1109 170 1162 τρίως
207 1106 310 1161 ἡμῖν
348 1105 399 1148 τὰ
450 1110 545 1163 περὶ
583 1105 750 1160 λόγων·
798 1110 869 1149 καὶ
906 1106 958 1150 σύ
1000 1124 1042 1151 τε
1082 1105 1231 1150 ἐλθών
1269 1106 1407 1166 φράζε

1024 568 1129 620 τοὺς
1165 572 1208 612 δὲ
1244 568 1406 620 ἄλλους

993 1239 1009 1250 a

137 1284 174 1316 Β.
222 1277 358 1319 οὗτος
382 1283 425 1315 δὲ
449 1281 467 1314 ὁ
495 1286 711 1321 τοιοῦτος
741 1281 844 1327 ἀνὴρ
870 1283 922 1326 κ.]
972 1283 1028 1316 dm*
1058 1284 1228 1318 BDNOP.
1259 1284 1350 1318 Flor.
1377 1296 1410 1326 g.

50 1328 146 1362 Vind.
175 1329 208 1363 4.
234 1330 337 1362 Male.

135 1375 208 1407 καὶ
233 1375 282 1408 συ’
311 1386 355 1406 τε
380 1372 541 1416 ἐλθών]
576 1373 668 1409 Flor.
695 1385 727 1416 g.
753 1373 782 1407 h.
810 1373 911 1407 Vind.
940 1375 971 1409 4.
998 1375 1029 1407 7.
1054 1388 1086 1409 α.
1112 1375 1186 1410 NP.
1212 1375 1267 1407 καῖ
1293 1374 1335 1408 σιί
1360 1388 1411 1419 γε,

41 1421 133 1463 quod
157 1422 223 1454 iam
250 1431 315 1454 non
341 1420 571 1463 probaverim.
606 1431 636 1454 v.
676 1431 751 1454 ann.
800 1420 930 1453 Deinde
955 1424 1038 1455 vett.
1066 1421 1160 1455 editt.
1187 1421 1411 1464 καταβάντες,

41 1467 135 1509 quod
162 1471 215 1500 est
243 1467 274 1499 in
300 1477 370 1499 uno
389 1466 469 1500 Par.
487 1467 531 1498 G·
551 1471 585 1499 et
604 1466 697 1499 Flor.
721 1477 738 1499 a
770 1467 920 1507 ideoque
938 1470 1031 1500 recte
1058 1472 1237 1501 mutatum.
1278 1469 1412 1503 Quam—

43 1523 144 1553 quam
171 1513 237 1555 legi
263 1513 399 1545 videtur
434 1513 535 1544 etiam
568 1513 599 1544 in
628 1512 726 1544 Bodi.
762 1513 832 1545 Pro
858 1513 949 1554 vulg.
976 1513 1009 1548 ἐς
1035 1512 1073 1544 τὸ
1102 1513 1143 1547 Ν.
1171 1525 1189 1547 e
1216 1514 1316 1548 Bodi.
1343 1514 1414 1548 ΛΠ

41 1559 185 1593 ΣΒΟΡ.
211 1559 258 1595 εἰς
282 1559 412 1600 recepi.
439 1559 551 1591 Porro
577 1562 659 1592 vett.
684 1558 783 1591 editt.
805 1558 860 1589 καὶ
880 1560 1033 1590 Μουσῶν
1050 1559 1245 1602 ἠκούσαμεν
1271 1561 1298 1594 λ,
1341 1560 1413 1593 Sed

41 1605 123 1638 Bas.
160 1603 192 1638 2.
229 1614 307 1636 cum
341 1603 434 1638 Flor.
470 1615 501 1638 a.
528 1605 559 1635 b.
587 1614 613 1636 c.
640 1616 673 1646 g.
701 1604 729 1638 Ιι,
756 1605 780 1638 i.
817 1608 857 1638 θ.
888 1604 985 1638 Vind.
1014 1605 1041 1638 1.
1070 1605 1101 1639 3.
1125 1605 1157 1640 4.
1185 1606 1215 1640 6.
1242 1607 1274 1639 7.
1302 1619 1334 1640 α,
1361 1607 1414 1639 alii

42 1653 215 1692 μουσεῖον.
240 1649 341 1684 Bodi.
369 1650 443 1682 Vat.
479 1654 513 1682 et
537 1649 620 1683 Ven.
655 1650 702 1683 Π.
744 1649 901 1692 μούσιον.
953 1651 1131 1693 Vulgatam
1159 1652 1343 1685 lectionem
1372 1663 1412 1685 ne

44 1706 129 1728 uuus
154 1695 292 1738 quidem
318 1696 403 1729 iiber
428 1700 554 1728 tuetur.

44 1854 266 1887 instituuntur
313 1859 416 1896 atque
485 1853 698 1897 philosophis

44 1900 135 1943 digni
176 1905 267 1933 sunt.
321 1901 420 1935 Quae
462 1901 491 1934 si
534 1901 698 1942 probabi-

766 1855 798 1886 ἒν
844 1855 982 1892 τοιὶιοις
1019 1855 1140 1898 μόνοις
1182 1866 1259 1888 cum
1305 1855 1412 1888 Hein-

767 1901 876 1933 dorfio
903 1902 1157 1944 corrigendum,
1188 1907 1247 1934 aut
1272 1903 1304 1933 ἐν
1337 1902 1412 1934 fnn—

43 1947 121 1979 iiter
160 1946 429 1988 disputavimus,
485 1956 586 1978 nemo
631 1947 695 1978 iam

44 1993 130 2033 erit,
164 1993 220 2034 qui
252 1997 314 2026 aut
344 2003 422 2025 cum
459 1993 555 2024 Astio
582 1996 695 2024 totum

42 2037 108 2070 hoc
133 2049 268 2071 comma
286 2044 446 2080 tanquam
465 2038 589 2080 ingenii
607 2039 696 2071 maie

43 2084 115 2116 sani
129 2084 260 2118 foetum
281 2084 524 2121 abiiciendum,
540 2088 600 2116 aut
617 2094 694 2116 cum

44 2129 362 2163 Schieiermachero
410 2135 444 2162 et
493 2129 695 2162 Heindorfio

44 2174 121 2207 δ’σοι
156 2187 217 2218 pro
248 2175 292 2212 ὠς
327 2178 363 2208 οἱ
396 2175 581 2217 legendum
614 2186 697 2208 cen-

46 2225 132 2255 seat.
183 2223 347 2255 Ceterum
374 2220 580 2265 οἷινοὶκρισις,
609 2232 697 2263 quae

44 2267 182 2309 proprie
212 2268 244 2300 in
280 2268 407 2300 iudicio
455 2267 604 2300 habebat
647 2268 698 2299 Ιο-

45 2323 145 2351 cum,
172 2323 248 2346 cum
277 2313 566 2350 Heindorfio
599 2313 699 2345 intel—

46 2358 182 2400 ligenda
217 2359 266 2392 de
300 2359 625 2401 disquisitione
660 2363 701 2390 et

46 2413 242 2436 censura
281 2405 484 2440 orationum.
558 2403 692 2445 Διδαχι)

47 2453 164 2482 cutem
191 2450 338 2482 refertur
362 2451 404 2483 ad
432 2462 513 2490 eos,
547 2451 604 2492 qui
632 2450 715 2481 do?

45 2499 136 2536 nent,
160 2505 226 2537 qua
250 2495 399 2538 quidque
432 2497 474 2529 de
508 2507 612 2529 causa
644 2495 695 2528 di-

48 2541 161 2574 xerint
186 2544 221 2573 et
248 2542 504 2584 explicaverint.

93 2587 132 2621 P.
158 2585 237 2620 278.
287 2586 527 2629 μαθήσεως
562 2586 694 2629 χάριν

46 2632 308 2674 λεγομένοις
341 2632 404 2676 —]
441 2633 470 2667 ΙΙ.
506 2645 535 2668 e.
563 2635 593 2665 in
620 2633 694 2676 phi-

47 2678 198 2722 losophis
235 2679 458 2712 orationibus.
517 2680 600 2713 Mox
633 2683 689 2711 ant

767 1946 861 1979 ditus
894 1947 1100 1989 delendum,
1132 1948 1411 1990 quandoquidem

765 1993 797 2024 in
831 1993 1001 2026 eiusmodi
1042 1995 1304 2037 repetitionibus
1341 1995 1414 2026 sola

764 2040 981 2081 praepositio
1007 2041 1081 2073 sine
1104 2041 1306 2082 pronomine
1323 2045 1413 2073 stare

764 2096 831 2118 non
865 2090 992 2127 potest.
1024 2086 1324 2118 Winckelman
1339 2096 1414 2118 nus

764 2142 826 2174 pro
851 2133 885 2162 ἐν
910 2131 1040 2164 sufficit
1072 2132 1204 2174 λόγοις,
1243 2131 1334 2173 quod
1361 2133 1413 2164 vei

764 2177 928 2210 audaciae
959 2178 1095 2209 nomine
1122 2178 1293 2217 displicet.
1341 2177 1414 2210 No-

767 2223 817 2254 bis
851 2223 1038 2255 assentitur
1065 2223 1345 2255 Hermannus
1380 2229 1414 2256 et

767 2269 799 2301 H
813 2267 927 2300 irsch
940 2268 948 2299 i
961 2270 997 2309 gi
1010 2279 1069 2302 us.
1088 2269 1248 2301 Ceterum
1262 2268 1301 2300 τὸ
1316 2270 1414 2312 ἐναρ-

769 2317 820 2357 γὲς
854 2313 1041 2355 respondet
1074 2318 1114 2356 τῇ
1150 2317 1334 2357 σαφηνείᾳ,
1371 2314 1409 2346 τὸ

769 2361 881 2392 τέλεον
930 2364 1047 2392 autem
1096 2364 1138 2402 τῇ
1195 2360 1413 2403 βεβαιότηιί,

769 2416 872 2448 quam
899 2410 998 2437 antea
1028 2408 1333 2441 commemorabat.

812 2451 888 2482 ἐὰν
914 2449 1124 2493 εὑρεθεὶς
1149 2452 1238 2495 ἐνῇ]
1266 2453 1295 2485 h.
1318 2465 1345 2487 e.
1364 2455 1412 2486 ab

766 2498 858 2540 ipso
885 2498 1106 2542 ingenuis.

811 2543 851 2576 B.
903 2545 1034 2581 οὖτος
1066 2544 1109 2576 δὲ
1147 2542 1163 2575 ὁ
1202 2547 1413 2581 τοιοῦτος

764 2587 782 2619 ἀ
797 2600 812 2618 11
823 2588 841 2628 η’
856 2587 897 2631 ρ]
922 2589 1009 2621 Post
1027 2590 1215 2632 longiorem
1228 2591 1409 2622 verborum

765 2635 932 2666 ambitum
985 2635 1173 2668 subiectum
1217 2636 1329 2668 denno
1364 2637 1410 2667 in-

764 2679 872 2713 sertur
905 2681 1104 2721 pronomine
1145 2676 1252 2717 οὗτος
1291 2682 1411 2714 iterata
