1687 2969
1358 204 1433 239 115

720 204 763 242 P.
796 203 889 241 457.
921 203 979 240 ed.
1012 203 1067 240 St.

448 203 690 242 GORGIAS.

80 316 203 363 σθαι,
242 310 378 362 ὥςπερ
418 311 489 353 καὶ
526 319 577 365 τῇ
617 311 791 365 άγωνίᾳ.
837 309 911 352 ἐὰν
941 310 999 360 δὲ,
1031 306 1171 363 οἶμαι,
1213 307 1436 363 ῥητορικὸς

79 377 307 430 γενόμενός
328 392 388 424 τις
416 373 522 428 κᾷτα
543 377 674 430 ταύτῃ
697 383 748 430 τῇ
768 376 945 428 δυνάμει
966 375 1036 416 καὶ
1064 380 1116 428 τῇ
1144 372 1267 428 τέχνῃ
1297 375 1432 428 άδικῇ,

80 442 133 481 οὐ
172 441 248 481 τὸν
289 441 515 492 διδάξαντα
555 442 621 482 δεῖ
657 444 794 494 μισεῖν
830 455 873 481 τε
912 440 981 482 καὶ
1020 439 1238 492 ἐκβάλλειν
1274 439 1319 481 ἐκ
1348 442 1433 481 τῶν

81 507 258 547 πόλεων.
290 505 451 555 ἐκεῖνος
477 506 554 560 μὲν
581 506 663 559 γὰρ
693 505 759 547 ἐπὶ
787 506 929 560 δικαία
957 506 1073 561 χρείᾳ
1100 505 1368 557 παρέδωκεν,
1409 505 1433 546 ὁ
1465 502 1500 545 C

78 567 118 612 δ’
141 570 342 619 ἐναντίως
368 578 527 625 χρῆται.
557 571 633 612 τὸν
661 567 741 612 οὖν
769 571 848 611 οὐκ
876 571 1020 624 ὀρθῶς
1048 571 1267 623 χρώμενον
1295 574 1433 623 μισεῖν

77 636 242 677 δίκαιον
290 635 360 677 καὶ
399 636 618 689 ἐκβάλλειν
656 635 726 677 καὶ
766 636 1096 684 άποκτιννύναιἹ
1143 631 1227 675 ἀλλ’
1267 636 1318 676 οὐ
1357 637 1433 676 τὸν

77 701 316 751 διδάξαντα.

165 767 268 824 Cap.
300 767 406 809 XII.
467 767 566 806 ΣΩ.
622 761 765 817 Οἶμαι,
797 760 829 805 ὦ
856 767 897 806 Γ
893 766 1030 817 οργία,
1060 764 1130 806 καὶ
1160 763 1204 805 σὲ
1233 761 1432 816 ἔμπειρον

77 829 186 874 εἶναι
235 835 406 873 πολλῶν
452 831 596 884 λόγων
645 830 715 872 καὶ
754 830 1076 882 καθεωρακέναι
1115 830 1160 871 ἐν
1201 831 1346 878 αὐτοῖς
1382 832 1430 871 τὸ

75 898 253 949 τοιόνδε,
285 894 351 938 ὅτι
376 898 428 939 οὐ
452 896 608 952 ῥαδίως
630 897 837 937 δύνανται
859 896 954 948 περὶ
977 888 1038 936 ὧν
1060 896 1114 937 ἂν
1143 895 1432 949 ἐπιχειρήσωσι

78 960 347 1016 διαλέγεσθαι
393 963 681 1024 διο-ρ-ιΞι-ὶὶμενοι
728 962 833 1013 πρὸς
872 962 1081 1014 ἀλλήλους
1115 961 1185 1002 καὶ
1219 962 1431 1014 μαθόντες

76 1027 146 1069 καὶ
186 1028 427 1078 διδάξαντες
455 1026 633 1075 ἑαυτοὺς
662 1026 772 1067 οὕτω
802 1027 1053 1067 διαλύεσθαι
1082 1027 1156 1074 τὰς
1187 1027 1430 1077 συνουσίας,

74 1089 158 1134 ἀλλ’
199 1092 274 1134 ἐὰν
312 1093 408 1145 περί
447 1107 526 1133 του
565 1093 914 1146 άμφιςβητήσωσι
956 1091 1026 1132 καὶ
1062 1092 1119 1145 μὴ
1149 1099 1211 1145 φῇ
1241 1092 1263 1132 ὁ
1294 1090 1432 1144 ἕτερος
1461 1095 1502 1136 D
1539 1122 1545 1126 .

74 1233 114 1264 V.
148 1232 239 1264 Flor.
263 1231 296 1263 b.
330 1231 428 1266 Bodl.
451 1231 611 1271 Routhii‚
635 1231 774 1263 Meerm.
799 1232 889 1273 Aug.
914 1232 1003 1263 Vett.
1028 1230 1120 1262 editt.
1148 1230 1300 1269 δικαίου,

73 1278 176 1310 etiam
200 1277 375 1309 Clarkian.
401 1277 489 1308 tueri
512 1276 656 1307 videtur.

142 1323 180 1354 C.
227 1320 287 1354 ὅτι
324 1318 372 1353 οὐ
411 1318 573 1363 ῥᾳδίως
607 1319 847 1362 δύνανται]
892 1321 981 1352 Vett.
1020 1320 1114 1352 editt.
1150 1324 1227 1362 post
1264 1319 1427 1352 δύνανται

75 1367 205 1400 addunt
227 1367 264 1399 οἱ
287 1365 490 1408 ἄνθρωποι,
523 1366 613 1408 quod
637 1370 771 1407 praeter
795 1377 879 1397 corr.
902 1367 980 1397 Par.
1004 1367 1042 1397 E.
1069 1366 1163 1396 codd.
1191 1376 1307 1398 omnes
1332 1366 1430 1407 igno-

73 1417 161 1445 rant.
208 1413 380 1445 Nimirum
402 1412 503 1444 tertia
527 1422 674 1453 persona
696 1411 831 1442 numeri
854 1410 1000 1452 pluralis
1024 1411 1163 1452 ponitur
1187 1411 1252 1450 sic,
1288 1415 1325 1442 ut
1349 1411 1428 1442 sub-

72 1460 199 1490 iectum
221 1457 383 1500 generale
409 1457 523 1499 (man)
548 1456 780 1499 intelligatur,
813 1456 902 1497 quod
926 1461 1007 1487 vett.
1031 1457 1247 1498 grammatici
1271 1456 1427 1497 suppleto

76 1504 111 1536 οἱ
141 1501 328 1543 ἅνθρωποι
359 1501 590 1534 declarabant.
624 1513 656 1533 v.
682 1501 832 1534 Fischer.
857 1501 899 1532 ad
924 1501 1064 1534 Weller.
1089 1502 1150 1533 III.
1177 1501 1205 1532 1.
1231 1512 1263 1543 p.
1288 1500 1363 1533 252.
1396 1506 1429 1532 et

1338 1230 1428 1272 quod

76 1631 268 1670 τούτοις,
293 1642 340 1664 sc.
366 1636 434 1666 τοῖς
458 1631 583 1664 ὅπλοις.
609 1650 649 1654 —-
677 1631 718 1662 οἱ

75 1677 120 1710 δὲ
137 1677 536 1717 μεταστρέψαντες,
557 1677 598 1707 hi
614 1688 715 1708 vero

74 1734 91 1754 e
123 1723 365 1755 contrario.
404 1724 457 1754 De
486 1722 630 1764 Republ.
656 1723 715 1753 IX.

73 1765 439 1810 p 587.D·013n01-n
463 1766 524 1798 ἐάν
549 1778 594 1801 τις
618 1778 715 1805 μετα-

77 1813 227 1855 στρέψας
268 1831 311 1836 ——
349 1813 447 1854 λέγῃ,
491 1831 535 1835 -
573 1809 717 1854 εὑρήσει

75 1870 103 1890 κ.
122 1871 145 1890 τ.
162 1860 189 1890 λ.
213 1869 245 1890 v.
263 1857 305 1890 ad
321 1869 353 1900 p.
371 1857 447 1890 479.
463 1859 501 1889 Ε.
538 1858 627 1888 Ante
652 1869 716 1888 ουκ

74 1901 197 1944 ὀρθῶς
237 1908 402 1936 commate
437 1902 715 1945 distinguendum

72 1950 278 1992 putavimus.

118 2039 158 2070 P.
181 2036 257 2071 457.
305 2038 346 2069 A.
394 2034 588 2078 ἑιιβραχὺ
613 2036 714 2077 περὶ

76 2082 176 2114 ὅτου
227 2080 280 2114 ἂν
327 2080 555 2124 βούληται]
612 2083 714 2114 Tim.

76 2128 189 2161 Gloss.
212 2138 246 2169 p.
262 2125 323 2159 99:
350 2126 564 2168 ἐμβραχί·
593 2125 714 2158 συντό-

76 2184 146 2212 μως
177 2173 232 2204 καὶ
258 2169 337 2204 οἶόι
362 2171 402 2203 ἐι
426 2172 563 2213 βραχεῖ,
600 2171 661 2203 ubi
685 2182 716 2202 v.
740 2206 741 2209 Ἰ

75 2218 301 2250 Ruhnken.
334 2218 435 2248 Arete
452 2227 532 2248 velo
548 2227 617 2248 vox
639 2227 718 2248 eon-

76 2263 242 2295 neetenda
251 2273 329 2294 eum
337 2263 518 2304 proximis:
536 2266 582 2293 ut
596 2260 718 2293 brevi

78 2308 221 2339 dicam
246 2307 293 2339 de
318 2307 553 2348 quibusvis
578 2308 716 2337 rebus.

79 2371 121 2376 —
146 2357 268 2384 τοῦτο
295 2355 490 2394 ποιῆσαι,
522 2351 631 2382 intell.
658 2348 719 2392 τὴν

79 2395 188 2438 δόξαν
210 2395 452 2437 ἀφαιρεῖσθαι.
498 2396 552 2428 Ad
577 2394 718 2427 δύναιτο

77 2442 188 2474 intell.
216 2439 233 2474 ὁ
261 2439 384 2484 ῥήτωρ.
432 2442 609 2473 Sententia
632 2441 719 2472 haee

79 2491 147 2520 est:
165 2487 238 2519 sed
256 2487 436 2527 idcirco,
453 2488 556 2528 quia
574 2486 719 2517 rhetor

79 2532 122 2564 id
146 2533 293 2564 faeere
317 2535 484 2573 potest,
519 2542 600 2563 non
626 2541 719 2562 con-

78 2578 203 2609 tinuo
243 2587 334 2608 eum
373 2576 499 2608 decet
537 2576 720 2608 medico-

80 2633 171 2654 rum
217 2620 436 2654 laudibus
483 2625 524 2652 et
569 2620 723 2652 existi-

79 2666 268 2698 mationi
314 2667 586 2705 obtrectare,
643 2665 721 2697 sed

80 2715 254 2753 oportet
275 2715 367 2743 arte
387 2711 586 2742 oratoria
607 2711 721 2741 iuste

785 1631 860 1662 uti.
908 1631 1019 1662 Locus
1045 1630 1132 1661 nihil
1158 1630 1261 1662 habet
1285 1629 1427 1661 difficul-

785 1677 875 1715 tatis,
901 1686 1107 1717 quamquam
1125 1676 1161 1706 in
1182 1686 1220 1706 eo
1246 1675 1429 1706 haeserunt

785 1722 850 1752 viri
871 1720 961 1752 docti
974 1721 1009 1752 in
1022 1722 1133 1762 iisque
1144 1731 1252 1762 nuper
1266 1721 1297 1751 A
1307 1731 1322 1752 s
1332 1721 1392 1752 tiu
1401 1730 1428 1751 s.

829 1811 867 1842 B.
914 1809 1162 1852 yezwo‘pcezo's
1217 1821 1278 1842 τις
1327 1804 1427 1852 κᾷτα

788 1854 914 1909 ταύτῃ
950 1859 994 1897 τῇ
1028 1855 1076 1897 δ]
1127 1856 1211 1886 Post
1247 1844 1427 1896 partieipia

785 1895 866 1932 κᾶτα
897 1905 930 1931 et
962 1898 1099 1932 κᾶπειτα
1122 1901 1331 1939 inferuntur,
1368 1899 1428 1931 ubi

785 1942 858 1977 εἶτα
893 1951 926 1977 et
958 1947 1073 1977 «ἔπειτα
1102 1950 1291 1986 exspectes.
1323 1956 1354 1975 v.
1386 1944 1428 1976 ad

784 1991 959 2023 Phaedon.
1000 2002 1031 2032 p.
1064 1989 1116 2023 90.
1153 1992 1191 2022 B.
1230 1995 1263 2022 et
1300 1988 1353 2022 98.
1391 1990 1428 2021 C

785 2036 1008 2068 Heindorf.
1035 2035 1078 2067 ad
1101 2036 1134 2067 h.
1159 2036 1182 2067 l.
1208 2035 1426 2067 Schaefer.

784 2081 914 2112 Melett.
940 2082 1025 2112 critt.
1045 2091 1076 2122 p.
1096 2080 1148 2113 86.
1176 2080 1427 2113 Schneider.

785 2126 827 2158 ad
859 2126 1015 2167 Xenoph.
1047 2127 1149 2157 Mem.
1175 2126 1200 2164 I,
1233 2125 1263 2163 1,
1288 2124 1318 2157 5.
1351 2124 1427 2156 coll.

786 2172 889 2202 Aris
902 2175 973 2212 top
984 2170 1016 2202 h.
1032 2171 1121 2201 Avv.
1134 2181 1164 2202 v.
1180 2168 1278 2202 1443.
1298 2170 1428 2210 Equitt.

786 2214 861 2248 391.
887 2216 1030 2257 Lysis-tr.
1045 2214 1122 2248 560.
1147 2214 1261 2248 Nubb.
1278 2213 1355 2247 623.
1377 2215 1428 2246 ed.

786 2262 902 2293 Herm.

834 2350 1006 2390 Cap.XII.
1024 2349 1060 2380 C.
1082 2350 1148 2380 καὶ
1169 2347 1427 2389 διδάξαντες

789 2392 973 2425 ἑαυτοὺς
1014 2392 1125 2425 οὕτω
1166 2392 1427 2426 διαλύεσθαι

790 2452 813 2470 τ.
849 2438 895 2481 0.]
945 2440 996 2470 De
1027 2439 1171 2481 Republ.
1204 2440 1264 2470 IX.
1295 2450 1326 2480 p.
1351 2437 1429 2471 576.

787 2485 834 2515 E:
871 2482 1077 2518 καταδύντες
1110 2484 1161 2517 εἰς
1193 2483 1330 2515 ἅπασαν
1355 2481 1430 2525 (τὴν

790 2526 900 2569 πόλιν)
934 2529 989 2559 καὶ
1025 2527 1161 2562 ἰδόντες
1187 2527 1294 2561 οὕτω
1322 2527 1430 2568 δόξαν

788 2571 1076 2614 ἀποφαινώμεθα.
1122 2574 1188 2606 Sed
1220 2584 1251 2605 v.
1285 2573 1328 2604 ad
1352 2573 1430 2604 Phi-

788 2618 855 2657 leb.
879 2629 911 2660 p.
937 2617 1030 2658 135.,
1060 2619 1120 2651 ubi
1152 2619 1299 2661 plurima
1331 2617 1430 2649 attuli

790 2663 947 2704 exempla
962 2664 1056 2696 vocis
1077 2662 1166 2696 οὕτω
1182 2663 1363 2706 participio
1382 2662 1431 2693 sic

790 2708 976 2740 subiectae.

1107 2774 1156 2806 8*
