1687 2969
266 133 315 172 10
738 125 1118 172 PLATONIS

263 243 470 301 ριιλαβών
516 245 563 290 τὸ
612 249 787 304 βιβλίον
817 245 845 289 ἃ
882 243 1071 302 μάλιστα
1117 241 1328 300 ἐπεθύμει
1370 244 1611 291 ἐπεσκόπει.

260 332 333 357 και
369 315 503 357 τοῦτο
540 316 656 371 δρῶν
691 314 735 367 ἐξ
776 314 970 357 ἑωθινοῦ
1007 308 1268 367 καθημενος
1308 310 1508 357 ἀπειπών
1552 318 1612 365 εὶς

257 384 501 423 πεοίπατον
537 379 626 442 fiet,
662 380 719 432 ὡς
752 384 831 437 μὲν
865 378 942 435 ἐγώ
981 378 1122 434 οἶμαι,
1159 376 1213 431 νὴ
1248 375 1328 422 τὸν
1364 377 1492 437 κύνα,
1527 380 1612 433 ἐξε-

258 447 524 504 πιστάμενος
567 447 646 491 τὸν
691 448 848 504 λόγον,
894 452 929 490 εὶ
972 443 1060 502 μὴ
1083 443 1201 488 πάνυ
1239 462 1303 496 τις
1337 438 1392 525 {¹732
1426 445 1612 504 μακρός.

258 515 493 570 ἐπορεύετο
530 515 570 558 δ’
610 514 732 566 ἐκτὸς
768 519 961 571 τείχους,
998 517 1070 556 ι’να
1106 510 1310 567 μεὶετῷη.
1349 511 1612 566 ἀπαντήσας
1645 570 1647 573 Ι

260 585 303 625 δὲ
341 585 400 638 τῷ
439 586 642 626 νοσοῦντι
677 585 774 641 περὶ
810 581 952 637 λόγων
995 577 1161 637 ἀκοήν,
1206 578 1310 624 ἰδών
1355 585 1456 637 μέν,
1506 579 1612 625 ὶδών

336 708 391 744 Ἥ.
440 711 703 755 καθήμενος
728 712 816 752 ἀπ.)
844 710 1011 753 Hirschig.
1036 711 1234 755 καθήμενος
1259 711 1355 744 uncis
1380 711 1529 747 seclusit.

1613 706 1630 727 Ι

353 756 457 789 ἰδὼν
488 761 585 800 μέν,
628 758 724 790 ἰδὼν
756 758 897 800 ἧόθη]
937 758 994 789 Sic
1026 757 1124 791 codd.
1157 758 1231 790 fere
1266 757 1308 790 ad
1339 767 1441 790 unum
1477 767 1610 798 omnes,

260 805 414 846 exceptis
448 806 562 846 paucis
582 828 590 844 ,
617 805 647 836 in
672 805 792 844 quibus
818 804 980 845 scriptum
1008 807 1060 835 est
1084 803 1162 835 ἰδὼν
1186 805 1245 845 μὲν
1270 802 1327 835 ἰὼν
1352 800 1437 838 ῥ’σθ.
1464 803 1612 846 Stepha-

259 860 321 882 nus
345 849 449 881 edidit
473 849 550 880 ἰδὼν
574 853 632 888 μὲν
657 849 768 890 ἰόντα,
794 849 885 891 quod
913 858 1001 880 nunc
1025 849 1126 881 nolim
1148 849 1318 891 amplecti.

1388 849 1612 884 inckelmann.

259 895 346 928 coni.
369 895 447 926 ἰὸών
471 898 529 937 μὲν
553 894 601 932 εἷς
624 895 678 929 ὤν.
705 896 766 929 sed
791 905 821 929 v.
848 899 960 928 annot.
1010 894 1093 926 Dein
1119 896 1221 936 vulgo
1245 893 1325 935 ἓξοι,
1350 893 1612 927 adversantibus

308 986 345 1018 Β,
418 985 529 1026 ὁρῶν
577 1004 622 1009 -—
647 984 901 1028 καθήμενος

258 1029 455 1062 ἀπειπών
497 1030 552 1072 -]
601 1031 653 1064 Ne
699 1043 803 1073 quem
853 1032 903 1065 liic

258 1077 512 1119 participiorum
533 1087 716 1109 concursus
734 1080 819 1111 male
845 1077 903 1111 lia-

260 1125 356 1163 lwat,
391 1124 545 1155 Graecos
575 1123 620 1155 ita
648 1126 819 1157 cuniulare
844 1135 903 1156 so-

261 1171 330 1201 lere
376 1169 571 1211 participia.
617 1169 722 1201 sicubi
770 1170 903 1202 diversa

259 1215 389 1246 ratione
415 1214 614 1256 explicanda
645 1219 740 1255 sunt,
774 1216 902 1247 dudum

258 1260 570 1292 demonstraximus
597 1260 638 1292 ad
664 1261 846 1303 hiuthyphr.
871 1272 902 1304 p.

257 1305 338 1340 li.().
355 1307 452 1348 Apol.
473 1306 569 1339 Socr.
589 1306 685 1348 ρ.27.
700 1308 901 1349 A.G0rg.p.

257 1352 335 1386 464.
352 1353 390 1386 C.
412 1351 452 1383 ad
475 1352 602 1383 Pluileb.
624 1363 655 1394 p.
677 1353 730 1385 53.
782 1353 826 1385 Et
852 1353 903 1385 hic

258 1409 394 1440 quoque
425 1398 672 1439 participiorum
698 1398 789 1430 varia
815 1400 901 1431 ratio

259 1449 325 1477 est.
374 1444 456 1476 Nam
491 1447 595 1475 τοῦτο
629 1445 715 1485 δρῶν
740 1445 771 1480 ἐξ
796 1444 902 1477 ἑωθι-

257 1493 320 1520 νοῦ
356 1488 553 1529 καθήμενος
592 1495 661 1522 est:
716 1489 794 1522 hoc
846 1490 903 1523 fa-

258 1535 481 1573 ciensita‚
511 1539 554 1566 ut
582 1535 681 1568 inde
714 1547 733 1568 a
768 1537 901 1568 multo

259 1591 380 1614 mane
416 1581 608 1612 sederet.
665 1582 728 1613 Cui
763 1582 903 1613 subiun-

258 1628 348 1667 gitur
370 1625 542 1666 ἀπειπών,
577 1627 644 1658 ubi
678 1627 902 1669 defatiga-

259 1678 325 1705 tus
369 1677 480 1705 erat.
547 1672 597 1704 Ex
638 1683 706 1714 quo
746 1677 901 1715 apparet,

258 1729 318 1751 cnr
342 1718 623 1760 interpunctionis
643 1720 901 1751 distractionem

258 1765 300 1796 ab
328 1764 492 1796 eiusmodi
529 1765 610 1796 locis
643 1766 789 1798 alienam
824 1770 902 1797 esse

258 1811 469 1843 arbitremur.
518 1809 648 1842 Eadem
671 1812 758 1843 ratio
784 1815 902 1843 tenen—

260 1856 302 1887 da
328 1860 380 1887 est
404 1856 488 1887 iufra
514 1867 544 1897 p.
562 1855 640 1889 245.
661 1859 697 1890 A.
716 1868 746 1899 p.
765 1856 843 1889 251.
863 1856 901 1889 C.

261 1907 295 1933 et
314 1913 344 1943 p.
363 1902 440 1934 253.
460 1904 498 1934 Α.
549 1902 630 1933 Dein
664 1902 695 1933 in
725 1902 835 1933 verbis
861 1900 904 1938 ὡς

258 1952 318 1990 μὲν
349 1946 409 1988 ἐγὼ
451 1946 550 1988 οἶμαι
577 1949 695 1979 vocula
721 1951 802 1988 μέν,
837 1957 902 1979 non

261 1993 439 2025 subiuncto
464 1993 518 2032 δέ,
549 1994 661 2033 posita
687 1998 739 2025 est
764 1993 902 2033 usitate,

260 2039 357 2070 sicuti
385 2038 415 2070 in
442 2038 594 2070 formulis
624 2038 720 2077 οἶμαι
743 2044 815 2080 μέν,
843 2039 903 2069 ὁο-

260 2089 309 2116 mi
331 2086 392 2126 μέν
417 2085 503 2124 aliis,
535 2084 579 2115 ita
606 2088 643 2116 ut
667 2095 745 2126 pars
772 2084 903 2116 oratio-

260 2131 312 2163 nis
344 2140 525 2173 suppressa
556 2133 620 2171 sit,
654 2131 705 2162 cui
741 2130 773 2162 δὲ
805 2129 903 2162 addi-

261 2181 331 2209 tum
344 2187 419 2208 esse
437 2175 595 2215 debebat,
617 2186 644 2207 v.
671 2176 903 2208 Hermann.

262 2222 307 2254 ad
335 2222 446 2263 Viger.
471 2233 503 2263 p.
528 2221 589 2256 841
613 2232 663 2263 sq.
712 2222 815 2254 Falso
841 2221 903 2262 igi·

262 2272 318 2300 tur
343 2268 497 2300 Astius
534 2267 713 2309 legendum
740 2267 902 2300 coniecit:

263 2313 306 2349 ὡς
338 2316 438 2355 γοῦν
477 2312 540 2356 ἐγὼ
580 2313 687 2354 οἶμαι.
743 2313 903 2346 Ceterum

263 2358 482 2392 ludibundum
523 2359 585 2391 hoc
610 2360 765 2391 Socratis
801 2359 905 2391 iusiu-

264 2404 429 2444 randum,
454 2404 490 2445 νὴ
519 2405 581 2436 τὸν
604 2405 708 2446 κύνα,
738 2405 780 2437 ad
810 2409 905 2447 Apo-

265 2452 333 2492 log.
360 2451 455 2484 Socr.
482 2462 509 2484 c.
536 2452 566 2483 7.
594 2452 779 2493 attigimus.

311 2494 563 2535 ἀπαντήσας
586 2497 627 2527 δὲ
650 2501 701 2540 ’τῷ
726 2500 906 2528 νοσοῦν-

264 2555 305 2575 τι
329 2541 430 2584 περὶ
455 2542 483 2574 λ.
508 2541 668 2584 ἀκοήν]
696 2543 844 2583 Νοσεῐν,
869 2544 905 2573 ut

262 2588 340 2623 Lat.
378 2592 639 2628 aegrotare,
681 2588 724 2620 de
764 2598 831 2630 quo
873 2598 904 2621 v.

262 2632 649 2667 Lambi11.adHorat.
675 2632 905 2674 sat.1.6‚30.‚

263 2679 412 2724 positum
448 2677 491 2711 de
516 2678 823 2712 vehementioribus
848 2690 907 2711 cu-

265 2724 479 2773 piditatibus,
513 2734 599 2766 quae
625 2724 803 2769 *hominem
835 2726 906 2759 vel-

969 986 1016 1018 uti
1043 985 1163 1018 morbo
1192 985 1340 1027 quodam
1365 985 1530 1025 afficiunt,
1562 986 1614 1019 le-

969 1032 1060 1073 gitur
1101 1032 1202 1063 etiam
1228 1032 1387 1074 Sympos.
1414 1043 1445 1074 p.
1469 1031 1547 1066 207.
1575 1036 1614 1066 A.

972 1075 1011 1109 Τὰ
1039 1076 1118 1115 Τῖἕζὰ
1146 1078 1203 1108 καὶ
1228 1090 1268 1109 ἴα
1296 1089 1403 1119 fl‘lnl'b(
1430 1082 1612 1110 110001111-

970 1122 1018 1155 roi
1045 1135 1078 1154 τε
1103 1122 1214 1154 πάντα
1236 1123 1290 1154 καὶ
1315 1125 1478 1167 ἐρωτικῶς
1502 1124 1614 1155 διατι-

970 1171 1111 1211 θέμενα.
1137 1168 1278 1201 Theaet.
1305 1180 1337 1212 p.
1366 1168 1440 1203 169.
1462 1169 1499 1202 Β.
1524 1169 1613 1202 conf.

971 1215 1163 1247 Grammat.
1213 1214 1304 1256 apud
1356 1215 1611 1249 Valckenar.

970 1261 1109 1294 Diatrib.
1135 1261 1165 1292 in
1192 1260 1308 1303 Eurip.
1333 1261 1470 1303 Fragm.
1496 1271 1527 1303 p.
1554 1260 1611 1295 80.

970 1305 1268 1347 Wyttenbacli.
1301 1307 1387 1340 Bibl.
1429 1306 1511 1340 Crit.
1535 1306 1612 1341 Vol.

970 1352 1009 1384 ll.
1025 1352 1129 1385 P.1v.
1147 1363 1178 1394 p,
1188 1353 1230 1385 73
1246 1362 1294 1393 sq.
1343 1352 1495 1384 Eandem
1523 1356 1615 1384 stru-
1637 1390 1639 1392 ,

971 1402 1101 1430 cturam
1129 1397 1231 1430 habes
1260 1397 1480 1430 Plutarch.
1505 1397 1547 1432 T.
1570 1398 1612 1433 ll.

972 1455 1003 1486 p.
1029 1443 1107 1477 462.
1135 1444 1177 1476 D.
1212 1442 1400 1485 ἀνθρώπου
1424 1443 1612 1485 φιλολίθου

969 1489 1024 1520 καὶ
1050 1490 1129 1532 περι
1154 1490 1339 1532 σφραγίδια
1368 1490 1534 1530 πολυτελῆ
1558 1502 1615 1521 νο-

970 1540 1032 1568 σοιῖ
1036 1547 1122 1572 noc
1173 1536 1358 1567 Articulum
1382 1539 1429 1579 τῷ
1453 1539 1533 1568 ante
1558 1547 1618 1567 νο-

971 1585 1110 1621 σοῦντι,
1148 1591 1212 1623 pro
1239 1591 1307 1622 quo
1334 1580 1526 1623 Stephanus
1551 1594 1613 1623 τῳ,

969 1628 990 1661 i.
1028 1638 1056 1661 e
1088 1628 1171 1666 -ιιν,ί
1211 1626 1425 1659 scribendum
1460 1627 1615 1669 putabat,

971 1672 1204 1706 Heindorf.
1239 1673 1349 1704 minus
1385 1677 1479 1705 recte
1506 1673 1615 1715 expli-

971 1724 1026 1751 cat
1051 1719 1305 1761 aegrotanti
1334 1718 1516 1753 cuidam.
1542 1719 1616 1751 lmo

970 1770 1045 1797 est:
1067 1765 1126 1805 ei,
1152 1764 1222 1805 qui
1242 1764 1400 1796 misere
1420 1769 1615 1807 cuperet.

969 1810 1101 1852 Lepide
1147 1810 1236 1842 enim
1286 1810 1448 1841 Socrates
1507 1815 1619 1842 semet

968 1856 1080 1899 ipsum
1108 1855 1282 1897 significat.
1309 1854 1397 1888 conf.
1423 1866 1454 1896 p.
1474 1854 1552 1889 227.
1576 1856 1614 1887 B.

970 1901 1055 1934 extr.
1105 1901 1222 1942 ltaque
1258 1904 1302 1944 τῷ
1334 1905 1494 1932 νοσοῦντι
1524 1901 1614 1934 idem

971 1952 1023 1979 est
1047 1946 1137 1988 qnod
1163 1946 1249 1989 ἐμοί,
1285 1950 1395 1987 Atque
1422 1945 1496 1978 hinc
1512 1947 1615 1980 etiarn

969 1993 1101 2025 facilem
1117 1992 1220 2025 habet
1235 1992 1506 2034 explicationem,
1522 1992 1615 2035 quod

972 2039 1134 2080 deinceps
1177 2038 1298 2069 dicitur
1337 2036 1393 2069 ὅτι
1431 2037 1494 2074 ἕξει
1540 2038 1618 2070 τὸν

973 2086 1332 2127 συγκορυβανῑιῶνῖαξ
1359 2083 1454 2115 cuius
1477 2084 1616 2116 rationis

973 2132 1129 2171 exempla
1155 2129 1197 2161 ad
1223 2130 1384 2172 Reipubl.
1402 2129 1472 2164 Vll.
1490 2141 1522 2172 p.
1538 2129 1618 2164 524.

972 2176 1012 2210 E.
1039 2176 1270 2209 indicavimus.

1019 2266 1124 2299 ἰδὼν
1155 2268 1248 2310 μέν,
1279 2265 1379 2298 ἰδὼν
1404 2265 1522 2309 ἧόθη
1548 2268 1615 2310 -]

974 2313 1032 2345 Sic
1058 2313 1130 2345 libri
1159 2323 1237 2345 mss.
1264 2312 1385 2344 Lectio
1412 2314 1501 2355 vulg.
1535 2312 1617 2345 ἰδὼν

971 2360 1032 2402 μὲν
1069 2355 1167 2390 ἰόντα
1207 2356 1300 2399 ἧόθι]
1343 2369 1386 2390 ex
1423 2359 1616 2400 importuna

971 2404 1066 2437 scioli
1093 2404 1231 2436 alicuius
1249 2405 1462 2437 correctione
1480 2405 1618 2437 fluxisse

971 2450 1122 2489 videtur,
1170 2450 1225 2490 qui
1269 2454 1479 2482 venustatem
1517 2449 1614 2482 liuius

974 2495 1280 2537 conduplicationis
1296 2506 1361 2528 non
1377 2496 1531 2535 sentiret,
1555 2506 1615 2527 cu—

971 2544 1023 2574 ius
1048 2541 1192 2582 plurima
1220 2544 1375 2584 exempla
1407 2542 1618 2582 collegerunt

972 2587 1155 2620 Dorvill.
1189 2587 1233 2620 ad
1268 2587 1440 2620 Chariton.
1478 2597 1510 2628 p.
1534 2587 1614 2620 311.

972 2633 1028 2666 Kr
1041 2635 1059 2663 ii
1071 2643 1092 2674 g
1105 2643 1122 2664 e
1136 2643 1161 2666 r.
1189 2633 1231 2665 ad
1248 2633 1386 2674 Dionys.
1404 2632 1614 2673 Historiogr.

973 2690 1005 2721 p.
1022 2678 1078 2713 11.
1100 2679 1124 2709 Α
1139 2679 1252 2711 stius
1266 2679 1308 2711 ad
1327 2679 1433 2720 Legg.
1450 2688 1480 2720 p.
1498 2677 1520 2712 5
1539 2687 1615 2719 sqq.

975 2728 1009 2758 et
1018 2723 1061 2758 ad
1075 2723 1218 2758 Phaedr.
1230 2724 1348 2768 p.273.
1361 2724 1412 2758 ed.
1429 2724 1455 2757 1.
1498 2723 1617 2765 Neque
