1687 2969
356 216 597 256 GORGIAS.
626 216 669 254 P.
701 218 794 253 480.
827 217 919 252 481.
950 215 1008 253 ed.
1040 215 1095 253 St.
1325 215 1400 250 189

32 341 101 380 ²78
142 322 196 367 αὖ
233 325 524 380 μεταβαλόντα
563 325 597 366 εἰ
633 327 716 378 ἄρα
744 324 810 365 δεῖ
837 339 932 364 τινα
961 325 1100 371 κακῶς
1128 325 1286 372 ποιεῖν,
1329 322 1401 363 εἴτ’

34 387 35 392 ’
59 391 218 446 ἐχθρὸν
240 391 320 432 εἴτε
347 391 559 441 ὁντινοῦν,
590 389 664 431 ἐὰν
693 390 828 442 μόνον
856 388 912 443 μὴ
943 390 1070 437 αὐτὸς
1097 385 1291 442 ἀδικῆται
1318 387 1403 428 ὑπὸ

32 453 136 498 Ὶτοῦ
176 455 355 511 ἐχθροῦ·
394 463 520 497 τοῦτο
559 455 635 509 μὲν
670 455 752 508 γὰρ
782 453 1057 507 εὐλαβητέον·
1100 453 1174 495 ἐὰν
1203 454 1246 495 δὲ
1275 456 1405 494 ἄλλον

62 518 185 576 ἀδικῇ
215 522 238 564 ὁ
267 520 432 576 ἐχθρός.
461 521 588 562 παντὶ
615 521 757 576 τρόπῳ
786 518 1156 572 παρασκευαστέον
1183 518 1252 559 καὶ
1280 519 1405 571 προέτ-

26 603 187 641 -μτοντα
215 586 284 628 καὶ
313 585 499 641 λέγοντα,
544 583 658 635 ὅπως
686 584 741 640 μὴ
771 586 830 641 δῷ
861 586 994 638 δίκην,
1025 585 1128 639 μηὸὲ
1158 583 1263 638 ἔλθῃ
1292 584 1406 635 παρὰ

60 655 136 694 τὸν
170 654 394 707 δικαστήν·
436 651 510 693 έαν
552 651 594 693 δὲ
624 650 741 705 ἔλθη,
781 649 1054 704 μηχανητέον
1097 650 1210 698 ὅπως
1240 665 1294 690 αν
1321 650 1406 690 διοι-

61 720 178 773 φύγη
218 717 288 760 καὶ
325 734 381 771 μη
421 718 481 774 δῷ
521 718 642 771 δικην
672 717 694 757 ὁ
725 716 894 770 ἐχθρός
936 714 1024 756 αλλ
1057 715 1129 756 ἐάν
1158 730 1199 755 τε
1230 716 1408 768 χρυσίον

60 784 261 839 ἡρπακὼς
289 783 314 837 ᾑ
344 785 475 831 πολύ,
516 800 572 836 μη
602 779 724 823 ἀποὸι
732 784 791 823 ὁῶ
820 786 967 830 τοῦτο,
1010 777 1097 821 ἀλλ’
1129 779 1234 834 έχων
1265 782 1407 822 α’ναλί-

64 860 210 904 σκηται
246 849 316 890 καὶ
358 849 414 897 εἰς
452 847 605 889 ἑαυτὸν
643 847 711 888 καὶ
750 848 807 896 εἰς
845 847 944 895 τοὺς
972 845 1125 887 ἑαυτοῦ
1154 846 1311 895 ἀδίκως
1338 846 1404 887 καὶ

64 910 219 963 (ἰθέως.
250 913 324 955 ἐάν
351 929 393 954 τε
422 915 618 955 ’θανάτου
647 913 740 963 ἄξια
770 913 980 966 ἠδικηκὼς
1010 909 1049 964 ᾖ
1079 912 1192 960 ὅπως
1220 913 1276 965 μὴ
1307 910 1408 952 ἁπο-

63 982 281 1030 θανεῑται,
323 982 500 1032 μαλιστα
539 979 616 1032 μὲν
654 975 882 1032 μηδέποτε,
924 973 1012 1018 ἀλλ’
1052 976 1270 1026 ἀθάνατος
1299 976 1412 1019 ἔσται

61 1045 249 1098 πονηρὸς
270 1045 343 1094 ὤν,
374 1043 471 1085 εἰδὲ
495 1045 565 1097 μή,
598 1041 712 1092 ὅπως
733 1045 788 1092 ὡς
811 1047 1007 1084 πλεῖστον
1028 1045 1184 1096 χρόνον
1214 1044 1410 1095 βιώσεται

131 1185 166 1216 Ρ.
191 1182 267 1217 481.
314 1180 431 1218 ὅπως
464 1181 514 1226 μὴ
548 1182 605 1226 δῷ
638 1182 782 1226 δίκην]
818 1183 857 1214 V.
891 1182 983 1225 διδῷ.
1034 1183 1208 1215 Aoristum
1232 1187 1413 1215 servarunt

65 1230 182 1262 Clark.
207 1230 285 1261 Vat.
308 1230 393 1263 Ven.
422 1228 501 1261 ΞΣ.
534 1229 634 1260 Vind.
662 1230 691 1261 1.
716 1228 746 1260 52.
772 1229 802 1261 6.
829 1227 858 1260 7.
890 1228 1410 1260 P·11·.BCF1W.F101·.a.b.

66 1287 93 1308 c.
118 1275 148 1306 d.
173 1286 217 1306 m.
241 1286 271 1307 0.
294 1286 327 1305 x.
352 1274 448 1308 Bodl.
474 1276 562 1317 A.ug
587 1275 726 1306 Mem-m

133 1318 247 1353 ὅπως
279 1318 329 1350 ἂν
361 1319 555 1362 διαφύγῃ
590 1332 657 1351 και
684 1317 736 1362 μὴ
764 1320 819 1350 δῶ
846 1318 893 1361 ὸ.]
929 1320 968 1350 V

67 1365 158 1396 Flor.
183 1376 216 1397 x.
250 1365 299 1408 δῷ
333 1363 360 1396 δ.
409 1365 448 1396 In
474 1366 564 1397 Flor.
589 1365 619 1396 d.
653 1371 703 1396 est
734 1364 819 1396 διδῶ
852 1364 960 1406 δικην.
994 1341 1079 1395 conss
1114 1369 1229 1396 annot.
1279 1366 1361 1396 Mox
1394 1378 1405 1395 7

65 1415 141 1452 post
173 1407 336 1453 ἡρπακώς
361 1421 426 1442 om.
451 1410 567 1442 Clalmk
592 1411 668 1441 V.at
694 1409 1413 1442 Rind.1.6.P-a1.ssc}1WFlona.

66 1456 96 1487 b
123 1466 152 1488 c.
175 1466 220 1487 m.
244 1466 275 1488 o.
300 1467 333 1487 x.
358 1460 390 1487 et
413 1466 461 1497 pr.
487 1457 524 1487 E.
575 1455 675 1496 Quod
707 1456 735 1486 si
769 1466 886 1487 velum
919 1462 980 1494 est,
1015 1467 1056 1487 ex
1082 1456 1237 1507 pioximo
1262 1455 1413 1487 membro

64 1495 84 1543 ᾖ
110 1500 372 1544 intelligendum
397 1502 469 1532 erit.
517 1501 583 1533 Sed
608 1511 743 1540 vereor,
774 1512 815 1532 ne
847 1507 982 1553 propter
1007 1501 1241 1543 repetitionem
1266 1502 1324 1532 hie
1350 1501 1415 1533 eie—

66 1551 157 1578 etum
181 1547 225 1578 sit
248 1557 267 1578 a
290 1547 522 1588 grammaticis
547 1557 647 1588 saepe
671 1547 760 1577 male
786 1547 941 1578 curiosis.

135 1588 302 1625 ἀδίκως
328 1591 394 1624 καὶ
420 1589 582 1634 ἀθέως]
608 1589 774 1631 ᾰθέσμως
798 1593 884 1623 Ven.
913 1591 990 1624 ΞΣ.
1026 1592 1127 1622 Wind.
1153 1591 1183 1624 2.
1209 1590 1239 1624 6.
1273 1592 1347 1623 Par.
1375 1592 1414 1623 W.

68 1637 154 1679 Aug.
181 1638 322 1669 Meerm.
895 1675 905 1680 -

135 1680 208 1714 ἐάν
241 1693 280 1714 τε
316 1679 514 1713 θανάτου
548 1679 661 1724 ἄξια]
702 1679 765 1713 ἑάι·
798 1693 829 1712 τε
862 1681 905 1713 αὑ
938 1682 973 1712 θ.
1008 1681 1090 1712 Ven.
1119 1682 1158 1713 Σ.
1198 1681 1300 1715 Vind.
1326 1680 1357 1715 2.
1385 1680 1415 1713 7.

66 1723 156 1759 Flor.
182 1727 213 1759 d.
231 1724 271 1760 'x.
302 1727 391 1770 Aug.
416 1727 556 1758 Meerm.
589 1732 622 1758 et
654 1727 732 1758 edit.
766 1728 842 1758 Bas.
874 1727 906 1759 2.
954 1727 1042 1758 Dein
1077 1727 1170 1769 vulg.
1196 1724 1415 1769 circoffam'lmc

66 1784 109 1804 ex
134 1772 250 1805 Clark.
274 1772 350 1804 Vat.
376 1773 462 1804 Ven.
489 1771 569 1805 ΞΣ.
606 1771 708 1803 Vind.
733 1772 763 1803 ’2.
788 1771 818 1804 6.
845 1770 873 1803 7.
906 1773 981 1803 Par.
1010 1772 1236 1804 BCFIVW.
1267 1772 1358 1804 Flor.
1386 1783 1414 1806 a.

69 1817 98 1849 b.
124 1829 152 1850 c.
179 1818 209 1850 d.
235 1829 276 1850 m.
303 1829 331 1850 o.
358 1828 390 1849 x.
416 1818 504 1860 Aug.
530 1817 627 1850 Bodl.
653 1819 794 1850 Meerm.
819 1822 1017 1849 correctum.

995 1317 1076 1361 δωή.
1127 1320 1229 1350 Recte
1254 1318 1354 1350 Wind.
1381 1318 1411 1350 6.

67 1947 116 1978 ita
156 1951 195 1979 ut
237 1947 396 1990 apodosis
436 1948 616 1989 postremis
655 1958 709 1979 ac-

70 1992 285 2025 commodata
309 1994 363 2025 sit.
410 1994 462 2025 De
490 1991 553 2024 ἐάν
576 1997 654 2035 post
678 1992 712 2024 εί

68 2038 166 2070 illato
197 2049 229 2071 v.
262 2049 340 2070 ann.
372 2038 415 2070 ad
447 2039 553 2081 Legg.
585 2039 644 2070 IX.
678 2049 709 2080 p.

69 2081 147 2115 872.
171 2084 209 2115 E.
233 2082 406 2115 Phaedon.
430 2094 461 2125 p.
487 2083 540 2116 93.
565 2084 602 2115 Β.
644 2084 710 2115 No-

69 2128 174 2160 tanda
196 2138 277 2160 vero
301 2132 476 2170 praeterea
500 2133 551 2160 est
573 2128 711 2161 ubertas

70 2174 244 2214 orationis,
279 2185 347 2215 qua
369 2176 519 2216 graviter
541 2175 711 2206 indicatur

71 2219 243 2251 contraria
273 2219 324 2251 rei
346 2220 445 2252 ratio.
492 2219 578 2251 Nam
602 2220 711 2261 primo

71 2264 154 2296 dicit
186 2262 409 2302 τούναντίον,
449 2269 620 2304 eontra,
656 2265 712 2296 de-

72 2309 152 2341 inde
191 2304 251 2346 αὖ,
305 2321 354 2341 ex
395 2309 536 2341 altera
574 2316 712 2351 parte,

72 2355 219 2396 denique
244 2354 337 2387 addit
362 2352 604 2397 μεταβαλόντα,
635 2366 713 2386 mu-

73 2404 172 2432 tata
195 2400 386 2440 ratione,
412 2401 627 2432 vicissim.
662 2401 715 2431 Ita

73 2445 164 2477 enim
215 2443 416 2487 μεταβαλών
470 2456 713 2487 saepenumero

73 2493 257 2532 usurpatur
269 2490 359 2532 apud
373 2491 567 2523 Platonem:
582 2490 715 2522 Phileb.

74 2546 105 2577 p.
139 2534 194 2567 51.
224 2536 273 2567 A:
322 2534 388 2578 ἐγώ
431 2535 472 2578 δὴ
504 2534 715 2591 mnecpdoopcac

75 2579 276 2622 μεταβαλών
297 2582 476 2622 σημαίνειν
496 2579 574 2620 ὑμῐπ
599 2579 641 2613 αι’
648 2581 704 2615 τα’

76 2625 161 2657 [bid.
184 2636 216 2667 p.
241 2624 294 2657 21.
322 2626 372 2656 D:
410 2623 468 2656 τὸν.Ι
504 2611 543 2658 δὲ
569 2630 627 2657 τοῦ
654 2638 716 2658 701

75 2668 322 2712 μεταβαλόντες
366 2664 409 2702 αὖ
453 2671 535 2712 βίοι
574 2670 717 2710 ι’δωιιει.

75 2716 182 2747 Plura
221 2715 351 2747 dabunt
389 2716 630 2748 Markland.
675 2716 716 2748 ad

77 2761 243 2793 Maxim.
270 2762 369 2802 Tyr.
387 2772 418 2802 p.
435 2760 510 2793 677.
536 2766 569 2793 et
593 2762 717 2793 Hein-

779 1946 884 1978 dorf.
917 1946 959 1978 ad
990 1947 1023 1978 h.
1048 1947 1069 1978 1.
1102 1966 1146 1970 -
1175 1946 1219 1978 ἑὰ
1234 1959 1250 1977 ν
1275 1945 1385 1986 ⁴uo'vo
1402 1960 1419 1977 ι’

779 1990 828 2035 μὴ
862 1989 992 2025 αὐτὸς
1025 1990 1226 2035 ἀδικῆται
1260 2004 1286 2024 κ.
1324 2006 1346 2024 τ.
1381 1994 1417 2025 λ..

779 2037 1004 2069 dummodo
1037 2038 1129 2079 ipse
1161 2049 1242 2069 non
1269 2038 1317 2069 ab
1343 2038 1418 2069 ini-

779 2084 887 2114 mico
948 2083 1188 2115 afficiatur
1238 2084 1418 2122 iniuria,

780 2129 941 2169 quoniam
973 2129 1107 2160 seilicet
1137 2130 1202 2160 isto
1233 2134 1333 2170 pacto
1364 2138 1419 2160 ne-

780 2184 873 2205 cesse
893 2174 1004 2213 fuerit,
1028 2179 1065 2205 ut
1085 2174 1170 2206 alter
1193 2174 1227 2204 in
1253 2174 1419 2205 iudicium

781 2223 919 2250 vocetur
943 2225 976 2250 et
1000 2220 1089 2251 iusta
1105 2229 1215 2260 poena
1240 2219 1420 2256 afficiatur,

781 2264 871 2305 quod
913 2263 1072 2295 beneficii
1108 2264 1185 2296 loeo
1225 2264 1419 2296 habendum

781 2310 894 2341 fuerit.

1013 2352 1196 2392 μάλιστα
1236 2354 1314 2393 μὲν
1353 2367 1420 2396 μη-

784 2398 958 2442 δὲποτε]

1007 2400 1103 2431 Haec
1150 2411 1193 2432 ne
1241 2411 1339 2441 quem
1386 2402 1420 2431 in

783 2444 936 2476 fraudem
974 2445 1158 2484 inducant,
1199 2445 1421 2488 cogitandum

783 2494 834 2521 est
864 2490 964 2531 plene
997 2490 1178 2522 dicendum
1203 2491 1324 2522 fuisse:
1360 2490 1421 2529 μα’-

784 2536 877 2566 hoza
900 2535 964 2573 μὲν
988 2535 1211 2577 μηχανητέον,
1244 2534 1337 2569 ὅπως
1362 2547 1422 2577 μη-

787 2580 906 2611 δέποτε
930 2577 1170 2612 ἀποθανεῖται.
1205 2582 1257 2613 De
1282 2579 1423 2619 μάλιστα

786 2625 864 2663 μέν.
901 2625 937 2656 εί
958 2624 995 2657 δὲ
1020 2625 1080 2668 μή,
1118 2637 1148 2656 v.
1176 2627 1362 2657 Boeekh.
1388 2627 1422 2656 in

786 2671 867 2701 Min.
884 2681 913 2711 p.
928 2669 981 2704 87.
1003 2672 1203 2713 Krueger.
1222 2671 1263 2703 ad
1279 2672 1423 2712 Dionys,

786 2726 816 2756 p.
832 2714 886 2747 27.
913 2716 1033 2747 Herm
1045 2727 1134 2747 ann.
1152 2716 1195 2747 ad
1212 2716 1354 2749 Lueian.
1371 2717 1422 2747 De

787 2762 903 2793 histor.
928 2763 1096 2793 conscrib.
1121 2773 1151 2803 p.
1177 2760 1252 2793 284.

1437 585 1516 626 481

1441 1045 1477 1085 Β
