1687 2969
415 194 487 230 AD
517 193 759 231 GORGIAM
789 194 1058 231 PLATONIS.
1379 198 1429 231 43

84 307 158 345 Sed
179 307 294 344 etiam
313 307 396 345 viro
416 307 621 345 sceleribus
643 306 788 355 polluto
808 306 934 355 puniri
955 309 1091 346 melius
1112 321 1205 353 esse,
1227 320 1341 358 quam
1363 307 1431 344 cri-

82 364 228 401 minum
245 377 386 413 poenas
408 377 484 401 non
496 364 611 410 luere,
632 363 671 399 id
690 376 737 400 ex
756 376 799 400 eo
819 376 1014 412 apparere,
1037 366 1149 415 quod,
1170 378 1289 415 quum
1306 363 1434 401 omnia

82 420 182 458 iuste
226 422 328 458 faeta
376 421 468 458 item
516 420 648 469 pulcra
687 420 764 457 sint
802 419 962 470 ideoque
1000 421 1103 459 iusta
1141 434 1263 470 poena
1302 421 1434 458 eadem

83 477 215 526 pulcra
254 477 398 514 censeri
435 478 592 523 debeat,
638 476 751 513 simul
789 489 879 514 vero
924 478 1040 515 etiam
1080 478 1345 515 liberationem
1385 479 1432 514 ab

83 533 337 582 improbitate,
368 547 514 571 summo
545 533 659 570 animi
681 533 792 579 malo,
823 533 969 580 afferat,
1000 535 1043 580 is,
1076 535 1142 584 (1111
1170 534 1324 583 impune
1355 547 1433 571 sce-

86 590 206 627 lestus
243 590 310 636 sit,
352 590 546 628 iniustitia
584 595 632 627 et
670 590 971 638 turpissima
1011 594 1058 628 et
1088 591 1305 639 pessima
1343 604 1432 627 ma-

86 646 319 698 ximeque
357 648 592 684 damnosa
630 647 800 683 laborare
831 647 1057 684 iudicandus
1087 647 1147 684 sit.
1206 648 1266 683 Ex
1295 647 1434 697 quibus

84 703 259 740 omnibus
288 704 452 754 denique
492 703 684 751 colligitur
722 703 931 741 maximum
961 706 1102 741 bonum
1132 717 1214 741 esse
1243 703 1435 741 iniustitia

84 772 238 807 vacare,
269 774 389 810 quum
418 764 546 797 autem
584 760 748 797 iniustus
778 760 847 806 sis,
891 762 937 797 ab
969 774 1013 797 ea
1052 760 1243 798 iniustitia
1281 761 1432 797 liberari

84 830 230 853 summo
270 817 360 854 huic
398 818 496 854 bono
536 830 617 854 esse
647 817 882 865 proximum,
924 817 1095 854 omnium
1133 821 1263 854 autem
1301 817 1433 854 miser-

83 873 222 910 rimum
251 887 333 911 esse
362 873 548 911 iniustum
578 887 659 910 esse
690 887 814 924 neque
836 875 966 923 poenis
996 874 1147 911 luendis
1178 875 1224 910 ab
1243 874 1435 911 iniustitia

86 930 235 967 avocari
265 936 303 967 et
333 931 380 967 ad
409 930 597 968 iustitiam
628 931 796 967 converti
838 932 887 979 (p.
921 933 1168 968 476—479.
1199 929 1272 978 E..)
1331 931 1434 968 Hinc

87 990 215 1023 autem
245 987 421 1033 efficitur,
462 992 506 1024 ut
535 987 666 1024 rhetor
695 1000 763 1024 1100
796 988 879 1024 aliis
910 988 1050 1024 inferre
1080 988 1216 1024 debeat
1254 987 1434 1024 iniuriam

85 1056 239 1080 ——nam
258 1043 296 1080 id
307 1044 451 1080 malum
461 1043 610 1093 ipsique
625 1045 848 1080 damnosum
868 1044 1123 1090 &nnec—si
1136 1044 1277 1081 iniuste
1302 1044 1434 1092 egerit,

85 1099 124 1136 id
154 1101 326 1146 studere,
366 1104 411 1137 ut
438 1113 599 1149 poenam
629 1101 806 1147 effugiat,
848 1101 1027 1151 quoniam
1064 1101 1234 1151 alioquin
1265 1101 1433 1138 omnium

85 1156 184 1194 foret
211 1156 446 1194 miserrimus
482 1156 533 1206 (p.
565 1160 656 1193 480.
689 1160 779 1193 481.
811 1157 881 1201 B).
941 1159 1078 1208 Itaque
1109 1158 1229 1194 altera
1258 1158 1330 1194 hae
1359 1157 1434 1195 dis-

37 1232 39 1234 ·
86 1213 296 1262 putationis
325 1218 433 1262 parte
464 1217 622 1262 apparet
651 1214 803 1250 omnino
834 1215 869 1251 id
902 1215 979 1262 agi,
1010 1219 1070 1260 ut,
1103 1215 1193 1251 dum
1222 1214 1433 1252 rhetoricae

87 1274 126 1307 et
156 1269 227 1307 arti
258 1270 360 1308 civili
391 1270 473 1307 laus
502 1284 671 1307 summae
701 1271 895 1319 potentiae
923 1271 1088 1321 indeque
1116 1271 1325 1308 exorientis
1355 1271 1434 1320 opi-

86 1330 199 1364 natae
246 1327 440 1364 felicitatis
488 1327 667 1376 eripitur,
718 1328 850 1364 eadem
889 1341 1003 1377 opera
1048 1328 1208 1365 honeste
1257 1328 1434 1378 iusteque

87 1382 223 1431 agendi
253 1383 392 1421 rationi
421 1396 490 1421 sua
507 1384 674 1432 dignitas
694 1384 910 1422 vindifflftur
940 1390 988 1431 et,
1009 1398 1155 1421 summo
1179 1385 1434 1421 humanarum

90 1439 282 1476 actionum
310 1440 398 1486 fine,
427 1441 499 1477 hoe
529 1447 586 1478 est
616 1442 725 1486 bono,
756 1441 795 1477 in
826 1441 967 1478 illustri
1000 1441 1082 1477 luce
1113 1441 1306 1487 collocato,
1337 1442 1434 1478 bene

87 1496 323 1547 honesteque
361 1497 497 1545 agendi
536 1498 803 1535 necessitatem
842 1498 941 1534 omni
982 1498 1084 1535 vitae
1125 1503 1307 1535 externae
1348 1511 1435 1535 con—

89 1552 232 1590 ditione
262 1557 300 1590 et
327 1554 481 1591 fortuna
509 1554 743 1603 superiorem
773 1568 854 1591 esse
885 1555 1175 1593 demonstretur.

173 1609 249 1646 Hic
294 1623 403 1656 vero,
453 1610 545 1647 Polo
583 1611 630 1647 ad
669 1611 863 1648 silentium
910 1612 1082 1657 redacte,
1134 1611 1250 1649 tertia
1288 1610 1435 1648 orditur

89 1679 239 1715 pugnae
269 1679 374 1715 pars,
415 1680 513 1717 quae
553 1667 668 1704 01111111
706 1667 827 1705 11111110
858 1668 979 1704 acrior
1016 1674 1073 1705 est
1102 1673 1141 1705 et
1169 1668 1435 1705 vehementior

89 1722 348 1771 superioribus
378 1723 694 1761 contentionibus.
734 1725 864 1762 Prodit
895 1725 995 1761 enirn
1024 1725 1180 1762 tandem
1206 1725 1247 1761 in
1267 1724 1435 1762 medium

90 1779 283 1826 Callicles,
324 1780 436 1816 homo
465 1793 588 1828 nuper
617 1781 663 1816 ad
691 1781 963 1830 rempublicam
994 1794 1195 1828 aggressus
1230 1794 1434 1831 rerumque

91 1835 261 1873 civilium
290 1836 494 1882 studiosus,
525 1836 592 1887 (1111
621 1838 797 1887 quamvis
827 1851 848 1874 a
877 1838 1140 1886 philosophiae
1170 1838 1296 1875 studio
1322 1838 1434 1887 plane

91 1905 248 1930 aversus
269 1892 380 1943 eique
399 1893 607 1930 iniuriosus
628 1894 688 1940 sit,
718 1898 847 1932 tamen
870 1895 1104 1932 novitiarum
1134 1895 1356 1943 opinionum
1376 1908 1433 1931 5ο-

89 1948 340 1997 phisticarum
369 1949 453 1987 labe
489 1950 654 1987 infectus
692 1955 749 1988 est
789 1964 832 1988 ae
860 1965 936 1987 11011
967 1951 1089 1988 50111111
1118 1950 1283 2001 Δῆμον,
1322 1951 1432 2002 Pyri-

91 2005 227 2054 lampis
256 2005 397 2052 filium,
439 2007 505 2044 sed
535 2007 651 2044 etiam
680 2005 809 2057 δῆμον
837 2008 1114 2045 Atheniensem
1144 2009 1290 2057 perdite
1321 2013 1434 2054 amat,

91 2075 210 2110 purus
238 2066 355 2111 putus
384 2063 655 2100 democraticus
685 2064 734 2113 (p.
758 2067 849 2101 481.
868 2064 941 2111 D).
982 2065 1018 2101 15
1048 2078 1139 2102 vero
1168 2065 1245 2101 iam
1265 2065 1434 2114 apertius

94 2117 210 2155 etiam
241 2119 421 2167 agendi
451 2120 707 2168 principia
745 2121 931 2167 declarat,
972 2134 1069 2171 (111110
1098 2122 1271 2159 rhetores
1302 2126 1341 2158 01
1368 2134 1433 2170 po-

91 2174 186 2212 litici
215 2175 353 2213 novitii
381 2180 608 2226 sequantur:
648 2190 744 2227 quae
774 2179 863 2214 (111111
892 2178 1142 2223 refelluntur,
1180 2178 1271 2228 quid
1301 2191 1434 2214 secun-

93 2231 184 2267 dum
211 2232 473 2281 philosophiae
501 2238 703 2282 praecepta
730 2234 769 2270 in
800 2235 902 2272 vitae
934 2234 1081 2271 actione
1111 2235 1347 2284 sequendum
1373 2234 1434 2281 sit,

94 2288 244 2335 egregie
273 2290 498 2326 ostenditur.
548 2290 752 2328 Contendit
781 2294 909 2328 autem
940 2291 1115 2339 primum,
1147 2291 1193 2328 de
1222 2304 1296 2341 quo
1318 2291 1435 2329 etiam

94 2343 152 2380 De
181 2344 342 2393 Republ.
374 2347 427 2383 Π.
466 2360 501 2395 p.
534 2349 624 2383 359.
655 2347 701 2383 D.
733 2360 836 2397 seqq.
868 2351 906 2385 et
935 2347 1051 2395 Legg.
1082 2348 1132 2384 X.
1173 2351 1264 2385 889.
1294 2350 1340 2384 A.
1378 2347 1434 2385 di-

94 2404 298 2448 sceptatur,
327 2406 555 2440 naturam
585 2406 700 2453 atque
730 2403 892 2451 legem
922 2404 1021 2441 inter
1049 2417 1089 2441 se
1120 2417 1201 2441 esse
1229 2404 1432 2454 oppositas,

94 2456 149 2494 ita
177 2460 221 2494 ut
249 2457 392 2508 aliquid
428 2460 637 2497 secundum
667 2464 843 2497 naturam
872 2461 1013 2497 bonum
1043 2474 1124 2498 esse
1151 2461 1290 2510 possit,
1332 2462 1434 2511 quod

96 2513 304 2550 seeund1m1
332 2514 454 2562 legem
482 2519 594 2565 turpe
624 2516 820 2554 habeatur.
878 2516 1002 2556 Quam
1031 2518 1260 2555 sententiam
1288 2518 1434 2566 primus

95 2572 274 2607 narratur
302 2571 515 2609 defendisse
544 2573 767 2619 Archelaus,
798 2574 843 2610 de
873 2586 947 2623 quo
976 2574 1022 2610 ad
1054 2574 1170 2622 Legg.
1200 2575 1251 2611 X.
1274 2577 1366 2611 889.
1388 2575 1432 2611 E.

96 2626 274 2663 diximus.
332 2626 443 2667 Quod
470 2628 595 2677 ipsum
624 2629 709 2667 vult
738 2629 853 2666 etiam
883 2630 928 2666 de
957 2629 1159 2675 iniustitia,
1190 2644 1287 2681 (111110
1316 2631 1432 2678 vulgo

98 2683 256 2729 dicatur,
285 2682 340 2720 ita
369 2683 578 2722 existimari
608 2690 791 2734 oportere.
842 2686 990 2723 Natura
1019 2687 1121 2724 enim
1150 2687 1205 2725 ita
1234 2700 1316 2724 esse
1346 2700 1432 2723 con-

95 2739 295 2786 stitutum,
335 2743 380 2778 ut
416 2741 550 2778 melior
587 2742 714 2791 peiore
752 2742 838 2792 plus
876 2743 1033 2792 habeat,
1082 2745 1182 2795 quod
1219 2744 1346 2793 ipsum
1384 2745 1431 2782 ab
