1687 2969
1393 175 1468 209 211

498 172 736 211 GORGIAS.
767 173 808 211 P.
841 175 933 210 486.
967 173 1023 210 ed.
1057 173 1110 211 St.

122 278 172 330 ἐξ
211 272 282 322 ὧν
320 285 578 323 κενοῖσιν
617 280 1038 334 ἐγκατοικήσεις
1075 282 1291 334 δόμοις·
1335 283 1472 334 ζηλῶν

120 346 200 385 οὐκ
243 344 489 400 ἐλέγχοντας
527 347 687 398 ἄνδρας
725 346 775 387 τὰ
817 347 944 399 μικρὰ
975 353 1136 395 ταῦτα,
1177 347 1263 387 ἄλλ’
1295 342 1358 394 οἷς
1387 345 1471 387 ἐστι.

120 410 190 451 καὶ
219 412 312 463 βίος
339 412 410 453 καὶ
438 412 539 462 δόξα
567 412 636 453 καὶ
665 414 771 452 ἄλλα
799 412 933 453 πολλὰ
964 412 1123 465 ἀγαθοί.

207 476 313 534 Cap.
345 479 489 520 XLII.
549 479 649 518 2¹52.
705 477 759 518 Εἰ
796 483 959 530 χρυσῆν
995 474 1100 530 ἔχων
1129 475 1362 529 ἐτύγχανον
1392 477 1470 530 τὴν

120 545 290 597 ψυχήν.
333 539 365 585 ὦ
397 545 667 595 Καλλίκλεις,
709 547 788 586 οὐκ
832 545 885 585 ἂν
921 545 999 585 οἴει
1037 559 1085 598 με
1114 547 1300 598 ἄσμενον
1331 545 1470 598 εὑρεῖν

119 609 284 649 τούτων
309 610 403 650 τινὰ
432 612 517 650 τῶν
546 611 696 660 λίθων,
725 604 751 662 ἦ
782 610 1058 663 βασανίζουσι
1086 609 1162 650 τὸν
1189 611 1363 663 χρυσόν,
1392 611 1469 664 τὴν

121 673 310 727 ἀρίστην,
342 677 448 728 πρὸς
470 675 618 729 ἥντινα
642 673 816 728 ἔμελλον
844 675 1128 728 προςαγαγὼν
1157 676 1304 728 αὐτήν,
1336 676 1375 716 εἴ
1399 692 1471 728 μοι

122 738 423 792 ὁμολογήσειεν
465 739 602 793 ἐκείνη
642 743 778 788 καλῶς
817 744 1158 792 τεθεραπεῦσθαι
1194 739 1272 794 τὴν
1315 743 1469 794 ψυχην

110 799 165 843 εὖ
206 804 417 854 εἴσεσθαι,
459 805 523 846 ὅτι
562 806 717 854 ἱκανῶς
755 804 832 859 ε’χω
872 822 942 847 και
980 805 1106 847 οὐδέν
1142 821 1215 858 μοι
1253 806 1318 846 δεῖ
1343 809 1470 859 ἄλλης

1502 348 1543 389 D

119 869 340 920 βασάνους
376 872 510 910 ΚΑΛ.
542 872 661 922 Πρὸς
680 871 719 911 τί
740 871 791 924 δὴ
813 866 923 911 τοῦτ’
956 870 1125 923 ἐρωτᾶς,
1159 873 1192 911 ὠ
1220 871 1466 924 ὶώκρατεςς
1498 879 1535 920 Ε

120 935 220 976 Σῼ,
269 930 378 988 Ἐγώ
430 944 497 976 σοι
547 933 628 987 ἐρῶ
665 942 758 976 νῦν.
803 931 921 989 οἶμαι
963 935 1044 989 ἐγω
1082 935 1149 978 σοὶ
1187 935 1470 991 εντετυχηκὼς

118 1000 298 1055 τοιούτῳ
328 998 487 1055 ἑρμαίῳ
517 998 848 1054 ἐντετυχηκέναι.
908 1003 1045 1042 ΚΑΛ.
1085 1004 1134 1042 Τί
1162 1002 1237 1055 ὂή;
1269 1005 1370 1043 ΣΩ.
1402 998 1469 1042 Εὖ

118 1059 227 1114 οἶδ’,
273 1064 359 1115 ὅτι,
400 1065 454 1106 ἄν
491 1081 563 1118 μοι
601 1061 654 1106 σὺ
683 1066 950 1120 ὁμολογήσῃς
978 1066 1073 1118 περὶ
1102 1059 1163 1107 ὧν
1193 1068 1220 1121 ἡ
1249 1066 1325 1121 ἐμὴ
1354 1066 1469 1121 ψυχὴ

119 1175 235 1208 Clark.
260 1176 338 1208 Vat.
364 1176 469 1209 Coisl.
495 1177 597 1209 Vind.
622 1177 652 1210 2.
678 1178 708 1210 6.
746 1178 822 1209 Par.
856 1177 1125 1210 BCEFIVW.
1160 1178 1251 1210 Flor.
1276 1177 1308 1209 b.
1335 1189 1364 1210 e.
1390 1179 1422 1210 d.
1446 1180 1467 1210 f,

119 1231 149 1252 o.
174 1231 200 1252 s.
247 1222 338 1253 Dein
370 1226 449 1254 ante
482 1221 538 1254 δεῖ
567 1221 666 1264 ἄλλης
700 1221 855 1264 βασάνου
888 1223 992 1265 vulgo
1025 1223 1069 1254 ἔτι
1101 1224 1346 1265 interponitur,
1379 1225 1467 1265 quod

120 1265 221 1297 iidem
248 1266 334 1298 libri
367 1268 476 1299 omitti
509 1268 691 1300 iusserunt.
739 1269 921 1300 Piaeterea
952 1279 1012 1310 pio
1037 1280 1093 1306 ιιοι
1119 1269 1235 1300 Clark
1260 1270 1338 1300 Vat.
1364 1269 1466 1301 Coisl.

119 1311 195 1342 Par.
220 1311 374 1344 BCIW.
407 1312 510 1344 Vind.
537 1312 566 1345 1.
598 1313 689 1346 F101.
714 1324 743 1345 a.
769 1313 800 1345 b.
826 1324 853 1344 c.
879 1325 922 1345 111.
947 1325 976 1345 o.
1002 1325 1042 1351 ιιε
1067 1316 1229 1356 scriptum
1255 1315 1427 1346 exhibent.

187 1357 225 1388 Ε.
275 1351 341 1389 Ev
367 1353 1052 1411 off5ss511,c'i¹gcout]V.li1.Pam
1077 1358 1466 1391 Ε.Ε101·.(1.Χ.ὰ“ἅι.

119 1400 223 1433 Coisl.
249 1412 334 1435 corr.
361 1401 381 1433 ἅ
403 1414 468 1442 μοι.
505 1403 711 1445 Scripsimus
736 1402 904 1445 c'i13qule
930 1404 1036 1436 orasis
1063 1404 1147 1437 alibi
1172 1416 1307 1447 quoque
1333 1406 1468 1437 miticos

118 1446 153 1478 in
177 1446 334 1479 fraudem
357 1433 503 1480 induxit.

117 1550 190 1578 tum
222 1557 240 1579 e
264 1548 548 1580 Demosthen.
577 1549 671 1581 Orat.
695 1550 760 1581 Mi-

829 1550 993 1591 Respexit
1008 1550 1093 1582 haee
1110 1551 1139 1581 A
1153 1551 1186 1581 ri
1197 1551 1254 1582 sti
1267 1551 1337 1583 des
1359 1551 1468 1584 Oratt.

117 1592 208 1624 dian.
231 1603 264 1634 p.
288 1591 366 1625 537.
389 1596 474 1626 extr.
499 1593 549 1625 ed.
575 1595 691 1626 Reisk.
717 1613 760 1618 —

828 1595 963 1627 Platon.
996 1596 1039 1627 11.
1072 1606 1103 1637 p.
1137 1594 1230 1635 174.,
1268 1597 1328 1628 ubi
1366 1598 1468 1628 etiam

117 1638 170 1670 De
187 1639 384 1671 accusativo
402 1650 529 1670 τυπτοι
533 1650 569 1670 τα
592 1644 669 1681 post
688 1640 759 1680 ἑξε-

120 1693 169 1715 στι
188 1682 286 1715 illato
305 1694 338 1716 v.
355 1683 397 1716 ad
414 1684 606 1726 Euthyph1.
623 1695 654 1727 p.
670 1684 701 1717 5.
715 1686 757 1716 A.

162 1732 324 1760 παῦσαι
382 1726 410 1760 5⁷
460 1728 646 1784 ἑλέγχωι
693 1729 755 1772 —]

117 1773 480 1828 olympiodorus:
517 1772 534 1806 ὁ
561 1774 703 1827 Ζῆθος,
737 1774 756 1805 ὁ

117 1815 271 1860 ἀδελφὸς
295 1817 415 1858 αὐτοῦ,
441 1820 558 1862 ἔλεγει
582 1817 684 1863 at'vtg),
709 1819 757 1852 ὅτι

119 1862 226 1904 ῥῖψον
266 1862 327 1906 τὴν
368 1863 479 1910 λύραν
518 1866 573 1896 καὶ
613 1865 757 1907 κέχρησο

117 1907 242 1943 οπλοις.
261 1908 396 1944 ἐκεῖιος
413 1911 489 1942 εἰπε
514 1914 559 1953 τῷ
582 1908 756 1950 ’Auo‘cozm

116 1952 166 1986 ὅτι
185 1953 344 1994 πολέμων
369 1954 408 1987 δὲ
432 1967 472 1987 ει
476 1966 626 1994 novom]
651 1954 756 1988 ἄσκει.

116 1999 218 2033 oinos·
245 1998 282 2031 δέ
300 2010 396 2042 φησι,
422 1999 631 2043 πραγμάτωι
648 2013 674 2032 κ,
691 2013 715 2032 τ
730 2002 756 2032 λ.

116 2062 159 2067 -—-
185 2042 230 2075 τὰ
265 2043 407 2085 κομψὰ
439 2049 584 2085 ταῦτα,
617 2046 757 2088 splen-

116 2088 239 2121 didas
257 2090 371 2122 istas
391 2101 539 2133 nugas.
564 2102 596 2122 v.
618 2091 758 2123 Ruhn-

116 2134 209 2166 ken.
235 2135 277 2166 ad
302 2135 390 2167 Tim.
411 2136 536 2178 Lex.p
540 2135 641 2169 ,162.
674 2137 757 2168 Mox

117 2179 160 2211 ad
192 2177 210 2211 ὁ
242 2180 321 2222 βίος
356 2181 392 2212 111
424 2180 631 2222 quibusdam
659 2181 758 2213 libris

116 2223 326 2267 adscriptum
343 2229 396 2257 est
412 2223 430 2258 ὁ
454 2227 608 2260 πλοῦτος.
642 2227 758 2259 Recte.

117 2269 224 2312 Saepe
248 2271 340 2302 enim
364 2271 405 2303 de
429 2271 472 2303 iis
496 2271 638 2312 dicitur,
671 2281 758 2313 quae

118 2315 160 2346 ad
206 2315 317 2347 vitam
364 2316 623 2349 sustentandam
673 2327 758 2358 opus

118 2364 214 2400 sunt,
247 2364 349 2402 atque
380 2362 518 2394 omnino
551 2361 592 2393 de
625 2363 757 2403 opibus.

118 2415 150 2438 v.
175 2406 281 2448 Legg.
306 2406 400 2440 VIII.
425 2417 457 2448 p.
478 2405 555 2439 842.
573 2407 610 2438 C.
642 2407 702 2438 IX.
726 2417 758 2447 p.

117 2448 192 2482 936.
218 2450 258 2483 G.
296 2451 348 2482 De
381 2452 525 2493 Republ.
557 2453 618 2484 III.
651 2463 678 2484 e.
705 2451 758 2484 15.

118 2494 234 2536 ibique
259 2495 347 2527 Ast.

163 2539 244 2582 Cap.
270 2540 379 2572 XLII.
417 2540 459 2572 D.
502 2540 563 2572 El
585 2553 630 2583 χι]
647 2553 663 2572 ι’
678 2545 727 2583 σῆ
743 2553 760 2571 ι’

119 2584 195 2625 ἔχω
211 2597 228 2614 1·
251 2584 307 2628 —]
334 2585 401 2625 Qui
419 2586 573 2627 sequitur
596 2587 705 2626 locus,
730 2587 759 2618 is

119 2629 377 2671 elegantissima
392 2630 503 2662 ironia
525 2631 673 2673 insignis
699 2636 759 2670 est,

119 2684 222 2715 quam
262 2676 444 2707 observent
481 2675 663 2718 diligenter
702 2677 760 2717 qui

119 2729 195 2751 eum
227 2720 362 2761 penitus
391 2720 535 2761 cupiunt
557 2721 762 2763 intelligere.

830 1640 935 1672 schol.
972 1642 1077 1672 verba
1113 1640 1267 1673 Platonis
1302 1642 1468 1673 laudavit.

826 1704 869 1709 ——
894 1683 969 1716 οὖν.
1001 1684 1050 1717 ἂν
1081 1686 1167 1717 οἰέι
1199 1698 1246 1725 με
1272 1684 1469 1725 ἅσμενον

827 1728 1001 1772 εὑρεῖν,
1042 1741 1092 1762 an
1134 1742 1216 1763 non
1247 1737 1376 1773 putas
1407 1742 1468 1764 me

826 1776 1101 1807 laetaturum
1118 1776 1300 1809 invento
1322 1777 1468 1819 aliquo

827 1832 876 1853 ex
917 1821 974 1852 iis
1010 1820 1258 1863 lapidibus,
1305 1822 1468 1864 quibus

828 1876 976 1898 aulum
1024 1866 1276 1908 exploiant‚
1334 1877 1467 1909 eoque

827 1912 1016 1953 optimo?
1050 1912 1137 1944 Nam
1155 1910 1215 1954 τὴι
1229 1910 1378 1955 ἀρίστηι
1394 1924 1469 1955 pro-

826 1957 959 1988 nomini
1006 1956 1079 1988 ma'
1121 1968 1181 1999 pei
1219 1959 1468 2002 appositionem

827 2001 989 2033 additum.
1044 2003 1164 2043 Itaque
1201 2003 1292 2034 istud
1333 2003 1352 2045 ἦ
1392 2004 1469 2035 vitii

827 2051 1024 2088 suspectum
1078 2047 1208 2088 habeo,
1268 2037 1468 2089 praesertim

828 2103 932 2133 quum
987 2092 1169 2133 praecedat
1222 2093 1353 2124 τούτων
1401 2097 1468 2126 τῶι·

827 2137 951 2168 λίθων.
998 2136 1080 2169 Cod.
1113 2138 1220 2169 Paris.
1250 2139 1288 2169 F.
1329 2139 1369 2169 αἲ
1405 2139 1467 2180 βα-

829 2183 1023 2221 σανίζουσι.
1071 2182 1170 2222 Quod
1210 2183 1239 2214 si
1277 2183 1468 2226 displiceat,

826 2226 927 2258 facile
952 2229 1008 2260 ais
1032 2228 1234 2272 reposueris.

872 2272 912 2303 E.
960 2266 1025 2303 Εὖ
1051 2267 1149 2310 οἶδ’,
1183 2270 1262 2310 ὅτι,
1304 2270 1354 2303 ἅτ
1383 2272 1466 2316 μοι]

828 2317 942 2348 Bene
966 2318 1088 2357 novi,
1113 2298 1149 2349 si
1172 2321 1217 2348 tu
1240 2317 1286 2349 de
1310 2318 1369 2349 iis
1395 2329 1469 2350 me-

829 2372 918 2393 eum
943 2362 1218 2402 consentias,
1251 2373 1357 2404 quae
1382 2365 1467 2395 ani-

828 2417 914 2438 mus
952 2417 1068 2439 meus
1108 2409 1264 2448 sentit,
1307 2419 1355 2440 ea
1386 2409 1468 2440 iam

828 2452 922 2493 ipsa
959 2462 1062 2484 vera
1100 2463 1204 2484 esse.
1250 2453 1353 2507 Hipp.
1386 2455 1466 2486 Mai.

828 2508 859 2538 p
885 2495 960 2529 296.
986 2498 1036 2528 D:
1072 2494 1091 2529 ὃ
1124 2496 1286 2539 ἐβουλετο
1318 2496 1416 2540 ἡμωι
1447 2496 1468 2540 ἦ

833 2538 920 2583 ψυχὴ
954 2541 1076 2573 εἰπεῖι.
1109 2553 1141 2574 v.
1166 2542 1392 2575 Heindorf.
1425 2543 1467 2574 ad

829 2587 860 2617 h.
882 2586 903 2617 l.
924 2605 968 2609 —
994 2584 1141 2628 ὀρθοῖ»
1168 2599 1208 2619 τε
1233 2587 1371 2629 baiam
1399 2589 1464 2618 καὶ

829 2629 889 2672 μή,
915 2635 1092 2664 rectene
1117 2633 1262 2672 vivat,
1298 2643 1347 2664 an
1373 2643 1466 2663 non.

830 2677 880 2707 De
899 2673 966 2716 ἄρα
980 2676 1118 2720 longius
1134 2677 1177 2709 ab
1202 2678 1301 2709 initio
1325 2678 1467 2708 membri

828 2725 956 2753 remoto
981 2732 1013 2753 v.
1039 2723 1082 2754 ad
1107 2723 1264 2764 Sympos.
1289 2733 1320 2764 p.
1338 2721 1411 2755 177.
1429 2723 1466 2753 E.

1131 2788 1199 2821 14*
