1687 2969
243 112 319 153 174
730 111 1105 155 PLATONIS

335 226 441 269 ΣΩ.
512 229 619 278 Πῶς
653 245 765 290 φηςς
799 226 934 272 καλόν
953 226 1039 271 πού
1067 245 1109 271 τι
1143 225 1201 271 ἄν
1236 228 1313 282 ειη,
1349 227 1371 273 ὃ
1412 229 1578 274 τούτων

234 292 516 352 ἀπολειφθὲν
563 292 679 350 ὅμως
721 299 846 356 τέχνη
882 293 1168 350 λαμβανεται.
1207 312 1382 347 παντως
1417 296 1455 340 δ’
1500 296 1579 340 οὐκ

232 360 498 417 ἀτιμαστέον
533 360 642 405 αὐτὸ
680 368 749 405 σοι’
785 379 830 405 τε
863 365 936 404 καὶ
969 366 1075 417 ἐμοί.
1113 363 1283 406 λεκτέον
1322 365 1378 414 δέ,
1410 367 1451 407 τί
1483 368 1582 421 μέν·

234 445 301 470 τοι
335 429 406 470 καὶ
443 432 529 471 ἔστι
564 426 613 472 τὸ
650 428 906 485 λειπόμενον
945 431 1023 481 τῆς
1058 426 1319 486 ῥητορικῆς,-

338 517 467 560 ([)ΑΙ.
536 519 626 559 Καὶ
660 516 780 573 μάλα
817 534 904 560 που
940 516 1098 574 συχνοί,
1143 510 1173 559 ὦ
1212 516 1474 574 Σώκρατες,
1518 516 1573 560 τά

230 582 273 638 γ’
314 588 361 626 ὲν
396 591 487 635 τοῖς
518 586 708 640 βιβλίοις
744 592 838 635 τοῖς
887 587 986 642 περὶ
1033 584 1174 640 λόγων
1211 591 1359 641 τέχνης
1394 601 1581 641 γεγραμ-

229 654 386 706 μένοις.

332 737 442 799 Cap.
467 735 544 782 LI.
607 740 711 782 ΣΩ.
773 739 902 800 [Καὶ]
940 743 1081 791 καλῶς
1114 757 1160 794 γε
1179 738 1439 791 ὑπέμνησας.
1470 756 1578 794 προ-

231 810 377 861 οίμιον
409 809 488 860 μὲν
526 803 644 862 οἶμαι
681 809 858 862 πρῶτον
893 806 950 858 ὡς
984 809 1047 851 δεῖ
1084 809 1162 850 τοῦ
1201 807 1334 860 λόγου
1370 808 1578 861 λέγεσθαι

227 878 274 916 ἐν
307 872 433 933 ἀρχῇ.
470 875 612 916 ταῦτα
649 876 781 928 λέγεις
819 900 876 906 -
917 868 942 927 ἦ
977 872 1085 930 γάρ,·
1120 899 1187 910 --
1223 873 1278 916 ‘td
1316 869 1470 933 κομψὰ
1501 874 1578 925 τῆς

228 946 397 996 τέχνηςς

319 1071 360 1102 l).
410 1071 621 1112 λέγεσθαι
646 1071 690 1102 ἓν
724 1070 855 1115 ἀρχῆ]
881 1070 934 1102 ἐπ’
961 1069 1049 1113 αρχῇ
1075 1070 1150 1103 Vat.
1177 1069 1259 1103 Ven.
1286 1069 1333 1103 Π.
1361 1070 1486 1102 etalii

319 1129 387 1147 και
422 1117 707 1148 ἐπιπίιιιτωσιι
739 1116 900 1159 λέγειν]
934 1116 1143 1158 Recepimus
1175 1118 1283 1157 λε’γειι
1312 1125 1354 1147 ex
1392 1114 1470 1147 edit.
1498 1115 1577 1149 Bas.

230 1161 263 1196 2.
289 1166 324 1194 et
349 1162 520 1194 codicibus
546 1166 676 1195 tantum
703 1173 768 1195 non
794 1163 960 1196 omnibus.
1010 1163 1094 1194 Dein
1129 1161 1229 1193 codd.
1255 1160 1352 1193 multi
1376 1160 1477 1202 λόγον
1501 1161 1577 1193 δαί-

232 1208 347 1241 δαλον.
403 1208 501 1240 Unde
535 1208 731 1241 Winckelm.
772 1208 882 1242 Praef.
916 1208 958 1241 ad
984 1207 1130 1241 Phaedr.
1161 1207 1214 1241 ed.
1240 1207 1323 1240 Tur.
1347 1207 1424 1239 min.
1451 1217 1482 1248 p.
1509 1206 1570 1239 1X.

274 1320 313 1352 D.
362 1319 491 1351 καλόν
524 1319 606 1352 πού
631 1333 671 1352 τι
696 1338 739 1344 -
764 1320 866 1362 λαμ-

228 1364 434 1407 βάνεται]
474 1365 572 1398 Haec
610 1366 738 1398 ironice
776 1365 866 1397 dicta

228 1422 305 1444 esse
343 1412 430 1443 bene
468 1416 584 1444 monet
625 1411 865 1452 Heindorf..

228 1459 338 1489 locum
376 1458 422 1489 ita
453 1458 696 1499 interpretans:
736 1457 865 1489 Prae-

228 1505 388 1535 clarum
427 1513 533 1535 sane
565 1503 643 1543 sit,
679 1503 791 1544 quod
816 1503 864 1535 ab

227 1554 318 1581 arte
344 1549 583 1581 dialectica
615 1549 864 1581 seiunctum

226 1599 366 1626 tamen
398 1598 496 1626 arte
530 1593 713 1635 quadam
740 1593 864 1626 addi-

227 1641 288 1672 sci
315 1644 459 1681 queat:
496 1639 571 1672 sed
605 1644 748 1672 tamen
779 1649 864 1671 non

225 1685 514 1728 spernendum
541 1684 615 1717 hoc
640 1686 781 1719 nobis.
807 1686 865 1718 Vi-

227 1731 351 1764 delicet
366 1732 516 1764 ostendit
534 1731 710 1770 Socrates,
730 1741 771 1764 ne
787 1732 865 1764 rhe-

227 1778 354 1809 toricen
393 1777 526 1818 quidem
565 1781 638 1809 arte
687 1777 865 1809 dialectica

225 1823 423 1855 destitutam
471 1833 549 1855 esse
602 1827 770 1865 oportere.
822 1841 867 1846 -

225 1867 392 1900 τούτων
429 1868 450 1901 ἰ.
485 1879 513 1906 e.
550 1871 611 1908 τῆς
643 1869 863 1909 διαλεκτικῆς,

224 1915 275 1946 De
307 1913 371 1945 hoc
404 1923 467 1946 usu
499 1915 637 1956 pluralis
669 1914 799 1946 numeri
831 1924 862 1947 v.

222 1970 297 1993 ann.
333 1959 375 1992 ad
406 1960 505 2001 Apol.
542 1959 641 1991 Socr.
676 1970 707 2001 p.
737 1958 787 1992 ¹9.
823 1959 862 1993 D.

223 2006 329 2047 Gorg.
357 2016 388 2047 p.
406 2004 482 2038 447.
507 2005 547 2038 Β.
574 2006 623 2037 De
648 2005 738 2046 Rep.
757 2005 814 2036 Vl.
830 2015 863 2046 p.

220 2050 298 2085 504.
320 2051 358 2085 D.
384 2050 561 2083 Phaedon.
586 2062 617 2092 p.
634 2050 688 2084 70.
708 2051 747 2084 D.
774 2050 862 2082 Pro-

221 2101 330 2138 tagor.
356 2108 387 2139 p.
408 2096 485 2131 331.
506 2097 544 2131 E.
570 2097 655 2129 Mox
678 2095 717 2127 τὸ
745 2095 862 2127 λειπό-

219 2155 320 2186 μενον
348 2144 409 2183 τῆς
440 2141 621 2185 ῥητορικῆς
656 2146 726 2174 est:
760 2142 860 2174 reli-

219 2199 297 2230 qua
322 2188 575 2221 rhetorices
600 2198 709 2230 pam,
735 2197 859 2230 prae-

220 2239 287 2266 ter
322 2234 618 2267 dialecticam.
667 2234 716 2265 De
740 2235 858 2274 μέντοι

220 2281 249 2311 in
276 2280 541 2321 interrogatione
574 2283 737 2322 usurpato
767 2278 855 2313 conf.

218 2335 319 2367 supra
345 2336 376 2367 p.
393 2325 470 2359 229.
498 2325 538 2359 B.
558 2325 634 2359 261.
662 2326 700 2359 C.
718 2324 796 2359 267.
813 2325 855 2358 D.

262 2415 310 2448 ἰὰ
361 2414 504 2458 κομψὰ
556 2419 629 2456 τῆς
676 2414 852 2458 τέχνης]

217 2463 329 2494 scita
364 2462 440 2494 illa
472 2462 578 2493 artis
607 2462 795 2496 inventa.
822 2472 852 2495 v,

218 2507 437 2541 Ruhnken.
462 2507 503 2539 ad
519 2506 607 2540 Tim.
622 2518 654 2549 p.
671 2508 744 2542 161.
777 2507 854 2540 Non

216 2563 337 2586 vacare
379 2552 461 2585 haec
506 2552 661 2586 irrisione
699 2554 753 2586 vix
801 2557 855 2585 est

216 2599 306 2640 quod
321 2608 527 2631 moneamus,
556 2598 727 2631 Memorat
739 2603 852 2631 autem

164 2660 171 2672 ·-
217 2648 351 2687 praeter
364 2644 539 2676 exordium
557 2645 741 2685 argumenti
755 2654 853 2677 enar—

215 2691 379 2724 rationem
399 2701 475 2724 cum
493 2689 694 2723 testimoniis
711 2691 854 2724 coniun-

934 1324 1036 1359 ctam,
1062 1323 1163 1361 atque
1186 1316 1444 1360 expositionem,
1471 1317 1576 1350 etiam

933 1364 973 1396 τὰ
1002 1363 1129 1405 εἰκότα,
1145 1375 1230 1406 quae
1249 1363 1359 1406 qualia
1376 1364 1456 1403 sint,
1482 1364 1575 1405 opti-

934 1421 989 1443 me
1023 1411 1123 1443 decet
1160 1409 1352 1452 Spengel
1392 1409 1444 1441 De
1480 1410 1573 1442 Artt.

933 1457 1114 1498 Scriptorn
1140 1467 1173 1498 p.
1197 1455 1240 1489 30
1266 1465 1316 1496 sq.
1366 1454 1527 1486 Ceterum
1553 1450 1577 1495 ἧ

932 1500 1014 1545 γᾶρς
1041 1502 1193 1534 similiter
1208 1500 1446 1542 interpositum
1468 1499 1575 1533 habes

933 1548 1040 1589 Gorg.
1065 1558 1095 1589 p.
1113 1546 1190 1581 468.
1208 1547 1246 1581 C.
1272 1545 1496 1579 Heusdius
1522 1549 1575 1578 ta-

932 1604 1009 1626 men
1037 1593 1111 1626 lnit.
1139 1591 1224 1624 Phil.
1252 1592 1340 1625 Plat.
1367 1591 1443 1625 Vol.
1467 1591 1507 1625 ΙΙ.
1533 1592 1574 1625 P.

931 1639 972 1672 11
984 1638 1104 1681 p.182.
1123 1638 1302 1671 Platonem
1320 1640 1437 1670 censet
1448 1633 1576 1679 istudq

931 1683 1016 1728 γάρ·
1007 1709 1016 1725 ,
1035 1695 1100 1717 non
1113 1684 1357 1726 interposuisse
1369 1683 1574 1736 sententiae,

934 1731 994 1763 sed
1019 1730 1186 1762 adiecisse
1213 1730 1361 1771 ideoque
1390 1728 1495 1760 verba
1526 1729 1574 1762 sic

933 1776 1126 1818 distinguit:
1158 1779 1273 1807 ταῦτα
1295 1776 1418 1816 λέγειςς
1442 1769 1463 1814 ἦ
1487 1773 1573 1818 70:¹93

933 1835 975 1853 τα
1007 1819 1124 1863 κομψὰ
1155 1824 1218 1861 τῆς
1249 1824 1377 1861 τέχνης.
1424 1819 1485 1851 Cui
1510 1830 1570 1853 Vlrl

931 1867 1041 1900 eximii
1073 1865 1198 1898 iudicio
1228 1876 1291 1897 nos
1325 1875 1390 1897 non
1432 1864 1571 1897 accedi—

930 1923 1014 1946 muS.
1038 1911 1243 1944 Germanice
1259 1911 1406 1943 dixeris:
1431 1909 1569 1944 dieses

927 1955 1573 1990 verstehstdu—nichtwahr?

927 2007 1053 2036 unter
1094 2003 1173 2035 den
1206 2001 1460 2036 Feiuheiten
1496 2002 1570 2036 der

928 2047 1090 2083 Kunst?

972 2095 1039 2127 καὶ
1063 2095 1271 2126 πίστωσιν
1295 2093 1479 2136 οἷμαι-
1500 2093 1568 2125 ἅν-

928 2140 1029 2183 ὃριι]
1064 2144 1127 2182 et,
1163 2140 1351 2172 sirecte
1375 2140 1565 2180 memini,

927 2187 1122 2229 optimus
1180 2186 1253 2217 ille
1312 2185 1564 2218 orationum

925 2232 1085 2265 artifex
1134 2230 1382 2272 Byzantius
1436 2232 1564 2264 etiam

923 2280 1129 2311 πίστωσιν
1162 2279 1379 2308 memorat
1405 2280 1448 2308 et
1471 2277 1563 2308 ἐπι-

922 2326 1137 2355 πίστωσιν.
1186 2321 1271 2354 Nam
1308 2322 1353 2353 ita
1377 2321 1442 2354 hoc
1465 2321 1564 2364 οἶμαι

920 2368 1189 2410 intelligendum.
1237 2366 1412 2402 Phaedon.
1449 2379 1482 2410 p.
1507 2368 1562 2402 59.

921 2415 960 2449 C,
988 2412 1136 2446 Πλάτων
1170 2413 1228 2454 δέ,
1255 2412 1371 2455 οἶμαι,
1409 2412 1560 2455 ἠσθένει.

921 2460 1077 2494 Eundem
1087 2469 1183 2491 usum
1196 2459 1289 2491 verbi
1305 2459 1415 2491 δοκεῖν
1433 2459 1466 2491 Η
1479 2459 1562 2491 ein-

921 2506 1031 2539 dorf.
1063 2504 1104 2537 ad
1129 2504 1271 2538 Theaet.
1297 2507 1328 2546 §.
1355 2504 1387 2537 2.
1418 2505 1560 2538 notavit.

920 2552 972 2584 De
995 2550 1180 2583 Theodoro
1207 2550 1373 2591 Byzantio
1401 2550 1560 2592 exposuit

921 2597 1126 2640 Spengel.
1153 2597 1173 2630 l.
1199 2606 1227 2629 c.
1255 2607 1288 2637 p.
1310 2595 1443 2637 98⁵qq.
1490 2595 1559 2629 Qui

920 2642 1012 2685 quod
1044 2642 1167 2674 ceteris
1201 2640 1373 2674 rhetorum
1412 2640 1559 2673 artificiis

920 2689 1042 2722 dicitur
1056 2687 1224 2721 adiecisse
1247 2688 1406 2720 πίστωσιν
1429 2690 1463 2720 et
1486 2685 1558 2719 ἐπί-
