1687 2969
401 173 642 212 GORGIAS.
673 174 716 212 P.
749 176 839 211 526.
873 172 964 211 527.
994 173 1053 212 ed.
1086 173 1142 212 St.
1366 175 1443 210 343

100 283 200 331 τοὺς
239 285 394 331 ἄλλους
432 283 595 331 πάντας
633 278 916 335 ἀνθρώπους,
969 275 1064 323 καθ’
1106 277 1210 322 ὅσον
1249 281 1445 335 δύναμαι,

101 345 173 389 καὶ
212 347 263 401 δὴ
300 346 370 389 καὶ
409 347 453 388 σὲ
492 348 818 400 ἅντιπαρακαλῶ
856 345 923 389 ἐπὶ
959 353 1113 388 τοῦτον
1147 347 1223 388 τὸν
1252 346 1349 398 βίον
1377 346 1447 387 καὶ

102 413 179 454 τὸν
217 414 364 465 ἀγῶνα
401 417 578 462 τοῦτον.
619 410 670 454 ὃν
699 409 782 466 ἐγώ
810 428 919 466 φημι
947 412 1042 454 ἀντὶ
1069 413 1242 453 πάντων
1269 414 1355 453 τῶν
1384 411 1447 453 ἐν·

100 479 215 519 θοὶθε
254 474 436 531 α’γοόνων
476 474 608 527 εἶναι,
651 479 719 519 καὶ
750 478 937 528 ὀνειδίζω
966 488 1055 529 σοι,
1099 474 1162 519 ὅτι
1190 478 1267 531 οὐχ
1296 473 1386 526 οἷός
1413 473 1446 518 τ’

101 540 182 583 ἔσει
221 545 363 599 σαυτῷ
401 544 636 597 βοηθῆσαι,
679 539 782 584 ὅταν
821 544 848 597 ἡ
885 544 979 598 δίκη
1007 553 1074 585 σοι
1103 541 1130 596 ᾗ
1159 542 1230 584 καὶ
1257 543 1286 597 ἦ
1314 543 1448 596 κρίσις

100 609 155 662 ἣν
183 611 267 649 νῦν
295 607 346 661 δὴ
377 605 458 661 ἐγὼ
488 606 655 660 ἔλεγον,
694 608 798 650 ἀλλὰ
828 608 966 650 ἐλθὼν
996 609 1109 662 παρὰ
1137 610 1214 649 τὸν
1244 608 1446 662 δικαστὴν

100 675 176 714 τὸν
213 679 286 727 τῆς
324 673 501 727 Αἰγίνης
539 673 657 723 υἱόν,
702 673 870 714 ἐπειδάν
909 685 988 715 σου
1018 675 1322 727 ἐπιλαβόμενος
1349 677 1446 728 ἄγῃ,

100 740 301 793 χασμήσει
335 738 405 779 καὶ
444 739 685 792 ἰλιγγιάσεις
725 739 852 780 οὐδὲν
889 733 1018 794 ἧττον
1046 739 1071 793 ἢ
1102 738 1183 792 ἐγὼ
1213 739 1365 781 ἐνθάδε
1395 740 1448 780 σὺ

103 802 207 853 ἐκεῖ,
251 804 322 845 καί
360 813 404 844 σε
442 803 543 853 ἴσως
582 805 781 858 τυπτήσει
819 821 879 855 τις
915 805 985 847 καὶ
1014 804 1081 846 ἐπὶ
1109 804 1265 859 κόῤῥης
1293 805 1448 859 ἀτίμως

100 868 170 909 καὶ
197 869 366 918 πάντως
394 872 684 924 προπηλακιεῖ.

167 1027 206 1058 Ε.
255 1027 325 1058 καὶ
360 1026 404 1059 σὲ
436 1024 651 1070 ἀντιπαρ.]
688 1027 728 1060 V.
753 1030 814 1059 καί
836 1037 890 1065 σε,
923 1026 1013 1069 quod
1039 1026 1216 1059 Heindorf.
1242 1026 1447 1059 emendavit.

99 1072 190 1103 Dein
221 1072 315 1104 solus
345 1072 554 1115 Stephanus,
586 1083 714 1114 errore,
745 1077 784 1105 ut
814 1072 964 1114 videtur,
996 1072 1102 1104 edidit
1132 1071 1188 1104 ἐπὶ
1222 1071 1354 1104 τούτων
1388 1070 1448 1104 τὸν

98 1117 123 1159 β
126 1118 157 1149 ιό
163 1129 191 1149 ν.

167 1209 204 1240 P.
230 1206 305 1242 527.
355 1206 562 1251 τυπτήσει
594 1219 653 1241 τις
688 1208 755 1239 καὶ
789 1206 860 1239 ἐπὶ
895 1205 1079 1251 κόρῥης]
1107 1209 1181 1246 καί,
1208 1208 1300 1249 quod
1328 1207 1446 1240 aberat

99 1253 216 1295 vulgo,
241 1253 395 1285 additum
419 1258 470 1285 est
494 1264 537 1285 ex
562 1252 679 1285 Clark.
704 1254 781 1287 Vat.
799 1253 904 1286 Coisl.
923 1255 997 1286 Par.
1022 1254 1229 1286 BCEFIV
1244 1254 1298 1288 W.
1324 1264 1448 1286 novem

99 1298 209 1330 Florr.
233 1298 330 1331 Bodl.
355 1298 386 1331 1.
415 1298 541 1331 Euseb.
568 1298 772 1332 Theodoret.

99 1465 131 1489 v.
164 1454 207 1487 ad
230 1455 403 1487 Phaedon.
430 1466 462 1497 p.
488 1455 540 1489 65.
565 1455 606 1487 A.
654 1457 738 1488 Mox

100 1510 160 1541 pro
198 1497 258 1542 τὴν
295 1497 462 1543 ἀλήθειαν
501 1505 638 1533 σκοπῶν
668 1502 738 1533 Co-

100 1544 226 1577 betus
265 1546 300 1577 in
332 1546 440 1578 Novis
472 1546 564 1580 lectt.
598 1557 630 1588 p.
662 1546 738 1579 629.

99 1591 270 1623 coniectat
295 1588 353 1633 τὴν
376 1588 547 1633 ἀλήθειαν
572 1589 699 1624 ἀσκῶν.

146 1678 219 1723 τὴν
243 1678 457 1724 ἀλήθειαν
485 1681 621 1725 σκοπ.]
649 1681 740 1722 Quid

99 1735 192 1757 nunc
207 1726 420 1769 intelligatur
434 1724 590 1770 ἀλήθεια,
616 1727 740 1759 docent

99 1771 183 1803 satis
221 1773 396 1814 superiora
438 1773 518 1805 illa:
561 1771 673 1804 ἐνίοτε
709 1771 738 1804 δ’

100 1814 205 1858 ἄλλην
229 1815 368 1851 εἰςιδών
393 1815 500 1852 ὁσίως
524 1818 738 1859 βεβιωκυῐαν

99 1862 155 1893 καὶ
181 1860 249 1901 μετ’
275 1859 441 1905 ἀληθείας
466 1876 494 1896 κ.
521 1876 544 1895 τ.
571 1864 596 1895 λ.

144 1930 183 1961 Ε.
232 1926 582 1970 ἀντιπαρακαλῶ
616 1929 685 1962 ἐπὶ
714 1943 736 1962 τ.

100 1986 124 2005 τ.
151 1974 206 2016 β.]
231 1975 435 2007 vicissim
457 1979 495 2008 te
520 1976 738 2009 cohortor.

101 2020 254 2072 Respicit
284 2020 328 2051 ad
354 2020 416 2052 illa
439 2031 470 2063 p
495 2021 571 2054 521.
595 2023 644 2053 A:
682 2020 737 2053 επὶ

101 2076 252 2106 ποτεραι
283 2059 350 2096 οὖτ
382 2076 422 2104 με
447 2068 654 2107 παρακαλεῖς
680 2065 740 2110 τὴν

100 2110 299 2150 θεραπειαι
324 2113 379 2152 τῆς
405 2109 536 2145 πόλεως
561 2124 589 2144 κ.
608 2125 632 2144 τ.
655 2113 681 2144 λ.
707 2117 740 2144 et

100 2165 131 2196 p.
158 2155 232 2189 486.
258 2156 300 2187 A.
325 2166 417 2197 seqq.

147 2223 214 2254 καὶ
240 2220 453 2264 ὀνειδίζω
481 2223 627 2267 σοι-]
661 2226 738 2257 Per-

101 2268 239 2310 stringit
272 2269 361 2300 inter
390 2268 459 2300 alia
489 2269 551 2301 illa
584 2269 739 2302 Calliclis

101 2323 132 2354 p.
157 2312 233 2348 486,
251 2314 298 2345 A:
325 2313 430 2347 εἴτις
457 2318 520 2346 σοῦ
544 2313 736 2356 λαβόμενος

103 2356 123 2400 ἢ
154 2356 255 2390 ἄλλον
287 2356 440 2391 ὁτουοῦν
472 2359 540 2391 τῶι
575 2359 739 2392 τοιούτω]

102 2401 155 2436 εἰς
202 2401 237 2435 τὸ
276 2402 514 2458 δεσμωτήριον
555 2402 737 2460 ἀπαγάγοι,

103 2446 249 2487 φάσκων
264 2446 399 2481 ἀδικεῖν
399 2450 526 2503 μηδὲν
542 2448 687 2483 ἀδικοῦι
683 2463 738 2489 τα,

102 2488 211 2530 οἶσθ’,
239 2491 286 2525 ὅτι
307 2491 371 2526 οὐκ
393 2492 436 2527 ἂν
457 2495 543 2537 ἔχοω
565 2494 583 2527 ὅ
609 2509 636 2528 τι
658 2495 738 2538 χρή-

104 2547 178 2569 σαιο
213 2541 341 2581 σαυτῷ,
383 2537 450 2572 ἀλλ’
490 2539 659 2584 ιλιγγιοίης
696 2540 739 2574 ἂι

101 2584 157 2614 καὶ
193 2587 331 2637 χασμςῦο
368 2582 432 2617 οὐκ
465 2586 550 2627 ἔχωι
581 2585 601 2618 ὅ
633 2599 659 2618 τι
689 2587 738 2618 εί-

103 2639 177 2661 ποις
195 2647 249 2660 ——.
275 2627 335 2661 τὸν
359 2634 514 2663 romb-toz
538 2650 582 2655 -—-
607 2633 739 2672 ἔξεστιν

102 2672 157 2750 ἐπὶ
190 2671 319 2717 κόῤῥης
344 2687 471 2707 tumor
475 2688 511 2708 τα
534 2675 579 2720 μὴ
606 2675 740 2708 διδόιαι

128 2729 214 2759 ικην.

853 1453 926 1487 τὸν
968 1459 1038 1499 τῆς
1083 1456 1279 1498 Αἰγίνης
1322 1454 1447 1499 υἱόν]

808 1500 1161 1542 Olympiodorus:
1177 1501 1374 1556 προςὲθηκε
1389 1500 1450 1544 τὴι·

813 1546 934 1588 4ι”γειι
939 1558 982 1577 αι
998 1547 1086 1587 (sic),
1111 1545 1253 1591 ἐπειδὴ
1247 1548 1302 1578 καὶ
1321 1544 1339 1579 ὁ
1357 1548 1448 1580 Λαλ-

808 1592 918 1634 λικλῆς
943 1589 1009 1623 ἀπὸ
1040 1592 1207 1634 Αιγειίης
1231 1593 1287 1635 ηἰ.

852 1682 890 1712 P.
914 1680 990 1716 527.
1040 1681 1251 1724 τυπτήσει
1291 1694 1350 1716 τις
1384 1681 1445 1724 -]

809 1727 923 1759 Attica
953 1728 1060 1758 futuri
1086 1728 1204 1760 forma.
1236 1727 1304 1759 vid.
1330 1727 1447 1759 Pier-

808 1783 893 1804 son.
932 1772 974 1804 ad
1012 1773 1118 1804 Moer.
1155 1784 1186 1815 p.
1218 1772 1295 1806 373.
1350 1772 1448 1804 Alias

808 1818 909 1849 etiam
944 1818 1069 1850 formas
1106 1829 1125 1850 a
1162 1818 1291 1850 τυπτὲω
1328 1818 1448 1850 ductas

807 1863 946 1904 collegit
970 1864 997 1895 L
1012 1864 1161 1896 obeck.
1193 1864 1237 1896 ad
1260 1863 1448 1906 Phrynich.

808 1919 838 1950 p.
865 1907 940 1941 764.
971 1927 1015 1932 —
1049 1910 1132 1941 Mox
1156 1909 1261 1941 verba
1286 1908 1341 1941 ἐπὶ
1367 1906 1448 1949 κόρ·

811 1951 872 1995 ῥης
896 1954 1163 1986 Heindorfio
1195 1955 1365 1987 immerito
1393 1964 1448 1986 su—

809 2003 923 2040 specta
947 2000 1092 2032 fuerunt.
1140 1999 1310 2042 Loquitur
1330 2000 1448 2032 Socra—

808 2049 858 2076 tes
900 2044 1018 2076 durius
1056 2056 1157 2086 quam
1191 2056 1251 2087 pro
1284 2049 1449 2077 consueta

807 2090 1031 2130 humanitate,
1059 2092 1140 2132 quia
1164 2090 1300 2122 Callicli
1324 2091 1449 2133 regerit

809 2145 896 2176 quae
914 2135 972 2167 ille
988 2146 1020 2177 p.
1034 2134 1110 2168 486.
1126 2135 1167 2167 al.
1186 2137 1221 2167 in
1242 2137 1355 2178 ipsum
1370 2147 1449 2168 con-

808 2184 972 2222 gesserat.
1016 2180 1208 2213 Violentior
1246 2181 1447 2214 Heindorfio

809 2226 835 2257 C
847 2236 864 2256 o
875 2225 975 2257 betu
987 2237 1002 2258 s
1022 2231 1072 2258 est
1089 2227 1185 2258 Varr.
1202 2227 1294 2259 lectt.
1310 2238 1342 2269 p.
1358 2225 1446 2267 334„

809 2272 867 2312 qui
913 2271 1019 2303 eiecto
1070 2271 1124 2303 καὶ
1168 2272 1271 2304 etiam
1319 2269 1447 2311 α’τίμως

808 2316 1033 2348 omittendum
1059 2322 1193 2357 censet,
1230 2317 1320 2359 quod
1350 2321 1447 2359 putat

808 2372 828 2392 a
848 2361 1003 2402 quolibet
1021 2363 1149 2394 factum
1173 2363 1225 2403 iri,
1250 2363 1310 2404 qui
1333 2362 1447 2394 Plato-

808 2417 886 2437 nem
925 2411 957 2438 et
999 2408 1132 2440 Atticos
1165 2408 1201 2439 in
1237 2419 1378 2440 succum
1415 2411 1448 2440 et

808 2452 1012 2494 sanguinem
1050 2454 1198 2485 verterit.
1258 2454 1330 2486 Nos
1366 2463 1447 2484 vero

807 2501 967 2538 putamus
1014 2498 1114 2530 aliter
1167 2509 1241 2530 esse
1287 2508 1448 2530 sensuros

808 2543 867 2583 qui
905 2552 1046 2575 caussas
1085 2544 1286 2576 Platonicae
1326 2544 1446 2585 copiae

808 2591 842 2618 et
886 2588 1052 2620 ubertatis
1097 2590 1224 2621 rectius
1267 2589 1446 2621 aestimare

808 2636 908 2673 atque
932 2633 1084 2666 iudicare
1099 2634 1291 2668 didicerint.
1327 2634 1447 2675 Neque

808 2679 899 2709 enim
931 2679 1022 2711 istud
1054 2682 1113 2711 καί
1140 2690 1250 2721 neque
1274 2689 1349 2711 voc.
1374 2677 1445 2710 α’τί-

807 2734 879 2761 μως
918 2729 1037 2757 carent
1075 2725 1110 2756 vi
1151 2729 1252 2767 atque
1286 2723 1447 2767 pondere.

1478 686 1558 727 527
