1687 2969
209 196 288 231 318
762 193 1020 232 PLATONIS

207 303 326 350 λάκις
354 308 638 355 κατηγοροῦσι
665 303 751 341 τῶν
779 304 999 354 μαθητῶν,
1034 301 1090 349 ὡς
1119 297 1314 341 ἀδικοῦσι
1342 307 1454 351 σφᾶς
1483 295 1554 340 αὐ-

208 366 308 414 τοὺς
344 367 443 414 τούς
482 381 524 407 τε
563 366 746 419 μισθοὺς
785 361 1119 418 ἀποστεροῦντες
1157 365 1227 406 καὶ
1264 367 1395 418 ἄλλην
1431 365 1555 418 χάριν

210 428 290 473 οὐκ
329 427 627 481 ἀποδιδόντες,
668 427 714 472 εὖ
753 431 966 478 παθόντες
1005 430 1075 471 ὑπ’
1116 425 1271 470 αὐτῶν.
1301 429 1371 470 καὶ
1398 430 1554 471 τούτου

133 496 174 536 D
205 502 283 538 τοῦ
320 498 453 550 λόγου
492 497 531 537 τί
571 496 623 537 ἂν
666 494 934 549 ἀλογώτερον
964 496 1026 548 εἴη
1055 502 1252 548 πρᾶγμα,
1293 490 1555 546 ἀνθρώπους

208 559 400 614 ἀγαθοὺς
449 562 518 603 καὶ
565 562 757 609 δικαίους
801 559 1083 614 γενομένους,
1143 559 1432 611 ἑξαιρεθέντας
1479 559 1556 613 μὲν

209 622 379 668 ἀδικίαν
415 627 500 668 ὑπὸ
541 634 618 668 τοὺ
657 627 936 674 διδασκάλου,
977 626 1153 678 σχόντας
1193 625 1237 665 δὲ
1266 626 1553 677 δικαιοσύνην,

208 689 370 733 ἀδικεῖν
397 693 557 748 τούτῳ,
599 690 621 733 ὃ
653 688 732 732 οὐκ
762 689 953 744 ε’ςχουσιν
984 692 1036 731 οὐ
1065 691 1184 731 δοκεῖ
1210 702 1277 730 σοι
1304 697 1431 731 τοῦτο
1461 693 1555 731 ἄτο-

207 773 291 800 πον
317 754 439 808 εἶναι
472 752 504 798 ὦ
530 756 689 807 ἑταῖρε,·
712 751 789 804 Ως
813 752 984 809 αληθῶς
1011 756 1269 809 δημηγορεῖν
1297 770 1346 809 με
1374 756 1555 810 ηνοὶγκα-

207 833 296 871 σας,
329 818 361 864 ὦ
394 823 653 871 Καλλίκλεις,
683 816 763 862 οὐκ
793 819 954 862 ἐθέλων
982 817 1300 873 αποκρινεσθαι.

294 889 399 947 Cap.
430 889 617 931 LXXV.
690 888 826 927 ΚΑΛ.
880 886 948 927 Σὺ
987 887 1023 927 δ’
1063 881 1143 927 οὐκ
1184 886 1238 927 ἂν
1276 881 1366 934 οἷός
1403 886 1436 925 τ’
1474 885 1558 939 εἴης

207 954 353 1009 λέγειν,
397 956 431 996 εἰ
460 957 516 1009 μή
545 956 607 1003 τίς
636 964 703 995 σοι
732 952 1034 1006 α’ποκρίνοιτος
1078 955 1177 994 ΣΩ.
1197 949 1347 994 ’Έοικοέ
1375 968 1444 1006 γε·
1475 960 1558 993 νῦν

139 1025 176 1067 Ε
207 1028 316 1074 γοῦν
345 1019 529 1074 συχνοὺς
557 1021 680 1061 τείνω
709 1022 796 1060 τῶν
824 1020 975 1072 λόγων,
1016 1018 1156 1073 ἐπειδή
1186 1034 1259 1072 μοι
1290 1015 1370 1059 οὐκ
1400 1017 1558 1065 ἐθέλεις

208 1083 530 1139 ἀποκρίνεσθαι.
563 1082 663 1135 ἀλλ’,
696 1080 728 1126 ὦ
754 1081 891 1138 ’γαθέ,
923 1085 1007 1125 εἰπὲ
1036 1085 1142 1137 πρὸς
1172 1084 1328 1137 φιλίου,
1363 1084 1415 1124 οὐ
1444 1084 1561 1124 δοκεῖ

275 1209 318 1240 D.
355 1206 373 1240 ὃ
398 1220 416 1239 0
429 1206 477 1240 ὐκ
503 1208 600 1250 ἕχον
613 1206 693 1250 σιν]
723 1202 749 1239 ὦ
766 1207 920 1239 dativum
937 1208 1102 1249 praebent
1118 1207 1194 1238 Par.
1212 1206 1332 1238 IVW.
1358 1206 1448 1238 Flor.
1464 1205 1497 1237 b.
1512 1217 1557 1245 x.‚

208 1254 401 1285 restitutum
426 1254 525 1285 illum
551 1264 570 1285 a
590 1253 760 1285 Bekkero.
808 1253 1027 1284 Hel-mannus
1052 1250 1069 1284 ὃ
1096 1252 1322 1283 concinnitati
1346 1252 1454 1293 magis
1479 1261 1558 1282 con-

209 1300 325 1330 venire
345 1299 547 1338 arbitratur-3
572 1309 633 1330 nos
654 1298 889 1330 attractionem
910 1303 1068 1339 putamus
1093 1298 1253 1329 omissam
1278 1307 1361 1337 esse,
1387 1303 1425 1328 ut
1450 1294 1556 1338 τούτῳ

211 1355 398 1386 pronomen
422 1344 458 1375 vi
482 1349 515 1376 et
537 1345 706 1386 gravitate
732 1343 810 1386 plus
835 1343 972 1385 polleat.

213 1461 246 1489 et
271 1457 360 1489 Ast.
386 1456 567 1489 delendum
594 1460 746 1488 censent.
770 1456 847 1488 Non

213 1503 389 1534 assentior.
435 1502 553 1543 Neque
587 1502 678 1533 enim
711 1502 784 1533 sine
815 1501 850 1531 vi

214 1548 339 1580 dicitur
359 1558 416 1579 eos
433 1548 606 1588 conqueri,
631 1547 721 1588 quod
745 1550 851 1578 semet

213 1594 316 1635 ipsos,
349 1593 530 1634 magistros
554 1593 701 1631 virtutis,
725 1593 851 1623 iniuste

212 1642 368 1670 tractent.
422 1638 543 1669 Latine
576 1638 659 1669 haec
690 1639 852 1679 interpre-

212 1685 308 1715 teris:
357 1694 451 1715 nam
498 1683 681 1714 virtutis
724 1683 849 1724 magi-

212 1734 342 1761 stros
390 1738 496 1760 sese
539 1728 849 1769 profitentes

212 1783 561 1816 saepenumero
610 1776 850 1805 accusant

211 1818 513 1860 discipulos,
558 1818 683 1859 quod
721 1818 849 1859 ipsis

212 1865 328 1896 adeo
359 1864 558 1895 inferan
575 1869 588 1895 t
618 1864 848 1903 iniuriam,

212 1911 285 1951 qui
310 1914 450 1941 tamen
473 1919 545 1940 eos
566 1908 616 1939 ad
637 1909 848 1940 virtutem

211 1955 511 1987 formaverint.
562 1954 606 1985 Et
636 1957 754 1985 tenent
786 1951 847 1985 αὐ-

212 1998 290 2033 τοὺς
321 1999 401 2031 libri
425 2009 552 2031 omnes.
586 1999 673 2030 conf.
699 1998 848 2030 Schoe-

210 2056 302 2077 man
312 2056 344 2076 n.
375 2044 418 2076 ad
448 2045 583 2075 Isaeum
615 2054 647 2085 p.
674 2042 749 2076 185.
785 2044 848 2075 El-

209 2090 339 2124 lendt.
364 2089 408 2122 ad
432 2090 566 2122 Arrian.
590 2089 616 2121 Ι.
640 2099 672 2131 p.
697 2087 751 2121 48.

255 2180 323 2212 καὶ
358 2178 512 2211 τούτου
548 2182 620 2210 τοῦ
653 2177 785 2221 λόγου
812 2180 851 2209 τί

210 2223 261 2256 ἂν
285 2223 362 2268 ἀλ.]
387 2225 439 2256 Et
463 2224 566 2266 quid
585 2228 730 2266 potest
750 2234 847 2255 esse

210 2271 287 2302 hac
344 2271 547 2302 oratione
597 2268 847 2308 absurdius,

210 2316 407 2346 homines
449 2314 586 2346 bonos
626 2319 666 2345 et
704 2315 847 2345 iustos

211 2361 373 2399 factos,
413 2359 632 2392 liberatos
666 2370 741 2400 per
771 2369 847 2390 ma-

209 2406 394 2447 gistrum
427 2404 475 2436 ab
502 2405 750 2444 iniustitia,
783 2414 848 2434 na-

211 2454 301 2482 ctos
343 2460 442 2481 vero
488 2450 726 2489 iustitiam,
774 2459 848 2490 per

212 2495 322 2527 illud
362 2494 495 2527 alteri
539 2495 748 2525 iniuriam
791 2494 847 2524 in-

212 2542 342 2580 ferre,
388 2539 498 2581 quod
543 2549 623 2571 non
662 2539 846 2570 habent?

212 2587 276 2618 Pro
324 2585 379 2616 καὶ
427 2583 761 2616 Heindorfius
816 2588 849 2614 et

211 2631 366 2662 Astius
399 2631 504 2661 καίτοι
530 2630 739 2670 scripserunt
761 2629 848 2659 invi-

211 2677 254 2707 tis
270 2674 458 2708 codicibus.
494 2674 574 2706 Noli
588 2675 723 2705 imitari¹
762 2674 847 2705 Nam

211 2731 311 2762 saepe
337 2722 395 2751 καί
416 2721 450 2751 in
475 2719 641 2761 principio
666 2720 849 2751 sententia-

917 1467 991 1487 rum
1010 1456 1060 1487 sic
1081 1466 1156 1486 eum
1181 1455 1215 1486 vi
1240 1455 1398 1497 positum,
1423 1453 1558 1496 quando

918 1501 963 1541 id,
996 1500 1085 1542 quod
1110 1500 1394 1542 praecedentibus
1419 1500 1559 1541 opponi-

920 1552 990 1586 tur,
1033 1546 1168 1577 additur
1203 1547 1268 1586 sic,
1310 1549 1348 1577 ut
1381 1555 1559 1587 argumen-

920 1593 1002 1623 tatio
1027 1591 1186 1623 inchoata
1213 1591 1316 1623 simul
1339 1593 1559 1622 continuetur

921 1642 954 1669 et
989 1636 1197 1668 absolvatur.
1241 1636 1386 1678 Apolog.
1426 1636 1557 1667 Socrat.

919 1693 950 1724 p.
976 1681 1029 1714 29.
1056 1683 1099 1713 Β;
1137 1678 1213 1713 οἶδε
1245 1681 1310 1724 γὰρ
1345 1678 1463 1714 οὐδεὶς
1497 1679 1558 1712 τὸν

920 1725 1077 1759 θάνατον
1098 1746 1141 1750 -
1158 1725 1207 1758 ὅτι
1221 1726 1383 1769 μέγιστον
1408 1730 1475 1758 τῶν
1499 1737 1556 1757 κα-

920 1775 991 1804 κῶν
1030 1771 1111 1804 ἐστι.
1148 1772 1202 1803 καὶ
1245 1775 1342 1804 τοῦτο
1384 1774 1455 1805 πῶς
1494 1769 1556 1803 οὐκ

918 1815 1052 1857 ἀμαθία
1089 1816 1184 1849 ἐστὶν
1219 1816 1303 1859 αὕτη
1340 1813 1359 1858 ἡ
1391 1816 1559 1848 ἐπονείδι-

922 1874 1015 1901 oms,-
1040 1862 1100 1894 ubi
1116 1874 1148 1894 v.
1162 1867 1276 1894 annot.
1315 1862 1446 1893 Deinde
1472 1872 1556 1893 cave

917 1912 995 1950 post
1024 1908 1080 1949 εἴη
1111 1911 1248 1949 πρᾶγμα
1279 1907 1436 1938 voculam
1464 1905 1482 1949 ἣ
1507 1908 1556 1938 in-

919 1964 1011 1985 seras
1068 1957 1126 1984 aut
1178 1963 1255 1984 cum
1303 1952 1555 1984 Matthiaeo

917 2009 949 2040 p.
982 1996 1058 2030 846.
1103 2004 1136 2029 et
1173 1998 1472 2030 Schoemanno
1514 1997 1556 2029 ad

918 2044 1052 2075 Isaeum
1068 2053 1100 2084 p.
1117 2041 1191 2075 188.
1212 2043 1371 2075 omissam
1396 2043 1556 2084 opineris.

919 2090 1033 2129 Quum
1069 2089 1158 2120 enim
1194 2088 1293 2120 haec:
1338 2088 1392 2119 καὶ
1433 2099 1554 2119 τουτοι

919 2137 977 2165 τοῦ
1008 2131 1112 2175 λόγου
1139 2146 1166 2165 τι
1191 2131 1236 2164 ἂν
1260 2129 1478 2176 ἀλογώτεοοι
1501 2133 1556 2177 εἰη

918 2181 1075 2221 πρᾶγμα,
1098 2178 1188 2210 idem
1213 2179 1282 2210 sint
1306 2178 1394 2219 quod
1420 2178 1474 2231 ιταὶ
1496 2190 1555 2209 02-

919 2235 972 2257 zos
1005 2221 1023 2255 ὁ
1055 2221 1154 2266 λόγος
1186 2221 1395 2277 ἀλογώτατος
1418 2221 1464 2254 ἃ]
1488 2223 1553 2264 εἴη]

918 2270 1001 2300 satis
1039 2273 1179 2310 apparet
1212 2269 1296 2300 ista·
1338 2265 1555 2321 ἀξίνρωποις

917 2311 1075 2356 ἀγαθοις
1096 2326 1122 2345 κ.
1146 2326 1168 2345 τ.
1188 2315 1226 2351 λ,
1251 2314 1323 2345 sine
1350 2311 1369 2355 ἢ
1393 2313 1555 2355 subiungi

916 2360 1079 2403 potuisse.
1115 2359 1171 2390 Sic
1194 2359 1372 2390 Lucian.
1398 2358 1556 2390 Abdicat.

919 2403 1023 2435 1:013
1052 2416 1078 2435 τι
1103 2401 1223 2446 ye'zozt’
1252 2401 1297 2434 ἂι
1320 2400 1553 2444 ἀτοπώτερον,

920 2447 1133 2489 θεραπενειι
1150 2447 1187 2480 ἐκ
1203 2460 1289 2489 προς
1295 2447 1456 2491 τάγματος
1474 2446 1553 2479 οὐκ·

919 2492 970 2525 ἔθ’
1008 2491 1053 2527 ais
1086 2490 1105 2535 ἡ
1135 2493 1231 2535 τὲχιη
1256 2492 1433 2534 βούλεται;
1468 2494 1500 2525 h
1526 2504 1553 2525 e.

918 2551 975 2570 τοι
982 2550 1015 2569 το
1049 2538 1087 2569 δὲ
1114 2536 1232 2579 γένοιτ’
1258 2536 1303 2570 ἂι
1327 2536 1553 2575 ἀτοπώτατον,

918 2581 1134 2624 θεραπειειι
1160 2585 1223 2615 κτλ.
1257 2585 1344 2616 conf.
1369 2584 1570 2615 Fritsch(

919 2630 1070 2668 Quaestt.
1107 2628 1190 2659 Luc.
1221 2639 1252 2670 p.
1286 2628 1337 2660 19.
1392 2629 1554 2661 Eiusdem

917 2675 986 2706 fere
1017 2674 1151 2715 generis
1176 2678 1257 2706 sunt
1280 2685 1366 2715 quae
1391 2675 1489 2716 attigi
1513 2674 1553 2705 ad

917 2731 948 2761 p.
974 2718 1049 2751 500.
1075 2718 1112 2750 C.
