1687 2969
225 178 300 214 158
774 172 1031 211 PLATONIS

222 284 278 331 ὡς
302 282 421 331 ἔοικε,
446 281 517 322 καὶ
540 280 654 332 παρὰ
677 284 757 322 σοῦ
776 280 845 322 καὶ
861 276 950 333 παῤ
981 279 1084 332 ἐμοῦ
1106 278 1382 331 ὁμολογεῖται.
1415 278 1562 317 ΠΩΛ.

224 349 324 388 Ναί.
367 349 468 387 ΣΩ.
503 347 614 387 Πότε
636 342 716 387 οὖν
739 347 791 387 σὺ
815 342 899 399 φῂς
921 347 1098 398 ἄμεινον
1125 339 1234 383 εἶναι
1253 346 1385 382 ταῦτα
1408 345 1566 390 ποιεῖνς

222 411 320 464 εἰπέ,
350 414 444 453 τίνα
471 408 574 463 ὅρον
596 411 734 463 ὁρίζει.
782 412 927 451 ΠῼΛ.
959 409 1026 450 Σὺ
1048 407 1124 462 μὲν
1149 404 1239 457 οὖν,
1272 402 1304 448 ὦ
1327 407 1564 458 Σώκρατες,

222 474 449 529 ἀπόκριναι
477 477 605 517 ταύτὸ
633 483 771 517 τοῦτο.
829 477 929 516 Σῼ.
954 471 1071 527 Ἐγὼ
1100 472 1177 526 μὲν
1205 474 1353 513 τοίνυν
1383 472 1503 525 φημί,
1533 466 1566 511 ὦ

224 545 371 591 Πῶλε,
417 542 455 582 εἴ
481 551 547 582 σοι
575 537 670 593 παρ’
701 539 804 594 ἐμοῦ
834 540 955 594 ἥὸιόν
984 538 1096 580 ἐστιν
1124 538 1313 586 οἱκούειν,
1358 537 1460 577 ὅταν
1488 536 1565 590 μὲν

222 608 392 656 δικαίως
419 622 480 655 τις
508 609 641 647 ταῦτα
669 613 785 660 ποιῇ,
823 608 998 658 ἄμεινον
1028 600 1149 655 εἶναι,
1191 603 1293 644 ὅταν
1322 602 1365 643 δὲ
1394 598 1563 650 ἀδίκως,

221 674 381 714 κάκιον.

309 738 413 794 Cap.
445 737 614 780 XXVI.
676 736 822 774 ΠΩΛ.
858 734 1085 774 “-·>Χαλεπόν
1122 731 1169 785 γέ
1209 742 1253 772 σε
1294 730 1476 783 ἐλέγξαι,
1531 724 1564 770 ὦ

222 807 463 857 Σώκρατες,
493 798 579 843 ἀλλ’
604 802 697 855 οὐχὶ
716 801 796 842 κᾶν
817 804 916 849 παῖς
938 813 982 841 σε
1000 800 1209 853 ἐλέγξειεν,
1239 799 1302 840 ὅτι
1323 800 1402 839 οὐκ
1424 799 1563 851 ἀληθῆ

220 869 375 922 λέγεις-5
407 870 506 910 Σῼ.
540 867 715 920 Πολλὴν
744 869 827 919 ἄρα
857 864 937 918 ἐγὼ
965 868 1023 922 τῷ
1053 865 1170 906 παιδὶ
1200 865 1322 918 χάριν
1351 863 1438 914 ἔξω,
1468 863 1565 917 ἴσην

292 990 398 1023 Πότε
429 985 511 1022 οὖν
546 990 594 1021 σὺ
627 987 708 1031 φῂς
740 986 822 1031 ἄμ]
860 987 965 1020 Codd.
994 986 1151 1028 Πότερον
1182 981 1264 1024 οὖν,
1299 986 1450 1028 exceptis
1474 985 1565 1018 Flor.

222 1048 250 1069 a.
276 1048 302 1068 s.
327 1037 466 1068 Meerm.
484 1036 572 1077 Aug.
608 1034 673 1066 Sed
698 1034 799 1065 unice
824 1043 905 1065 vera
929 1036 980 1065 est
1003 1033 1144 1075 vulgata
1168 1032 1279 1073 lectio,
1301 1032 1402 1064 sicuti
1426 1035 1566 1074 apparet

221 1093 264 1114 ex
284 1081 500 1124 praecedenti
525 1079 637 1111 ἐνίοτε
663 1078 734 1118 μέν,
762 1078 872 1110 ἐνίοτε
899 1077 945 1110 δέ.

222 1197 378 1247 poterant
401 1194 449 1225 sie
473 1193 659 1225 enuntiari:
685 1204 715 1224 ει
742 1192 781 1224 δὲ
804 1192 859 1235 τιή,

223 1238 257 1271 τὸ
289 1238 398 1293 μέγα
405 1237 586 1269 δύνασθαι
617 1248 670 1269 σοι
703 1249 860 1277 <patuerat

221 1282 328 1316 κακὸι
363 1279 452 1315 εἶπαι
489 1284 543 1314 καὶ
579 1280 722 1324 οαικρὸι
754 1280 858 1314 δύνα-

223 1330 316 1366 σθαι,
350 1340 365 1361 s
376 1330 416 1360 in
441 1339 473 1359 m
486 1329 496 1359 i
507 1339 527 1359 n
538 1339 560 1359 u
571 1339 585 1359 s
612 1328 756 1369 (utilitas
782 1328 860 1359 inde

222 1375 401 1416 capiatur),
418 1384 605 1416 magnam
622 1384 642 1415 p
653 1378 718 1406 ote
728 1375 790 1404 nti
800 1383 860 1404 am

222 1430 314 1451 esse
353 1418 507 1450 malum
536 1424 580 1450 et
612 1429 765 1450 revera
796 1429 859 1449 ex-

222 1466 366 1507 iguam
403 1464 661 1506 potentiam.
709 1464 860 1505 Apparet

222 1511 312 1541 enim
336 1509 532 1551 posterioris
559 1519 692 1550 quoque
717 1508 860 1540 membri

222 1555 413 1587 subiectum
432 1565 506 1586 esse
524 1552 557 1585 τὸ
577 1564 659 1597 ιαγα
674 1551 858 1585 δύνασθαι.

266 1601 305 1631 Β.
356 1597 415 1630 Συ
454 1599 532 1638 μὲι
569 1599 723 1629 0151——
760 1595 858 1631 ἀπό-

224 1657 322 1686 κριι
331 1656 370 1675 αι
404 1641 532 1675 ταυτὸ
577 1647 650 1675 τοῦ
663 1643 723 1686 το]
761 1646 805 1676 Η
831 1654 857 1675 e.

223 1691 310 1721 Iino
329 1693 390 1729 tu,
417 1689 608 1728 Socrate,
634 1688 746 1720 idem
770 1690 858 1728 hoc,

222 1734 335 1777 quod
375 1744 424 1765 ex
461 1744 521 1765 me
565 1735 761 1775 quaeris,
804 1744 859 1765 re-

222 1779 393 1822 sponde.
428 1779 523 1811 Nihil
541 1789 682 1810 caussae
707 1784 768 1818 est,
799 1789 860 1811 cur

222 1825 413 1856 scribamus
460 1834 537 1855 cum
586 1824 667 1856 Hei
678 1835 699 1854 n
710 1824 730 1855 d
745 1824 858 1856 orsio

222 1867 407 1909 α’πόκριιάι
432 1866 534 1902 αὐτὸς
561 1872 675 1905 τοῦτο,
710 1869 860 1910 quando-

222 1915 358 1956 quidem
389 1915 482 1945 notio
514 1914 725 1955 pronominis
756 1911 859 1947 αὐτός

222 1961 290 1991 iam
328 1959 523 1991 continetur
560 1959 620 1990 illo
663 1956 723 1996 ου’,
769 1958 859 2000 quod

222 2005 269 2035 sie
301 2004 336 2035 in
368 2004 536 2046 pr1ncipio
569 2004 732 2035 orationis
758 2004 859 2035 collo-

222 2054 335 2081 catum
378 2047 436 2080 τοί
441 2059 527 2081 ωσι]
566 2049 676 2080 habet.
741 2050 859 2090 Neque

220 2093 405 2136 probamus
447 2093 556 2146 quod
580 2105 622 2125 ex
663 2094 860 2126 coniectula

222 2139 328 2171 edidit
352 2139 513 2170 Coraes
538 2135 721 2179 ἀπόκριιαι
746 2142 858 2170 σαυτιῦ

223 2196 329 2216 τουτο.
379 2183 479 2224 Quod
508 2184 537 2215 si
562 2185 659 2216 Plato
684 2184 858 2225 voluisset,

222 2229 428 2273 scripsisset,
469 2229 590 2271 opinor
600 2254 607 2269 ,
651 2226 706 2261 Αἰ
702 2229 765 2263 τὸς
795 2229 860 2268 μὲν

222 2286 290 2305 οτι
303 2272 543 2314 -ἀπόκριναι
570 2284 597 2305 σ.
625 2286 648 2305 τ.

267 2319 349 2360 Cap.
380 2319 507 2350 XXVI.
556 2319 593 2351 C.
654 2318 687 2350 Χ
698 2317 859 2351 αλεπό]

222 2374 268 2405 γε
290 2381 333 2386 -
357 2363 517 2405 leyen&
527 2362 537 2406 ]
570 2364 624 2395 Ad
648 2363 770 2395 verba·
800 2376 857 2405 χα·

221 2405 328 2439 λεπόι
351 2407 389 2450 γέ
416 2419 452 2439 σε
478 2407 622 2450 ἐλέγξαι,
658 2409 683 2440 ω’
712 2408 770 2447 Σ.
803 2420 858 2441 ve-

221 2453 353 2484 rissime
394 2453 599 2485 Scholiasta:
646 2451 713 2485 κατ’
754 2453 856 2494 εἰρω-

225 2509 321 2529 νειαν
346 2496 444 2529 τουτό
470 2508 593 2539 φησιν,

223 2541 448 2584 ἐπαγόμενον.
485 2543 529 2573 Et
553 2544 601 2574 sic
626 2543 664 2585 γὲ
691 2544 726 2574 in
751 2544 863 2576 ironia

222 2598 289 2619 non
305 2588 510 2628 infrequens.
527 2599 557 2618 v.
574 2589 607 2619 M
619 2592 712 2619 aetz
723 2599 805 2620 ner.
819 2589 861 2620 ad

222 2633 369 2674 Lycurg.
386 2643 416 2674 p.
432 2630 508 2664 302.
547 2633 707 2665 Proxima
731 2634 764 2664 H
776 2645 793 2666 e
805 2635 813 2664 i
824 2645 861 2665 n-

222 2677 388 2709 dorfius
434 2677 520 2708 citra
560 2678 858 2720 interrogationem

627 2496 673 2531 αἱς
701 2498 802 2539 δηλοῖ
823 2497 856 2531 τὸ
888 2509 899 2530 ³

931 1192 1128 1235 accipienda
1176 1191 1321 1234 putabat
1364 1202 1439 1223 cum
1482 1190 1568 1222 Ste-

929 1239 1091 1280 phano,
1134 1249 1177 1269 ne
1217 1238 1328 1269 subito
1366 1237 1401 1267 in
1441 1236 1566 1267 serium

930 1288 1076 1315 verteret
1100 1283 1218 1315 oratio.
1265 1282 1330 1314 Sed
1355 1282 1402 1313 ita
1426 1280 1568 1313 offendit

930 1329 1020 1360 istud
1045 1326 1127 1365 κᾶν,
1161 1327 1250 1369 quod
1274 1328 1361 1359 foret
1384 1327 1485 1368 plane
1510 1326 1567 1357 ab·

930 1374 1078 1405 surdum.
1127 1373 1225 1405 Unde
1257 1373 1310 1404 vir
1339 1372 1456 1404 doctus
1481 1370 1567 1402 illud

929 1420 965 1450 in
997 1417 1040 1450 ἂν
1070 1422 1237 1450 mutatum
1269 1417 1415 1450 volebat.
1462 1416 1567 1457 Equi-

929 1464 1005 1495 dem
1029 1464 1329 1515 interrogationem
1356 1461 1568 1494 retinendam

929 1510 1084 1541 arbitr-01.
1132 1509 1232 1549 Quod
1263 1508 1353 1540 enim
1386 1507 1492 1539 Polus
1523 1505 1566 1538 ab

929 1555 1084 1587 irrisione
1098 1558 1235 1596 repente
1248 1554 1371 1585 transit
1387 1552 1430 1584 ad
1445 1551 1568 1584 seriam

929 1599 1019 1631 hanc
1041 1600 1352 1641 reprehensionem,
1374 1597 1409 1629 id
1434 1597 1569 1639 egregie

929 1645 1083 1687 depingit
1098 1645 1281 1684 hominem,
1306 1644 1364 1685 qui
1380 1647 1431 1675 est
1453 1643 1566 1674 animo

929 1690 1013 1722 adeo
1048 1695 1232 1729 commoto,
1270 1694 1309 1721 ut
1345 1688 1567 1721 acerbissima

930 1746 1083 1776 quaeque
1130 1735 1166 1766 in
1214 1735 1387 1767 Socratem
1435 1732 1566 1765 effutire

929 1780 1072 1812 studeat.
1132 1781 1208 1812 Non
1251 1778 1452 1811 mutandum
1493 1787 1566 1810 esse

929 1825 1014 1857 illud
1030 1823 1095 1856 κᾶι
1109 1825 1232 1857 docent
1248 1826 1347 1857 etiam
1364 1824 1425 1855 illa
1446 1835 1477 1866 p.
1491 1821 1568 1855 471

930 1871 970 1901 D.
983 1895 991 1909 ,
1035 1869 1093 1901 ubi
1125 1870 1282 1902 Socrates
1321 1869 1362 1901 ad
1395 1869 1481 1901 haec
1517 1877 1566 1899 re-

929 1915 1096 1956 spiciens·
1133 1915 1188 1946 καὶ
1218 1918 1281 1946 πῦι
1305 1912 1382 1946 ἄλλο
1414 1926 1439 1945 τι
1464 1907 1566 1945 οὗτός

930 1959 1023 1991 ἐστι]
1042 1957 1060 1990 ό
1079 1958 1188 2002 λόγος,
1218 1972 1243 1991 ι)
1259 1971 1298 1998 με
1325 1959 1394 1991 καὶ
1420 1956 1464 1990 ἃ]
1490 1963 1567 1991 παῖς

930 2003 1119 2046 ἐξελέγξειε.

973 2051 1015 2081 D.
1042 2049 1170 2091 ἐχθὲς
1189 2050 1255 2081 καὶ
1274 2047 1435 2091 πρώην]
1462 2059 1567 2090 quae

929 2095 1191 2127 aeciderunt
1215 2094 1374 2126 nudius
1399 2094 1566 2134 tertius,

928 2139 960 2171 h.
991 2151 1019 2171 e.
1051 2151 1136 2172 non
1172 2141 1234 2171 ita
1270 2139 1456 2182 pridem,
1497 2150 1565 2171 nu-

928 2185 1125 2226 perrime.
1181 2184 1277 2217 Alibi
1308 2184 1432 2226 legitur
1463 2185 1564 2216 etiam

927 2230 1011 2271 χθὲς
1044 2231 1098 2262 καὶ
1133 2229 1254 2272 πρώην
1294 2233 1327 2261 et
1359 2227 1478 2271 πρώην
1509 2230 1563 2261 καὶ

928 2274 1020 2316 χθές.
1046 2286 1076 2306 v.
1102 2274 1288 2307 Lobeek.
1313 2274 1356 2306 ad
1379 2275 1565 2315 Phrynich.

927 2331 960 2362 p.
990 2318 1066 2353 323.
1128 2319 1348 2351 Illustrarunt
1397 2320 1564 2352 formulae

928 2375 1028 2396 usum
1071 2365 1214 2406 interpp.
1259 2364 1302 2396 ad
1343 2365 1565 2407 Aristoph.

927 2411 1035 2442 Rann.
1082 2420 1113 2441 v.
1151 2408 1227 2442 738.
1276 2409 1475 2441 Gataker.
1523 2409 1566 2441 ad

927 2455 1053 2486 Anton.
1078 2454 1121 2493 X,
1147 2453 1175 2486 7.

971 2497 1208 2540 Ἀρχέλαον
1272 2498 1412 2540 δήπου
1473 2502 1564 2530 τοῦ·

935 2556 1006 2575 τον
1030 2543 1092 2586 -]
1130 2544 1367 2583 ‚,Archelaus‚
1403 2544 1443 2575 de
1468 2544 1566 2576 cuius

930 2589 1141 2620 facinoribus
1157 2589 1213 2620 hic
1230 2590 1303 2620 fuse
1328 2589 1451 2630 agitur,
1475 2589 1563 2620 haud

929 2644 1050 2675 purum
1086 2639 1204 2675 putum
1236 2639 1306 2665 erat
1337 2633 1448 2665 scelus
1482 2634 1566 2673 sive,

929 2682 966 2710 ut
989 2678 1192 2720 loquuntur,
1217 2679 1314 2712 nulla
1346 2679 1470 2710 virtute
1495 2678 1566 2710 red—
