1687 2969
458 203 703 242 GORGIAS.
733 203 776 241 P.
807 205 901 240 466.
932 203 990 240 ed.
1022 202 1078 241 St.
1363 202 1438 240 147

82 313 313 366 ἀμφιγνοῶ
339 311 508 365 μέντοι,
542 306 575 353 ὦ
606 313 755 362 Πῶλε,
785 306 846 363 ἐφ’
880 309 1059 351 ἑκάστου
1090 302 1152 351 ὧν
1179 307 1332 363 λέγεις,
1362 311 1439 352 πό-

82 392 206 430 τερον
251 376 382 426 αὐτὸς
427 383 560 418 ταῦτα
607 376 738 430 λέγεις
785 375 854 417 καὶ
902 376 1077 429 γνώμην
1119 382 1282 416 σαυτοῦ
1333 375 1438 418 α’πο-

84 443 254 496 φαίνει,
297 442 323 496 ἢ
353 441 422 515 ἐμὲ
461 440 628 495 ἔρωτας.
687 443 832 482 ΠΩΛ.
874 436 985 481 Ἀλλ’
1027 439 1156 493 ἔγωγέ
1197 450 1243 481 σε
1282 439 1437 493 ἐρωτῶ.

84 509 187 549 ΣΩ.
219 504 340 558 Εἶεν.
373 509 406 548 ὡ
435 508 553 560 φίλε·
596 507 736 548 ἔπειτα
762 507 842 548 δύο
871 505 958 558 ἅμα
987 519 1034 557 με
1067 504 1253 584 ε’ρωταςξ1
1288 508 1435 547 ΠΩΛ.

86 575 187 621 Πῶς
214 573 318 622 δύο,-
359 574 462 614 Σῼ.
498 567 589 614 Οὐκ
630 575 724 624 ἄρτι
766 570 877 612 οὕτω
906 585 995 619 πως
1037 568 1193 621 ἔλεγες,
1238 570 1302 612 ὅτι
1332 572 1435 612 ἄπο·
1468 575 1509 615 D

84 638 334 679 κτιννύασιν
373 637 415 679 οἱ
442 637 616 691 ῥήτορες
645 633 721 686 οὓς
751 636 804 677 ἂν
834 637 1094 688 βούλωνται,
1137 635 1272 688 ὥςπερ
1303 636 1345 678 οἷ
1371 638 1439 677 τύ-

86 718 266 755 ραννοι,
305 701 375 743 καὶ
415 704 604 756 χρήματα
642 703 930 754 ἀφαιροῦνται
965 700 1035 741 καὶ
1065 698 1364 750 ἐξελαύνουσιν
1394 701 1439 743 ἐκ

83 774 172 809 τῶν
199 768 365 809 πόλεων
396 765 448 809 ὃν
479 768 533 810 ἂν
561 769 666 822 δοκῇ
698 768 865 816 αὐτοῖς,·
901 767 1046 806 ΠΩΛ.
1066 762 1241 819 ’Ἐγωγε

171 834 278 892 Cap.
308 834 462 876 XXII.
523 834 623 873 Σῼ.
683 832 806 884 Λέγω
835 833 987 873 τοίνυν
1015 842 1094 882 σοι,
1125 831 1189 872 ὅτι
1218 832 1296 872 δύο
1325 826 1438 872 ταῦτ’

84 899 170 942 ἐστὶ
190 900 242 942 τὰ
262 899 522 954 ἐρωτήματα,
551 899 622 941 καὶ
650 899 965 952 ἀποκρινοῦμαί
993 897 1039 952 γέ
1069 909 1135 940 σοι
1163 900 1270 951 πρὸς
1299 900 1438 953 ἀμφό-

84 980 195 1019 τερα.
237 963 346 1019 φημὶ
383 966 488 1019 γάρ,
530 959 563 1005 ὦ
595 966 745 1014 Hane,
787 963 868 1016 ἐγὼ
909 965 978 1005 καὶ
1017 964 1118 1012 τοὺς
1159 964 1343 1017 ῥήτορας
1370 965 1440 1006 καὶ

85 1027 188 1080 τοὺς
221 1031 464 1084 τυράννους
505 1030 719 1071 δύνασθαι
757 1030 835 1082 μὲν
875 1028 920 1071 ἐν
958 1033 1049 1078 ταῖς
1087 1030 1233 1070 πόλεσι
1271 1031 1438 1083 σμικρό-

151 1167 267 1202 ’And
291 1169 369 1209 μὲν
394 1168 446 1212 δὴ
470 1169 581 1212 λέγω
606 1169 663 1212 γε]
712 1168 808 1201 Libri
832 1168 911 1211 μήν.
965 1170 1010 1201 At
1042 1168 1111 1212 μὴν
1137 1167 1179 1211 δή

85 1226 284 1258 semperque
307 1216 423 1248 locum
455 1214 561 1247 habet
590 1219 807 1246 attenuatum
840 1214 927 1246 illud
952 1214 1016 1253 μὲι·
1041 1213 1093 1256 δή.

85 1261 168 1293 dors.
216 1262 282 1293 Pro
308 1259 350 1303 δὴ
374 1271 454 1293 vero
480 1260 573 1292 editt.
598 1264 678 1292 vett
704 1260 863 1292 mendose
890 1260 929 1291 δὲ
953 1259 1092 1291 habent.

154 1306 192 1338 C.
217 1303 562 1346 αποκτιννυασι]
613 1305 671 1337 Sic
705 1305 808 1337 Coisl.
843 1306 930 1337 V.en
965 1305 1043 1337 ΞΣ.
1077 1304 1177 1335 vind.
1212 1303 1242 1336 2.
1276 1304 1306 1337 6.
1361 1306 1437 1336 Par.

87 1351 202 1383 CIW.
227 1350 318 1383 Flor.
343 1351 366 1382 f.
391 1361 416 1382 s.
465 1351 578 1393 Vulgo
602 1348 882 1382 dnonas-<novor
933 1350 1047 1381 Clark.
1084 1350 1161 1381 Vat.
1187 1350 1262 1381 Par.
1287 1351 1324 1381 F.
1352 1348 1438 1382 ἀπο-

1212 1180 1281 1202 non
1315 1170 1440 1202 dicitur

1144 1215 1301 1247 Correxit
1332 1216 1438 1247 Hein-

85 1394 314 1428 κτειννύασιν.
339 1396 427 1428 cons.
452 1396 630 1428 Matthiae.
657 1396 714 1428 Gr.
740 1398 770 1435 ἓ.
787 1394 862 1428 210.
888 1394 921 1427 2.
945 1395 1002 1427 Sic
1028 1396 1131 1427 etiam
1156 1406 1235 1427 mox
1261 1396 1304 1427 D.

153 1443 195 1473 D.
222 1439 282 1473 ὅτι
313 1439 678 1484 ἀποκτιννύασιν]

728 1441 793 1473 Pro
827 1439 874 1471 ὅτι
908 1441 1024 1472 Herm.
1058 1440 1092 1472 εἰ
1123 1437 1196 1481 οὐχὶ
1233 1451 1250 1472 e
1282 1440 1438 1483 vestigiis

87 1486 178 1519 Flor.
210 1498 246 1518 x.
275 1490 309 1518 et
339 1486 455 1519 Clark.
466 1511 474 1527 ‚
523 1487 583 1529 qui
622 1485 656 1517 εἰ
691 1484 740 1518 ὅτι
776 1485 916 1518 habent.
950 1487 1057 1518 Unice
1100 1496 1219 1517 verum
1257 1493 1307 1518 est
1347 1486 1438 1528 quod

87 1531 192 1574 vulgo
216 1531 337 1564 editur.

86 1671 119 1692 V.
151 1660 398 1692 Buttmann.
431 1660 461 1698 ξ.
487 1658 563 1691 122.
587 1658 618 1691 8.
644 1658 727 1691 Obs.

87 1705 117 1738 6.
153 1706 296 1737 Prorsus
327 1704 446 1737 eodem
464 1704 565 1736 modo
590 1704 727 1736 Xeno-

87 1749 235 1805 p=hont.
265 1751 370 1782 Mem.
393 1749 454 1790 IV,
478 1748 514 1790 7,
541 1748 580 1781 1.
613 1746 728 1783 ‹si-ciffis

87 1793 150 1837 ΐὴν
181 1794 307 1827 ἑαυτοῦ
337 1806 477 1837 γνωμην
507 1774 728 1835 ,αἶῖἒφίΗΓεϊΟ

90 1838 290 1882 Σωκράτης.
328 1840 452 1882 Cyrop.
484 1839 586 1879 VIII,
617 1838 654 1879 4,
687 1838 727 1871 6:

88 1883 150 1928 ἴὴῖ)
173 1885 302 1939 §QUJO'ZJ
328 1897 370 1927 yl'
376 1883 472 1926 ώμην
503 1864 727 1925 ἀπεὲῡαίνδῖο.

88 1931 171 1962 Post
203 1928 246 1973 νὴ
269 1927 331 1962 τὸν
354 1928 442 1961 κύνα
473 1929 578 1972 vulgo
614 1929 729 1961 deerat

89 1975 337 2017 interpunctio,
399 1985 502 2027 quam
562 1976 728 2007 rationem

90 2021 242 2051 Astius
273 2019 425 2051 defendit
456 2020 526 2059 sic,
566 2025 605 2051 ut
637 2019 729 2052 obte-

89 2065 204 2096 standi
243 2064 424 2096 formulam
461 2065 553 2097 dicat
589 2076 631 2096 ex
663 2075 729 2096 usu

89 2109 252 2151 loquendi
292 2119 424 2151 semper
462 2110 510 2141 ita
544 2110 729 2150 praemitti,

89 2158 128 2186 ut
159 2165 237 2186 cum
269 2153 492 2195 sequentibus
523 2165 626 2185 unam
660 2154 729 2185 effi—

90 2201 159 2231 ciat
171 2199 369 2232 orationem.
394 2199 441 2230 At
458 2198 540 2231 cedo
550 2198 606 2230 vel
623 2210 728 2230 unum

90 2244 216 2284 locum,
239 2245 276 2275 in
300 2254 368 2286 quo
396 2243 436 2285 νὴ
462 2242 521 2275 τὸν
547 2244 618 2275 Δία
651 2254 729 2275 cum

91 2289 246 2331 sequenti
289 2288 403 2327 μέντοι
445 2289 495 2321 sic
540 2288 575 2319 in
623 2299 729 2319 unum

92 2335 316 2366 coniunctum
341 2334 394 2365 sit.
449 2334 618 2365 Nimirum
643 2343 730 2375 quae

92 2379 176 2411 alibi
206 2379 247 2410 de
279 2376 324 2417 μὰ
350 2375 409 2410 Δί’
435 2376 517 2409 α’λλά
546 2383 578 2410 et
613 2378 731 2409 simili-

92 2423 157 2456 bus
188 2424 343 2456 formulis
375 2424 530 2465 exposita
562 2428 659 2463 sunt,
690 2433 731 2454 ea

92 2469 181 2501 alius
206 2474 287 2501 sunt
308 2468 454 2511 generis.

138 2557 287 2588 ἔπειτα
335 2555 410 2588 δύο
449 2575 493 2580 -
533 2555 732 2599 ἐρωτᾷς,·]

94 2602 215 2633 itane
244 2601 324 2633 duo
357 2601 488 2633 simul
518 2613 580 2633 me
605 2602 735 2633 inter-

94 2657 111 2678 r
121 2657 140 2678 o
149 2657 172 2689 g
183 2657 202 2678 a
211 2657 226 2678 s
239 2647 256 2678 ⁶?
291 2646 436 2678 Miratur
459 2657 541 2678 vero
566 2647 735 2686 Socrates,

95 2691 185 2733 quod
224 2691 265 2723 de
311 2690 445 2722 duobus
486 2691 587 2723 simul
634 2692 735 2723 inter-

94 2741 232 2779 rogatur
241 2761 249 2777 ,
291 2746 397 2778 quum
429 2741 661 2778 exspectasset
700 2747 735 2768 se

796 1658 836 1690 de
862 1669 932 1690 una
956 1664 1090 1691 tantum
1123 1671 1157 1691 re
1183 1671 1202 1692 a
1226 1660 1311 1692 Polo
1337 1661 1438 1692 inter—

796 1709 952 1746 rogatum
979 1705 1031 1737 iri.
1056 1705 1201 1737 Dixerat
1224 1706 1313 1737 enim
1332 1704 1437 1737 Polus

796 1749 947 1781 rhetores
978 1754 1010 1781 et
1042 1749 1231 1782 interficere
1264 1761 1363 1792 posse
1390 1748 1438 1782 ὃι·

797 1792 849 1825 ἂι·
874 1793 1124 1835 βούλωνται
1150 1801 1181 1827 et
1209 1796 1343 1837 privare
1369 1796 1437 1836 opi-

797 1839 861 1871 bus
887 1846 989 1880 atque
1022 1850 1065 1871 ex
1097 1841 1207 1882 patria
1240 1841 1361 1873 eiicere
1388 1839 1437 1872 ὃν

799 1882 850 1915 cir
875 1883 979 1927 δοκῇ
1005 1882 1164 1919 αι’·τοῐδ.
1196 1886 1315 1927 Itaque
1339 1886 1438 1918 docet

799 1929 956 1961 Socrates
980 1929 1140 1972 deinceps
1165 1931 1335 1972 sophistas
1351 1931 1437 1962 illud

798 1974 933 2016 quidem
958 1975 1124 2014 faee1·e,‹‘2'
1150 1974 1195 2006 ἂι
1218 1988 1260 2007 αι
1267 1988 1336 2009 τοι
1355 1976 1416 2017 δόξ
1403 1989 1435 2017 ⁷.

798 2019 979 2072 βέλτιστοί·
1005 2016 1112 2057 εἶπ’,αι
1159 2021 1218 2052 sed
1250 2021 1336 2052 nihil
1370 2022 1438 2052 fere

799 2075 927 2104 eorum,
953 2077 1002 2096 ων
1028 2064 1229 2105 βούλονται,
1255 2066 1437 2098 discrimen

798 2108 978 2141 velborum
1019 2110 1135 2141 δοκεῖι
1173 2116 1206 2142 et
1249 2110 1439 2152 βούλεσθαι

798 2165 935 2199 urgens.
1006 2155 1164 2186 Ceterum
1220 2156 1308 2196 quod
1363 2163 1439 2197 post

799 2200 874 2230 εἰει·
906 2200 1127 2241 interrogatio
1161 2200 1306 2232 infertur
1338 2202 1439 2243 parti-

799 2244 877 2275 cula
895 2244 1094 2275 transeundi
1109 2255 1177 2275 non
1197 2244 1323 2285 addita,
1341 2246 1441 2287 plura

799 2288 901 2319 huius
957 2299 1040 2320 usus
1095 2289 1253 2331 exempla
1297 2302 1340 2323 no
1371 2291 1439 2322 avit

800 2332 1029 2365 Heindorf.
1067 2334 1109 2365 ad
1140 2334 1256 2376 Lysid.
1296 2346 1327 2378 p.
1362 2335 1437 2368 216.

801 2379 841 2409 A.
867 2378 908 2409 cf.
935 2379 1025 2410 infra
1048 2389 1079 2420 p.
1105 2378 1181 2412 489.
1206 2380 1243 2413 C.

848 2466 1058 2508 Cap.XX11.
1085 2468 1126 2499 D.
1152 2466 1213 2499 ὃτι
1234 2467 1438 2502 δυοταυΐ

804 2511 896 2543 ἐστὶ
924 2511 966 2543 τὰ
999 2511 1273 2567 ἑρωτηματα]
1315 2515 1441 2557 Iungas

803 2555 853 2588 ὅτι
902 2560 1002 2588 ταΐτα
1046 2555 1084 2588 τὰ
1133 2557 1330 2601 ἐρωτήματα
1378 2558 1441 2590 διό

806 2601 885 2633 ἐστι’.
932 2601 1006 2641 Quo
1038 2613 1106 2634 non
1132 2608 1309 2645 perspecto
1335 2614 1443 2645 nupe1

804 2647 869 2677 fuit
908 2647 966 2687 qui
999 2648 1201 2690 corrigeiet:
1242 2647 1306 2680 διό
1347 2648 1444 2680 ἐστὶι

805 2689 1020 2732 ἐρωτήματα,
1053 2692 1199 2724 audacia
1231 2704 1309 2725 cum
1342 2699 1444 2725 teme-

805 2737 903 2768 ritate
929 2737 1070 2769 sociata.

1107 2802 1178 2836 10*
