1687 2969
191 405 268 450 :231

300 142 353 183 24
786 141 1162 183 PLATQNIS

411 255 522 317 Cap.
564 254 646 301 VI.
683 260 795 314 Περὶ
827 262 907 313 μὲν
933 259 1020 299 τῶν
1047 260 1161 313 ἐμῶν
1182 258 1455 314 πραγμάτων
1478 261 1653 301 ἐπίστα-

303 340 389 377 σαι,
419 327 492 367 καὶ
525 322 582 375 ὡς
608 327 766 379 νομίζω
795 329 1029 384 συμφέρειν
1067 322 1171 380 ἡμῖν
1205 332 1449 381 γενομένων
1483 324 1654 368 τούτων

302 389 511 445 ἀκήκοας.
576 391 681 444 ἀξιῶ
712 395 756 436 δὲ
792 411 851 449 μη
882 389 952 434 ὸιιι
971 408 1103 434 τουτο
1144 391 1359 448 ἀτυχῆσαι
1392 387 1452 436 ὧν
1489 396 1653 448 δέομαι,

301 456 370 503 ὅτι
414 456 493 503 οὐκ
536 457 721 514 ἐραστης
769 457 829 503 ὥν
873 475 951 502 σου
989 458 1202 514 rvyzcc'vw.
1273 458 1329 510 ὡς
1364 463 1542 509 ἐκείνοις
1575 463 1655 515 μὲν

301 526 402 570 τότε
437 529 664 583 μεταμέλει
700 528 760 569 ὠν
795 525 853 569 ἂν
888 519 932 569 εὗ
963 541 1216 579 ποιησωσιν,
1253 525 1430 570 ἐπειδὰν
1450 529 1527 580 τῆς
1562 532 1653 568 ἐπι-

303 598 473 650 θυιιιάς
508 592 936 643 mmmmm-1013
979 596 1022 636 δὲ
1059 592 1138 636 οὐκ
1174 598 1263 636 ἔστι
1295 592 1482 649 χρόνος,
1528 598 1574 636 ἐν
1618 595 1650 648 ᾠ

300 663 577 717 μεταὶνῶναι
611 678 827 715 προςηκει.
862 659 914 703 οὐ
944 678 1027 715 pap
1050 658 1124 703 ὑπ’
1152 660 1361 715 ccvcc'ymjg,
1399 659 1497 704 ἀλλ’
1532 658 1652 704 ἑκόν-

303 746 390 780 τες,
434 727 490 778 ὡς
534 725 591 770 ἂν
637 726 796 783 ἄριστα
833 730 929 782 περὶ
974 730 1062 770 τῶν
1106 732 1274 771 οἰκείων
1309 728 1646 782 βουλεύσαιντο,

301 794 412 851 πρὸς
452 793 533 847 τὴν
582 795 770 850 δύναμιν
806 792 889 847 τὴν
925 793 1073 837 αὐτῶν
1110 788 1156 838 εὖ
1190 797 1413 839 ποιοῦσιν.
1474 792 1569 838 ’Έτι
1604 797 1647 838 δὲ

302 867 344 906 οἱ
378 864 458 917 μὲν
492 863 672 917 ἐρῶντες
706 864 967 913 σκοποῦσιν,
1001 859 1030 903 ἅ
1067 878 1112 904 τε
1149 864 1289 912 κακῶς
1324 865 1528 906 διέθεντο
1562 864 1652 905 τῶν

299 928 445 973 αὐτῶν
482 926 552 971 διὰ
590 926 669 972 τὸν
704 931 844 986 ἔρωτα
896 932 968 972 καὶ
1004 926 1032 970 ἃ
1069 927 1355 982 πεποιήκασιν
1388 923 1454 982 εὖ,
1489 931 1562 973 καὶ
1597 927 1652 978 ὃν

298 1061 388 1102 vulg,
417 1063 477 1092 νῦν
503 1058 536 1091 δ’
564 1053 637 1093 οὖν,
669 1060 752 1092 Dein
779 1061 881 1102 vulgo
916 1063 989 1092 erat
1012 1061 1299 1100 κττακείσεσθαι,
1326 1060 1417 1102 quod
1443 1071 1486 1093 ex
1511 1059 1648 1102 optimis

303 1107 525 1149 piurimisque
550 1105 664 1145 codd,
690 1107 777 1138 inter
801 1116 887 1148 quos
914 1111 966 1138 est
991 1106 1090 1138 etiam
1119 1106 1241 1146 Bod1.‚
1279 1117 1299 1139 a
1327 1107 1486 1139 Bekkero
1516 1111 1550 1139 et
1577 1105 1648 1138 aliis

305 1157 471 1185 mutatum
498 1156 562 1184 est.

390 1211 636 1251 γενομένων
664 1223 676 1240 '1
692 1209 766 1240 σι’-ι
780 1208 854 1252 ων]
886 1209 922 1241 V.
949 1208 1083 1240 τούτων
1107 1209 1306 1251 γενομένων,
1337 1209 1449 1241 invitis
1474 1208 1648 1242 codicibus

308 1255 520 1288 melioribus,

297 1355 938 1397 minem]VerissimeHeindorf.

298 1403 558 1445 interpretatur:
584 1404 658 1446 pla
671 1408 739 1435 cet
756 1414 786 1435 m
802 1402 856 1434 ihi
878 1413 938 1434 re-

298 1449 515 1482 cumbere.
546 1449 631 1482 Nam
664 1449 749 1480 δοκῶ
777 1461 839 1490 μοι
863 1459 940 1480 sae-

299 1505 485 1536 penumero
497 1496 722 1537 personaiiter
740 1494 862 1526 dicitur
877 1505 938 1536 pro

297 1540 513 1582 impersonali
530 1541 620 1572 ‹50sz
638 1553 708 1582 μοι.
722 1540 781 1573 cfr.
805 1541 938 1573 Theae-

298 1590 358 1619 tet.
370 1597 401 1627 p
419 1586 490 1620 183.
503 1586 541 1618 D.
564 1585 651 1617 ἇῖὶα
671 1598 730 1627 μοι
748 1585 936 1618 ὀοκῶ-οὗ

298 1633 480 1663 πείσεσθαι
517 1631 621 1679 (ιῦῖῳ.
671 1632 873 1672 ΕιΙῖΙ1)·.ἀρῐη
907 1644 939 1675 p.

299 1677 378 1711 28⁵3.
409 1678 447 1709 C.
475 1676 539 1720 ipo
566 1674 630 1709 οὖν
657 1690 717 1720 μοι
743 1679 828 1710 ὁοκω
853 1678 941 1720 12qu-

298 1722 499 1766 γήσασθαι,
532 1724 588 1755 ub!
616 1725 739 1756 nollem
767 1726 817 1757 *ir
843 1735 941 1766 prae-

300 1770 530 1801 stantissimus
556 1768 799 1811 &onmem-9111,
824 1781 941 1803 corre—

300 1815 419 1847 xisset.
454 1816 592 1847 Certum
605 1817 750 1848 estenim
761 1821 863 1857 atque
880 1827 940 1848 ex-

301 1861 470 1902 ploratum
490 1861 733 1903 Graecospost
748 1863 853 1894 verba
875 1872 939 1903 pu-

298 1905 404 1945 tandi,
430 1906 599 1948 sperandi,
619 1907 792 1945 credendi,
818 1908 880 1938 alia
904 1907 937 1940 id

300 1961 422 1991 genus,
448 1961 515 1983 non
534 1956 663 1983 tantum
681 1953 861 1985 infinitivos
885 1953 937 1985 fu-

297 1997 374 2036 turi,
405 1997 466 2029 sed
503 1998 603 2029 etiam
635 1997 749 2030 aoristi
780 2004 814 2030 et
838 2009 937 2040 prae-

297 2043 403 2076 sentis
435 2041 648 2082 adhibuisse,
685 2044 795 2085 prouti
832 2045 937 2082 ipsius

297 2089 485 2121 sententiae
504 2089 589 2120 ratio
601 2089 736 2131 exigere
753 2089 935 2125 videretur.

295 2133 342 2167 Et
375 2135 540 2166 aoristum
573 2134 709 2176 quidem
745 2145 831 2167 nunc
857 2138 936 2168 mit-

295 2185 416 2214 tamuS.
468 2180 518 2212 De
537 2181 724 2222 praesentis
740 2186 852 2214 autem
871 2192 936 2214 usu

295 2226 415 2259 utiam
437 2225 640 2258 monendum
658 2227 714 2265 sit,
740 2227 820 2259 illud
838 2228 932 2265 facit,

294 2271 389 2314 quod
431 2271 462 2303 in
504 2271 617 2304 multis
655 2272 830 2305 codicibus
870 2273 932 2306 boc

295 2318 373 2349 loco
430 2317 593 2358 scriptum
645 2322 738 2350 extat
777 2322 932 2350 κατακεί-

295 2366 445 2403 σεσθαι,
483 2363 575 2403 quod
612 2363 722 2405 ipsum
758 2364 932 2397 desidera-

294 2409 384 2440 visse
442 2408 576 2440 videtur
632 2409 933 2444 Heindorfius.

294 2455 340 2486 At
365 2454 448 2486 enim
475 2464 555 2486 vero
581 2455 769 2488 rectissime
795 2456 931 2489 codices

293 2499 413 2541 optimi
440 2510 600 2541 praesens
626 2505 771 2535 tuentur.
815 2502 932 2544 Neque

294 2547 382 2577 enim
412 2545 523 2585 agitur
547 2545 590 2578 de
615 2557 650 2578 re
675 2548 852 2588 aliquando
880 2549 932 2581 su-

292 2595 379 2631 tura,
406 2590 466 2622 sod
491 2590 534 2621 de
559 2602 612 2631 eo,
639 2592 731 2632 quod
758 2593 820 2626 iarn
846 2604 931 2626 nunc

295 2646 458 2678 praesens
483 2636 590 2669 adest.
642 2637 701 2670 Est
718 2639 817 2679 igitur
837 2639 930 2672 buius

295 2683 358 2715 ioci
383 2681 503 2714 eadem
531 2693 669 2724 prorsus
693 2685 800 2724 ratio,
830 2693 931 2727 atque

294 2729 422 2761 Criton.
435 2739 466 2770 p.
479 2728 532 2762 52.
545 2729 582 2762 C.
599 2730 692 2762 ubiv.
709 2740 782 2764 ann.
799 2731 928 2764 Diversi

1007 1362 1084 1389 sunt
1107 1357 1242 1398 generis
1267 1367 1353 1398 quae
1380 1357 1423 1389 ad
1441 1357 1472 1389 b.
1496 1358 1515 1390 Ι.
1537 1358 1650 1390 attulit

1009 1406 1033 1434 A
1049 1403 1182 1435 stius:
1229 1404 1362 1444 aptiora
1416 1403 1648 1445 suppeditabit

1007 1448 1096 1481 Lob
1108 1460 1125 1481 e
1137 1448 1222 1481 ckii
1239 1449 1400 1489 sollertia,
1415 1450 1470 1490 qui
1486 1449 1528 1480 ad
1542 1449 1644 1491 Pbry-

1006 1494 1138 1527 niciium
1158 1495 1297 1536 Parerg.
1319 1495 1372 1529 Vl.
1393 1495 1470 1527 inde
1495 1506 1513 1527 a
1532 1495 1648 1537 p.749.

1007 1539 1096 1572 bunc
1131 1551 1226 1572 usum
1261 1540 1421 1582 loquendi
1456 1541 1647 1576 illustravit.

1007 1586 1168 1618 Ceterum
1195 1585 1257 1618 suit
1280 1586 1335 1627 qui
1361 1588 1448 1618 δοκῶ
1474 1585 1565 1619 οὕτω
1585 1601 1646 1619 κα-

1008 1635 1192 1664 τακεῖσθαι
1207 1632 1423 1665 scribendum
1440 1633 1645 1674 opinaretur,

1008 1682 1190 1720 propterea
1230 1677 1322 1719 quod
1359 1680 1391 1709 ἐν
1426 1677 1536 1720 ὁποίῳ
1563 1679 1647 1720 σχή-

1007 1737 1094 1767 ματι
1112 1728 1203 1756 esset
1220 1724 1424 1758 subiectum.
1447 1726 1489 1756 At
1504 1724 1531 1756 is
1553 1730 1648 1759 certe

1008 1780 1074 1801 non
1104 1769 1200 1809 vidit,
1226 1769 1316 1811 quod
1333 1774 1454 1811 sponte
1469 1771 1500 1802 in
1528 1772 1646 1804 oculos

1007 1815 1161 1854 incurrit,
1194 1815 1372 1847 Socratem
1411 1816 1523 1857 ipsum
1559 1818 1647 1850 veile

1005 1861 1261 1892 recumbentem
1286 1861 1401 1893 audire
1418 1872 1517 1902 quam
1537 1861 1647 1895 Phae-

1006 1905 1085 1938 drus
1127 1917 1242 1938 secum
1275 1906 1407 1938 ferebat
1443 1909 1646 1950 orationem,

1006 1962 1108 1993 quum
1137 1951 1312 1983 Phaedrus
1336 1952 1495 1985 iubeatur
1518 1953 1563 1986 ita
1588 1964 1646 1986 re-

1007 1998 1112 2030 citare
1145 1998 1389 2039 scriptionem,
1422 2003 1459 2030 ut
1494 1999 1523 2031 ei
1549 2010 1645 2032 com-

1006 2043 1144 2076 modum
1171 2043 1225 2084 sir,
1252 2045 1323 2076 sive
1349 2048 1440 2076 stare
1458 2045 1549 2085 velit,
1575 2045 1646 2078 sive

1006 2094 1139 2121 erectus
1171 2089 1312 2128 sedere,
1347 2090 1418 2122 sive
1443 2090 1560 2123 itidem
1589 2101 1642 2123 re-

1005 2136 1174 2167 cumbere.
1229 2134 1423 2168 Forniuiam
1453 2135 1559 2167 ἄκουσε
1599 2134 1641 2177 δή

1006 2185 1128 2214 tractat
1156 2181 1418 2213 Boissonad.
1451 2181 1494 2214 ad
1522 2182 1641 2215 Philo·
1686 2179 1687 2183 ¹

1004 2231 1102 2260 strat.
1128 2227 1213 2259 Her.
1243 2236 1274 2268 p.
1298 2225 1376 2260 350.

1048 2273 1161 2313 Περὶ
1188 2272 1260 2313 μὲν
1294 2275 1373 2303 τῶν
1408 2272 1514 2314 ἐμῶν
1551 2273 1640 2316 ηρ.]

1001 2318 1201 2351 Tenendum
1229 2320 1300 2360 est,
1327 2318 1453 2359 dequo
1479 2319 1580 2352 etiam
1607 2320 1640 2352 in

1002 2364 1163 2406 Proiegg.
1199 2363 1460 2405 explicavimus,
1501 2364 1639 2406 Lysiam

1000 2419 1066 2441 non
1091 2414 1129 2441 ut
1153 2413 1343 2449 oratorem,
1373 2409 1433 2442 sed
1460 2414 1498 2442 ut
1521 2410 1639 2443 rheto-

1000 2466 1070 2488 rem
1107 2459 1140 2487 et
1185 2455 1373 2487 orationum
1409 2456 1638 2488 ἐπιδεικτικῶν

1000 2502 1201 2543 scriptorem
1227 2501 1406 2543 perstringi
1431 2512 1450 2533 a
1482 2502 1635 2535 Platone.

998 2547 1117 2588 ltaque
1150 2556 1237 2578 nunc
1272 2556 1338 2577 non
1369 2558 1433 2579 una
1459 2547 1569 2588 aliqua
1594 2558 1636 2580 ex

999 2592 1205 2624 orationibus
1232 2592 1303 2624 eius
1318 2591 1526 2625 iudicialibus
1549 2594 1635 2625 reci-

999 2642 1089 2669 tatur
1113 2648 1152 2668 ac
1178 2647 1298 2669 severo
1320 2637 1446 2670 iudicio
1472 2638 1632 2679 exigitur,

998 2683 1058 2715 sed
1091 2683 1231 2723 legimus
1262 2683 1375 2725 potius
1400 2684 1544 2725 aliquam
1570 2696 1632 2725 με-

999 2731 1095 2770 λέτην
1120 2728 1338 2769 rhetoricam,
1363 2730 1483 2770 qua!es
1508 2731 1630 2762 multas
