1687 2969
566 122 750 160 —LXI
823 142 864 146 -

47 253 124 295 per
160 243 300 279 totum
337 237 426 278 fere
467 251 707 278 sermonem
747 234 1014 287 ostenderit,
1061 245 1150 276 tnui
1192 237 1233 278 in
1274 238 1391 278 exitu

47 295 190 351 operis
232 295 294 335 ita
330 293 592 336 vaticinatus
623 299 710 346 est,
751 300 799 334 ut
829 292 1068 334 Isocratem
1097 293 1140 333 in
1173 309 1294 349 spem
1325 295 1390 336 fn-

45 358 169 393 turae
200 351 420 393 felicitatis
453 357 672 405 tamquam
704 349 946 404 exemplum
976 349 1030 390 ob
1054 350 1203 392 oculos
1235 367 1391 407 posue-

44 409 114 450 rit.
172 408 270 451 Nee
308 423 412 450 vero
450 408 592 463 ipsum
632 408 786 449 fefellit
822 406 944 448 eain
983 421 1028 447 re
1061 409 1300 463 augurium,
1333 410 1390 450 si-

45 464 220 520 quidem
264 465 383 520 quod
419 480 509 506 non
544 465 726 520 perfecit
755 464 994 515 Isocrates,
1034 462 1081 503 id
1110 473 1262 519 postea
1301 467 1390 508 De-

182 657 316 689 litteras
341 658 469 689 scribat
493 661 552 688 aut
575 657 662 687 mit÷i
689 657 814 697 cupiat.
870 656 939 687 lam
964 666 1047 688 vero
1082 656 1136 687 his
1163 657 1266 688 etiam
1293 658 1385 688 aliud

181 703 264 744 quid
288 704 418 736 addere
442 703 570 736 licebit.
618 704 756 734 Etenim
782 703 917 734 accedit
943 703 1082 743 quidem
1108 704 1288 734 universae
1311 714 1388 734 ora-

182 750 285 781 tionis
309 749 422 781 forma
445 759 555 790 prope
580 749 626 780 ad
650 749 796 780 formam
832 753 865 779 et
901 750 1070 780 rationem
1105 750 1291 790 epistolae,
1329 752 1389 780 sed

179 796 323 827 multum
347 799 463 827 tamen
487 796 570 826 item
595 796 638 826 ab
665 805 706 826 ea
738 795 872 832 differt,
902 802 1084 836 propterea
1125 797 1218 835 quod
1251 801 1301 826 est
1328 797 1388 826 de-

178 842 338 873 clamatio
363 842 530 875 suasoria.
587 842 726 882 Quippe
759 842 993 872 suasoriae
1020 842 1187 873 orationis
1213 841 1280 872 ho(-
1306 853 1388 883 pro-

181 889 294 929 prium
321 893 391 927 est,
423 888 517 928 quod
551 898 654 927 quum
691 888 735 918 ad
760 888 934 918 hominem
959 894 1172 928 praesentvm
1189 914 1197 923 ,
1233 898 1300 918 non
1327 889 1388 919 ub-

182 939 314 965 sentem
336 934 417 973 fiat,
449 939 521 964 tum
547 934 649 964 etiam
680 934 847 964 suadendi
873 934 927 964 vel
955 935 1181 965 dissuadendi
1209 935 1393 975 praesidiis

186 985 220 1010 et
243 980 450 1011 adiumentis
484 980 645 1011 oratoriis
690 981 798 1011 utitur
834 980 989 1011 adhibita
1022 981 1125 1011 etiam
1172 983 1204 1012 vi
1243 981 1393 1020 quadam

181 1031 215 1057 et
249 1027 417 1066 gravitate
449 1026 598 1058 dicendi.
667 1026 773 1058 Quod
803 1033 894 1057 certe
927 1036 1027 1058 ses-us
1062 1032 1112 1057 est
1154 1027 1189 1057 in
1229 1028 1392 1067 epistolis,

184 1082 271 1112 quae
294 1073 374 1103 licet
398 1077 432 1102 et
455 1072 551 1113 ipsae
578 1072 710 1112 possint
734 1082 808 1103 esse
834 1073 1030 1111 suasoriae,
1055 1078 1168 1103 tamen
1195 1073 1305 1103 minus
1332 1073 1391 1104 ha-

179 1118 261 1149 bent
293 1119 417 1149 coloris
455 1118 607 1150 oratorii.
663 1118 715 1148 Ex
751 1128 817 1158 quo
859 1119 940 1158 quid
976 1118 1018 1149 de
1053 1119 1209 1149 oratione
1241 1119 1392 1159 Lysiana

181 1163 296 1205 colligi
319 1163 432 1202 liceat,
459 1164 574 1195 dicere
599 1164 654 1195 vix
671 1164 811 1201 attinet;
836 1169 933 1205 patet
958 1166 1047 1194 enim
1074 1165 1186 1205 ipsam
1201 1166 1235 1195 iu
1256 1176 1390 1196 summa

179 1211 350 1242 tenuitate
380 1215 497 1241 tamen
527 1210 685 1240 oratoriis
715 1211 871 1241 artificiis
898 1211 1011 1242 multis
1045 1220 1120 1241 esse
1155 1212 1389 1251 conspicuam.

178 1254 254 1288 Nec
279 1266 361 1288 vero
385 1255 568 1287 obscurum
608 1260 677 1294 est,
716 1256 826 1297 ipsum
864 1256 1047 1288 Platonem
1082 1257 1232 1288 libellum
1270 1256 1388 1297 Lysia-

179 1311 257 1334 num
284 1311 352 1334 non
378 1305 415 1333 ut
440 1301 619 1343 epistolam
647 1301 706 1332 sed
741 1307 775 1333 nt
801 1302 987 1334 orationem
1009 1303 1267 1334 examinavisse.
1318 1303 1389 1334 Re-

178 1347 357 1390 prehendit
381 1347 469 1379 enim
497 1347 550 1379 ille
577 1347 839 1379 declamationis
875 1348 1050 1379 exordium
1080 1349 1282 1389 gravissime
1309 1359 1387 1390 pro-

179 1399 318 1436 pterea,
351 1393 443 1434 quod
469 1403 510 1425 eo
536 1403 603 1424 non
629 1393 824 1425 definiatur.
859 1393 1017 1434 quidnam
1046 1393 1124 1425 illud
1151 1395 1216 1434 sit,
1252 1394 1292 1426 de
1318 1406 1387 1435 quo

178 1439 300 1472 deinde
324 1439 519 1471 instituatur
542 1439 739 1480 disputatio.
789 1439 881 1473 Quid
910 1439 1019 1471 vero?
1046 1441 1179 1472 iustane
1205 1441 1294 1472 foret
1322 1442 1386 1473 ista

178 1485 417 1528 reprehensio,
460 1485 487 1517 si
519 1484 645 1528 Lysiae
677 1486 815 1527 scriptio
849 1489 942 1517 esset
978 1485 1155 1526 epistola?
1217 1486 1386 1520 Nimirum

177 1542 287 1574 prope
313 1532 402 1564 ultro
427 1531 459 1563 in
484 1532 602 1563 oculos
628 1532 778 1571 incurrit,
808 1530 888 1572 quid
918 1542 955 1561 ea
982 1531 1024 1562 de
1062 1542 1098 1563 re
1132 1532 1319 1564 existimari
1347 1544 1387 1565 o-

179 1581 326 1620 porteat.
375 1577 461 1609 Nam
489 1577 630 1618 epistola
657 1582 771 1616 potest
797 1578 955 1618 profecto
978 1583 1071 1609 recte
1097 1588 1214 1610 carere
1242 1579 1288 1610 rei
1316 1582 1386 1620 pri-

181 1623 308 1656 mariae
350 1622 564 1662 definitione,
610 1623 708 1664 quia,
755 1623 853 1654 sicuti
886 1623 927 1654 ad
965 1623 1090 1654 amicos
1130 1628 1163 1655 et
1204 1624 1386 1657 familiares

179 1669 266 1702 mitti
294 1669 394 1708 solet,
419 1668 464 1700 ita
490 1669 589 1700 etiam
617 1668 750 1700 aliunde
776 1673 854 1700 nota
883 1669 960 1710 poni
986 1670 1166 1710 permittit,
1197 1669 1239 1701 de
1264 1672 1385 1711 quibus

179 1725 254 1747 cum
275 1715 422 1747 maxime
437 1714 652 1746 scribendum
669 1714 722 1745 sit.
774 1714 894 1753 Longe
920 1715 983 1746 alia
1011 1725 1092 1746 vero
1118 1715 1204 1746 ratlo
1230 1720 1283 1748 est
1308 1727 1385 1749 ora-

179 1762 332 1801 tionum,
372 1771 461 1801 quae
493 1761 660 1792 eiusmodi
694 1760 898 1792 definitionis
933 1761 1154 1793 omissionem
1191 1767 1285 1794 certe
1318 1772 1384 1795 non

177 1806 310 1846 ferunt,
344 1807 408 1839 nisi
439 1807 466 1838 si
491 1806 681 1838 referantur
705 1805 746 1837 ad
778 1816 832 1838 res
858 1806 1015 1838 omnibus
1040 1807 1073 1838 in
1101 1806 1214 1839 medio
1240 1808 1382 1849 positas.

179 1852 230 1884 Ad
256 1852 338 1884 haec
361 1853 476 1885 omnia
503 1857 620 1884 autem
647 1852 779 1884 accedit
807 1851 953 1892 denique
980 1852 1070 1892 quod
1105 1852 1145 1884 ad
1181 1854 1272 1885 litem
1301 1854 1382 1886 diri-

179 1898 336 1932 mendam
369 1909 555 1940 sanequam
588 1903 641 1930 est
674 1898 921 1939 gravissimum.
990 1897 1124 1930 Etenim
1163 1898 1283 1942 Lysias
1315 1910 1382 1933 non

178 1944 282 1977 modo
308 1949 344 1976 ut
369 1943 582 1986 λογογράφος
608 1948 754 1984 taxatur,
787 1943 847 1975 sed
877 1954 918 1975 eo
943 1944 1079 1976 nomine
1106 1945 1209 1977 etiam
1237 1956 1378 1988 compa-

176 1995 269 2023 ratur
292 2000 367 2022 cum
395 1992 552 2024 isocrate.
602 1990 653 2022 Ex
678 2000 747 2030 quo
773 1989 930 2030 profecto
949 1991 1060 2022 elucet
1085 1991 1285 2031 clarissime,
1314 2002 1379 2024 non

175 2037 356 2079 epistolam
391 2036 516 2077 Lysiae
547 2041 718 2077 tamquam
752 2037 833 2067 artis
870 2036 1041 2066 oratoriae
1074 2036 1245 2077 specimen
1279 2039 1378 2069 tribui

177 2084 352 2125 potuisse,
379 2082 441 2114 sed
467 2082 628 2114 debuisse
653 2082 766 2124 potius
791 2083 990 2115 orationem.
1043 2080 1112 2113 Sed
1141 2083 1218 2122 qnid
1247 2084 1380 2115 inulta?

175 2133 326 2171 Apparet
351 2128 438 2160 enim
466 2129 534 2160 iam
560 2129 662 2168 satis,
700 2126 780 2168 quid
805 2126 848 2158 de
874 2127 982 2158 forma
1013 2126 1180 2167 Lysianae
1206 2128 1378 2161 declama-

176 2175 278 2206 tionis
309 2174 568 2206 existimandum
598 2174 654 2208 sit.
709 2173 772 2204 Est
799 2173 884 2204 enim
902 2174 1016 2204 oratio
1036 2174 1208 2213 suasoria3
1237 2174 1268 2205 id
1287 2175 1378 2216 quod

176 2221 323 2252 maxime
349 2231 390 2252 ex
423 2231 465 2252 eo
498 2220 712 2261 intelligitur,
748 2218 840 2260 quod
875 2228 959 2260 puer
993 2218 1172 2250 adamatus
1206 2224 1377 2261 tamquam

175 2276 337 2307 praesens
360 2267 606 2308 compellatur,
640 2270 677 2297 ut
701 2264 855 2307 profecto
888 2274 951 2295 nec
980 2264 1168 2296 mirandum
1200 2266 1260 2305 sit,
1287 2267 1377 2307 quod

151 2349 154 2354 ,
175 2312 210 2343 in
235 2313 329 2344 exitu
353 2312 428 2344 eius
453 2311 535 2345 llaec
559 2312 662 2344 verba
689 2311 730 2344 ad
757 2320 832 2341 eum
858 2310 959 2340 fiunt:
1011 2334 1033 2349 „
1050 2309 1147 2342 Haec
1180 2321 1261 2343 vero
1296 2313 1379 2344 satis

152 2357 153 2361 ’
176 2361 294 2397 sunto3
321 2361 356 2389 tn
385 2362 514 2397 antem,
541 2358 568 2389 si
593 2357 672 2399 quid
699 2356 976 2400 praetermissum
1008 2360 1127 2397 putes,
1154 2357 1378 2399 interrogm*

177 2401 208 2433 in
234 2403 354 2443 quibus
379 2404 452 2435 unis
485 2404 631 2436 maxime
667 2404 721 2444 qni
756 2410 864 2442 nuper
889 2401 987 2432 aliter
1018 2402 1209 2434 iudicarunt
1240 2409 1379 2436 senten-

179 2446 246 2479 tiae
271 2458 356 2482 suae
381 2450 484 2481 robur
509 2460 550 2481 ac
574 2451 822 2481 firmamentum
848 2447 997 2488 positum
1016 2457 1092 2479 esse
1118 2449 1268 2480 arbitrati
1285 2456 1377 2482 sunt.

177 2511 221 2516 —
247 2494 318 2526 lam'
339 2505 421 2528 vero
445 2495 602 2527 absoluta
631 2494 830 2536 quaestione
865 2492 907 2523 de
933 2497 1072 2524 externa
1098 2493 1267 2534 Lysianae
1300 2507 1378 2527 ora-

177 2539 277 2570 tionis
299 2542 412 2581 specie
436 2542 589 2582 sequitur
613 2547 651 2573 ut
677 2541 776 2573 etiam
806 2537 847 2569 de
874 2538 944 2569 eius
964 2538 1094 2579 origine
1121 2544 1155 2571 et
1173 2542 1377 2573 auctoritate

175 2585 295 2626 paucis
307 2586 481 2620 dicendum
498 2588 554 2627 sit,
577 2584 850 2628 quandoquidem
866 2588 981 2616 nostra
1008 2589 1122 2617 aetate
1147 2587 1256 2618 exorti
1287 2593 1376 2627 sunt,

176 2631 231 2672 qui
259 2641 334 2664 eam
359 2642 424 2664 non
451 2633 600 2672 Platoni,
625 2632 686 2665 sed
714 2631 838 2671 Lysiae
863 2633 1035 2673 tamquam
1067 2632 1199 2672 parenti
1225 2633 1377 2665 tribuen-

175 2677 251 2710 dam
278 2682 448 2718 putarent.
509 2679 622 2712 Quam
652 2677 858 2710 sententiam
886 2680 1075 2717 praeeunte
1099 2676 1377 2710 Haeniscliio
