1687 2969
188 204 240 239 84
728 201 988 239 PLATONIS

189 310 372 362 άδελφὸς
401 309 534 350 αὐτοῦ
562 306 755 361 ἔμπειρος
776 305 831 362 ἧν
856 309 1015 363 τέχνης,
1043 308 1139 349 τίνα
1168 306 1221 348 ἂν
1249 305 1381 348 αὐτὸν
1401 307 1544 359 ὀρθῶς

127 373 162 417 C
195 373 453 427 ἐκαλοῦμεν;
511 376 652 415 ΠῼΛ.
683 377 853 428 Δῆλον,
896 375 964 415 ὅτι
993 373 1235 426 ζωγράφον.
1298 374 1414 412 ΧΑΙ.
1445 373 1546 412 Νῦν

193 435 230 480 δ’
259 437 398 493 ἐπειδὴ
427 440 543 488 τίνος
566 437 711 493 τέχνης
734 438 973 492 ἐπιστήμων
995 437 1091 485 ἐστί,
1122 438 1217 478 τίνα
1245 436 1299 477 ἂν
1320 440 1548 485 καλοῦντες

195 500 327 545 αὐτὸν
365 504 509 557 ὀρθῶς
547 507 770 557 καλοῖμενς
830 505 976 543 ΠΩΛ.
1011 496 1064 543 Ὦ.
1105 505 1357 554 Χαιρεφῶν,
1397 500 1548 543 πολλαὶ

194 567 334 622 τέχναι
375 568 421 609 ἐν
449 569 696 620 ἀνθρώποις
732 567 836 609 εἰσὶν
874 567 919 608 ἐκ
957 570 1043 608 τῶν
1083 567 1307 621 ἐμπειριῶν
1345 567 1548 621 ἐμπείρως

196 632 421 686 εὑρημέναι
487 632 677 686 ἐμπειρία
705 633 781 686 μὲν
809 633 891 686 γὰρ
920 636 1033 674 ποιεῖ
1057 634 1132 673 τὸν
1161 633 1295 673 αἰῶνα
1325 633 1447 686 ἡμῶν
1475 646 1549 673 πο-

197 701 397 751 ρεύεσθαι
427 699 533 739 κατὰ
559 697 729 751 τέχνην,
769 699 938 750 άπειρία
975 697 1018 738 δὲ
1046 697 1152 738 κατὰ
1180 698 1322 751 τύχην.
1361 696 1548 739 ἑκάστων

196 764 240 805 δὲ
270 765 434 805 τούτων
463 764 861 816 μεταλαμβάνουσιν
889 765 1009 803 ἄλλοι
1036 765 1177 804 ἄλλων
1205 765 1360 815 ἄλλως,
1391 765 1476 803 τῶν
1504 763 1548 803 δὲ

197 830 381 882 άρίστων
412 829 453 869 οἱ
479 831 663 880 ἄριστοι·
707 819 768 868 ὦν
796 828 866 868 καὶ
898 829 1082 880 Γοργίας
1112 827 1224 868 ἐστὶν
1254 824 1347 878 ὅδε,
1377 827 1448 869 καὶ
1477 842 1545 880 με·

195 894 302 948 τὲχει
330 897 403 947 τῆς
433 894 653 946 καλλίστης
682 895 767 933 τῶν
795 895 965 946 τεχνῶν.

284 966 389 1024 Cap.
420 966 504 1008 III.
547 967 646 1006 252.
680 967 834 1013 Καλῶς
862 979 921 1017 γε,
954 959 986 1005 ὦ
1018 965 1199 1018 Γοργία,
1228 965 1423 1017 φαίνεται
1453 967 1548 1005 Πῶ-

111 1033 152 1073 Ι)
182 1035 254 1081 λος
293 1032 639 1084 παρεσκευάσθαι
679 1031 736 1079 εἰς
776 1031 955 1084 λόγους·
1009 1030 1114 1071 άλλὰ
1155 1030 1236 1083 γὰρ
1282 1028 1305 1071 ὃ
1345 1030 1547 1083 ὑπέσχετο

267 1143 304 1175 C.
352 1140 501 1185 ἐπειδὴ
527 1144 649 1175 τίνος
676 1140 845 1184 τέχνης]
878 1142 918 1173 V.
946 1139 1036 1175 τινὸς
1061 1154 1103 1179 1.,
1138 1140 1229 1183 quod
1260 1142 1411 1173 correxit
1440 1141 1549 1173 Hein-

199 1188 283 1220 dorf.
318 1188 415 1219 Libri
439 1198 520 1219 mss.
546 1187 664 1230 ἐπειδή
689 1199 790 1225 τινος,
818 1186 907 1229 quod
933 1188 1035 1219 etiam
1062 1187 1177 1218 Clark.
1202 1190 1325 1218 servat.

266 1235 308 1267 D.
364 1231 414 1266 Τὸ
450 1231 743 1272 ἐρωτώμενον
777 1230 825 1263 οὐ
858 1230 970 1264 πάνυ
1008 1231 1094 1275 μοι]

422 1279 499 1309 Par.
524 1278 714 1309 BCIVW.
740 1278 841 1308 Vind.
858 1277 887 1309 1.
913 1276 943 1309 2.
969 1276 999 1309 6.
1026 1276 1056 1309 7.
1080 1288 1204 1309 novem
1223 1277 1426 1317 Florentini,
1452 1276 1548 1308 Bodl.

198 1279 284 1310 Ven.
312 1278 340 1311 Ξ
352 1278 389 1309 Σ.

1144 1232 1201 1263 Sic
1236 1232 1351 1264 Clark.
1393 1231 1471 1262 Vat.
1505 1232 1548 1262 A.

200 1324 288 1366 Aug.
312 1325 452 1355 Meerm.
478 1324 567 1354 Vett.
593 1323 685 1354 editt.
710 1328 787 1365 post
813 1320 859 1354 Τὸ
885 1323 1041 1354 inserunt
1066 1321 1117 1364 δή.

268 1366 373 1400 πολὺ
400 1366 449 1399 ἂν
476 1366 606 1411 ἣδιον
634 1367 694 1410 σε’]
728 1368 768 1399 V.
796 1366 846 1399 σύ.
887 1369 926 1399 In
961 1368 1076 1399 Clark.
1102 1368 1179 1399 Par.
1205 1366 1408 1398 BCEFW.
1446 1365 1548 1398 Vind.

199 1412 231 1445 1.
255 1413 285 1446 6.
318 1414 408 1445 Flor.
433 1424 462 1444 a.
490 1413 519 1443 b.
547 1424 575 1444 e.
601 1413 632 1444 d.
657 1424 700 1443 m.
718 1424 746 1444 ο.
775 1414 1015 1454 ooz'seriptum.
1049 1414 1155 1444 Recte
1182 1412 1219 1443 σε’
1232 1412 1309 1443 vat.
1330 1412 1372 1442 A.
1398 1422 1418 1442 a
1441 1422 1489 1453 pr.
1504 1422 1547 1442 m.

197 1460 283 1490 Ven.
320 1458 399 1490 ΞΣ.
442 1459 518 1489 Par.
552 1459 615 1489 IV.
654 1457 750 1489 Bodl.
784 1460 872 1501 Aug.

199 1508 232 1535 et
255 1514 339 1535 corr.
365 1503 469 1535 Coisl.
495 1504 570 1535 Par.
598 1503 674 1535 CF.

199 1613 318 1642 reete
337 1609 689 1651 appellaremus?
707 1620 842 1641 nonne

201 1666 245 1686 eo
279 1656 455 1686 nomine
488 1655 735 1686 diceremus
762 1665 841 1696 quo

200 1700 351 1731 illum?
399 1718 441 1722 —
494 1700 677 1741 Aristop
691 1700 842 1731 hontis

198 1746 338 1787 pictoris
374 1746 581 1776 mentionem
616 1745 700 1777 feeit
730 1746 757 1776 P
768 1745 842 1776 lin.

197 1791 240 1822 N.
261 1790 304 1822 H.
323 1790 467 1830 XXXV,
494 1790 544 1822 11.
570 1790 843 1832 Aglaophon-

199 1836 257 1866 tis
282 1836 420 1866 nomine
445 1835 511 1867 duo
537 1839 844 1867 commemorantur

198 1881 356 1922 pictores,
383 1880 423 1911 de
440 1879 564 1921 quibus
580 1891 611 1912 v.
632 1881 774 1922 interpp.
801 1880 843 1912 ad

198 1925 288 1956 Plin.
312 1926 353 1957 N.
379 1926 425 1956 H.
448 1926 592 1965 XXXV,
618 1924 647 1957 9.
690 1926 757 1965 Qui
787 1925 842 1956 hie

198 1971 394 2002 nominatur
405 1995 413 2009 ‚
448 1971 698 2012 Polygnotum,
734 1970 842 2001 filium

199 2026 316 2055 suum,
353 2016 426 2056 ipse
459 2015 622 2058 pingendi
654 2019 723 2047 arte
747 2016 843 2046 insti-

198 2062 305 2092 tuisse
336 2060 467 2092 dieitur.
501 2072 531 2091 v.
562 2061 583 2091 S
596 2060 670 2092 uid
681 2072 700 2092 a
711 2071 725 2092 5
759 2071 785 2091 5.
810 2071 840 2091 v.

200 2103 438 2147 Πολύγνωτος.
509 2105 674 2137 Inolaruit
729 2110 842 2137 autem

199 2151 440 2192 Polygnoti
465 2161 589 2182 nomen
614 2151 708 2189 adeo,
733 2154 771 2182 ut
793 2151 843 2181 in—

198 2199 250 2227 ter
279 2195 512 2227 nobilissimos
542 2195 688 2228 artifices
719 2207 739 2227 a
763 2196 843 2227 seri-

198 2240 353 2282 ptoribus
367 2245 570 2272 numeretur.
603 2241 655 2272 De
677 2242 750 2272 eius
766 2251 842 2282 ope-

199 2285 294 2317 ribus
341 2286 449 2317 multa
492 2286 619 2327 passim
663 2287 689 2317 P
702 2286 713 2316 l
724 2287 735 2316 i
745 2297 765 2317 n
776 2286 817 2317 iu
827 2297 842 2317 s

198 2330 275 2364 libr.
308 2331 472 2362 XXXIII.
510 2336 542 2362 et
574 2331 716 2362 XXXV.
732 2356 739 2371 ‚
784 2331 842 2372 qui

200 2386 277 2406 eum
316 2377 417 2407 etiam
449 2376 530 2407 artis
563 2376 748 2408 statuariae
785 2386 841 2418 pe-

199 2421 302 2451 ritum
317 2421 422 2451 fuisse
439 2425 555 2452 narrat
578 2421 598 2452 l.
624 2421 785 2459 XXXIV,
810 2420 841 2452 8.

200 2465 491 2497 Commemoratur
507 2466 608 2497 etiam
629 2466 700 2497 Ion.
716 2477 748 2507 p.
764 2464 840 2498 532.

199 2511 238 2541 Ε.
271 2510 348 2541 Vid.
379 2510 418 2541 de
443 2521 480 2541 eo
505 2511 745 2553 Boettiger.
776 2513 840 2542 Ar—

198 2555 302 2586 οΙιὶἱοΖ.
327 2555 387 2586 cler
412 2555 556 2586 Malerei,
578 2567 610 2597 p.
635 2555 700 2588 261
726 2567 817 2597 seqq.

243 2645 280 2676 C.
328 2644 427 2677 Νῦν
464 2642 491 2675 δ’
527 2643 680 2687 ἐπειδὴ
716 2647 840 2678 τίνος

197 2689 351 2732 τέχνης
376 2688 438 2732 -]
465 2690 529 2720 Pro
555 2690 649 2732 vulg.
675 2689 766 2723 urbs
790 2701 840 2722 re-

195 2738 246 2766 cte
281 2735 509 2766 Heindorf.
551 2737 642 2768 rivos
678 2736 839 2777 reposuit.

904 1459 1043 1490 Meerm.
1075 1458 1166 1490 Flor.
1197 1458 1220 1489 f.
1253 1468 1278 1489 s.
1320 1456 1422 1488 Vind.
1455 1455 1485 1488 2.
1519 1454 1549 1488 7.

911 1610 964 1641 De
988 1608 1052 1640 hac
1077 1609 1185 1641 forma
1215 1608 1493 1651 interrogationis
1518 1619 1553 1639 v.

911 1654 1068 1686 Matth.
1095 1654 1150 1685 Gr.
1178 1655 1208 1693 ξ.
1232 1653 1308 1687 630.
1337 1667 1373 1683 z
1401 1654 1459 1685 Gr.
1483 1664 1552 1685 am-

912 1697 1485 1741 ρ1101,ρ.918.0011.5611111110
1511 1698 1553 1730 ad

913 1745 1072 1786 Sophocl.
1094 1744 1256 1787 Antigon.
1276 1754 1308 1776 v.
1330 1742 1361 1776 2.
1393 1744 1443 1775 ed.
1468 1744 1553 1775 Her-

912 1801 1026 1821 mann.
1066 1789 1153 1820 Vide
1177 1790 1280 1820 etiam
1303 1800 1335 1831 p.
1359 1787 1435 1823 449.
1461 1789 1501 1820 A.

954 1829 991 1866 Ὠ
1018 1834 1285 1875 Χαιρεφων,
1317 1834 1468 1865 πολλαὶ
1497 1833 1552 1865 τέ-

912 1892 959 1920 χ]
968 1891 1007 1910 αι
1024 1878 1086 1922 -]
1114 1879 1340 1911 Aristotel.
1361 1879 1552 1931 Metaphys.

912 1923 1068 1965 1‚1.ab
1100 1924 1299 1956 Heindorfio
1324 1923 1500 1956 laudatus:
1535 1921 1554 1967 ἡ

912 1969 976 2008 μὲι
1006 1968 1071 2020 γὰρ
1106 1968 1264 2010 ειιπειρία
1294 1968 1413 2024 τέχ1η1
1438 1968 1555 2012 ἐποίη-

915 2012 1072 2051 σε1,ὤς
1101 2025 1185 2056 φησι
1210 2014 1331 2047 Πῶλος
1357 2011 1478 2054 ὀρθῶς
1502 2014 1552 2045 λε’-

912 2057 1057 2102 γω1,ἡ
1097 2057 1124 2090 δ’
1166 2057 1307 2100 ἀπειρία
1338 2057 1448 2101 τύκχη]
1498 2059 1553 2091 Ci-

912 2108 1027 2135 tantur
1060 2104 1144 2135 haec
1176 2105 1281 2136 verba
1310 2105 1345 2135 in
1372 2104 1553 2136 Stobaei

911 2149 1029 2182 Floril.
1054 2150 1205 2181 Sermon.
1220 2150 1279 2181 IV.
1311 2150 1424 2181 Dueta
1440 2154 1551 2181 autem

912 2194 1070 2226 videntur
1085 2205 1127 2225 ex
1142 2194 1229 2226 libro
1246 2193 1392 2236 quodam
1405 2194 1493 2234 Poli‚
1514 2200 1551 2227 ut

911 2243 999 2271 reete
1026 2240 1218 2281 suspicatus
1247 2243 1297 2271 est
1318 2240 1551 2271 Routhius.

911 2285 999 2316 Nam
1023 2285 1112 2316 infra
1135 2295 1166 2326 p
1184 2283 1260 2317 462.
1287 2282 1367 2315 ΠΩ
1371 2285 1394 2316 1.
1420 2282 1502 2316 ἀλλὰ
1524 2287 1557 2316 τί

914 2340 965 2361 σοι
991 2328 1089 2361 δοκεῖ
1098 2327 1131 2383 ἦ
1159 2327 1317 2371 ῥητορικὴ
1341 2325 1451 2368 εἶ1·;αι
1478 2329 1548 2361 ΣΩ.

912 2377 1059 2416 πρᾶγμα,
1086 2372 1103 2405 ὃ
1126 2374 1193 2416 φῂς
1213 2385 1254 2405 01
1273 2378 1409 2417 ποιῆσαι
1434 2373 1552 2430 T'F'xlm

912 2419 956 2450 ἐ1
990 2423 1042 2450 τῶ
1079 2417 1394 2474 σιγγράμματι,
1434 2417 1450 2451 ὃ
1488 2419 1553 2462 ἐγω

911 2465 1053 2506 ἔναγχος
1090 2461 1436 2506 α1·ἐγ1ω1’κ.τ.λ.
1499 2465 1553 2496 Ad

909 2510 1065 2551 proxima
1083 2509 1202 2542 ΚαλίωἸ
1219 2521 1257 2551 γε
1275 2522 1302 2541 κ.
1322 2522 1346 2541 τ.
1363 2510 1388 2541 λ.
1415 2510 1552 2551 Olym—

909 2553 1137 2608 piodorus:
1165 2554 1218 2585 καὶ
1234 2552 1301 2607 γὰρ
1321 2554 1402 2586 κατὰ
1419 2554 1454 2586 τὸ
1470 2553 1549 2596 άλη-

910 2599 975 2631 θὲς
997 2596 1183 2640 ῥητορικῶς
1202 2598 1394 2642 προήνεγκε
1413 2597 1472 2631 τὸ1
1495 2598 1550 2630 λό-

909 2643 1227 2685 γο1,χρησάμειος
1253 2655 1412 2684 παρισοις
1438 2656 1471 2676 τε
1495 2645 1550 2676 καὶ

909 2687 1235 2743 ὁμοιοκαταλήκτοις.
1289 2689 1461 2721 Videlicet
1495 2701 1552 2721 ex-

908 2735 1023 2776 primit
1059 2734 1142 2766 haec
1176 2731 1273 2776 ῥῆσις
1306 2734 1384 2766 Poli
1415 2729 1551 2766 dicendi
