1687 2969
251 180 327 214 338
787 178 1046 217 PLATONIS

180 287 217 329 B
248 287 340 339 ήκει
361 285 404 327 δὲ
422 284 547 326 παντὶ
564 288 624 342 τῷ
646 284 691 326 ἐν
713 287 891 341 τιμωρίᾳ
919 289 1009 328 ὄντι
1036 286 1108 328 ὑπ’
1139 288 1271 327 ἄλλου
1300 285 1442 339 ὀρθῶς
1469 303 1592 340 τιμω-

249 349 444 406 ρουμένῳ
476 351 501 404 ἢ
541 352 722 403 βελτίονι
760 352 982 405 γίγνεσθαι
1019 353 1089 393 καὶ
1127 352 1356 392 ὀνίνασθαι
1393 352 1418 405 ἢ
1462 366 1594 404 παρα-

249 417 438 469 δείγματι
476 419 566 464 τοῖς
603 419 745 465 ἄλλοις
783 417 1030 470 γίγνεσθαι,
1070 412 1120 457 ἵν’
1162 419 1282 457 ἄλλοι
1310 416 1492 470 ὁρῶντες
1519 419 1593 458 πά-

249 493 402 535 σχοντα
432 483 457 522 ἃ
486 481 540 522 ἂν
567 482 704 537 πάσχῃ
733 483 999 535 φοβούμενοι
1027 483 1217 534 βελτίους
1246 482 1486 535 γίγνωνται.
1517 482 1593 523 εἰσὶ

249 547 293 588 δὲ
336 548 376 588 οἱ
402 547 478 600 μὲν
507 546 799 600 ὠφελούμενοί
835 562 876 588 τε
904 547 973 588 καὶ
1002 548 1124 601 δίκην
1152 547 1339 595 διδόντες
1367 547 1451 589 ὑπὸ
1480 550 1596 588 θεῶν

248 626 291 652 τε
314 610 384 652 καὶ
406 613 650 664 ἀνθρώπων
670 606 802 661 οὗτοι.
832 614 873 653 οἳ
901 613 954 653 ἂν
984 614 1128 665 ἰάσιμα
1158 611 1435 666 ἁμαρτήματα
1465 613 1593 666 ἀμάρ-

248 687 398 718 τωσιν·
430 678 542 730 ὅμως
570 677 613 720 δὲ
642 673 696 718 δι’
728 678 978 731 ἀλγηδόνων
1007 679 1075 718 καὶ
1105 678 1276 719 ὀδυνῶν
1306 678 1493 731 γίγνεται
1521 680 1593 719 αὐ-

247 746 336 790 τοῖς
374 743 402 796 ἡ
439 741 618 795 ὠφέλεια
658 742 728 783 καὶ
766 742 919 783 ἐνθάδε
948 742 1018 784 καὶ
1046 740 1278 785 ἐν’Ἀιδου·
1309 744 1360 784 οὐ
1390 744 1470 797 γὰρ
1500 739 1594 785 οἷόν

184 810 219 854 C
250 822 293 848 τε
332 811 467 856 ἄλλως
511 809 672 856 ἀδικίας
710 809 1068 849 ἀπαλλάττεσθαι·
1106 810 1147 849 οἳ
1186 806 1227 849 δ’
1269 808 1322 849 ἂν
1363 810 1413 849 τα
1443 807 1594 862 ἔσχατα

249 874 478 928 ἀδικήσωσι
508 872 576 914 καὶ
604 874 673 915 διὰ
700 873 751 915 τὰ
778 881 952 915 τοιαῦτα
982 874 1218 928 ἀδικήματα
1247 874 1411 915 ἀνίατοι
1440 872 1594 927 γένων-

248 954 327 990 ται,
359 938 403 980 {x
431 940 596 980 τούτων
624 940 674 980 τὰ
703 940 1019 993 παραδείγματα
1048 941 1245 992 γίγνεται,
1274 938 1344 980 καὶ
1374 933 1493 980 οὗτοι
1522 940 1592 980 αὐ-

247 1005 312 1046 τοὶ
339 1003 416 1057 μὲν
445 1003 584 1045 οὐκέτι
613 1004 833 1045 ὀνίνανται
854 1005 989 1052 οὐδὲν,
1021 1004 1091 1045 ἅτε
1120 1005 1287 1047 ἀνίατοι
1314 1007 1445 1055 ὄντες,
1476 1007 1595 1046 ἄλλοι

249 1070 292 1111 δὲ
331 1070 546 1110 ὀνίνανται
587 1070 630 1110 οἵ
664 1071 844 1118 τούτους
883 1070 1063 1123 ὁρῶντες
1103 1071 1171 1111 διὰ
1211 1071 1284 1119 τὰς
1312 1069 1516 1123 ἀμαρτίας
1543 1070 1594 1112 τὰ

248 1135 421 1189 μέγιστα
445 1135 514 1176 καὶ
542 1136 834 1189 ὀδυνηρότατα
862 1134 932 1176 καὶ
961 1131 1240 1188 φοβερώτατα
1268 1137 1388 1189 πάθη
1416 1136 1596 1189 πάσχον-

251 1261 351 1295 zelas,
378 1258 468 1300 quod
492 1259 596 1290 habet
619 1259 720 1290 etiam
746 1259 822 1290 Par.
847 1259 888 1289 V.
935 1259 1011 1290 Hoc
1035 1269 1079 1290 an
1103 1259 1250 1300 primum
1275 1269 1393 1291 verum
1418 1259 1472 1299 sit,
1498 1270 1595 1291 sane-

249 1314 350 1345 quam
375 1304 538 1346 ambigas.
565 1315 595 1335 v.
621 1303 771 1336 Lobeck.
798 1305 949 1346 Parerga
972 1304 1015 1335 ad
1039 1304 1223 1346 Phrynieh.
1249 1315 1280 1346 p.
1305 1303 1372 1337 524
1396 1315 1466 1346 seq.
1503 1304 1594 1336 Illud

249 1354 389 1389 eertum,
414 1347 581 1390 ἀκρασίας
600 1349 680 1380 ferri
695 1349 790 1380 nullo
809 1349 908 1380 modo
925 1360 1035 1390 posse,
1061 1360 1165 1390 quum
1190 1360 1299 1383 sermo
1325 1350 1369 1382 sit
1392 1349 1432 1382 de
1456 1350 1594 1382 homine

249 1395 476 1436 cupiditatum
501 1404 640 1426 suarum
664 1395 860 1436 impotente.

316 1462 352 1492 B.
402 1459 780 1504 ἣπαραδείγματι
813 1465 906 1494 τοῖς
938 1457 1081 1493 ἄλλοις
1111 1459 1368 1503 γίγνεσθαι]
1411 1460 1451 1491 V.
1486 1457 1593 1502 ἧπα-

251 1504 416 1549 ράδειγμά
450 1519 476 1538 τι
507 1511 576 1539 τοῖς
605 1504 717 1539 ἄλλοις
750 1519 779 1548 γ.
826 1507 991 1537 Dativum
1018 1504 1263 1546 παραδείγματι
1295 1516 1371 1536 cum
1395 1505 1552 1537 Bekkero
1579 1515 1596 1537 e

248 1552 349 1583 Vind.
384 1552 413 1583 2.
445 1551 476 1584 6.
514 1553 590 1583 Par.
622 1553 662 1583 V.
697 1556 729 1583 et
761 1552 843 1582 Ven.
881 1550 917 1583 Ξ.
949 1551 1197 1582 revocavimus.
1230 1551 1306 1582 Bas.
1332 1550 1364 1584 2.
1390 1555 1423 1582 et
1446 1550 1536 1584 Flor.
1562 1562 1595 1582 x.

251 1596 507 1639 παραδείγματα
524 1594 644 1630 ἄλλοις.
671 1597 872 1629 Theodoret.
887 1600 919 1627 et
932 1596 1070 1628 Suidas:
1093 1593 1308 1638 παράδειγμα
1325 1593 1444 1629 ἄλλοις.
1470 1596 1594 1627 Euseb.

250 1641 465 1684 παράδειγμα
505 1647 575 1676 τοῖς
612 1640 733 1675 ἄλλοις.
787 1642 982 1673 Articulum
1015 1645 1081 1674 τοῖς
1120 1652 1189 1673 non
1220 1641 1420 1681 abiecerim,
1461 1641 1595 1673 etiamsi

250 1692 439 1730 sequuntur
463 1687 568 1720 verba
593 1686 635 1719 ἵν’
662 1685 754 1719 ἄλλοι
779 1685 931 1729 ὁρῶντες
957 1699 983 1718 κ.
1011 1699 1036 1718 τ.
1060 1688 1086 1718 λ.

316 1753 336 1786 ἂ
368 1753 418 1786 ἂν
449 1753 603 1797 πάσχῃ]
647 1756 686 1786 V.
724 1753 861 1795 πάσχοι,
903 1754 1038 1786 soloeee
1076 1758 1109 1786 et
1140 1757 1259 1785 contra
1289 1753 1390 1785 fidem
1426 1753 1593 1786 codicum.

249 1801 331 1832 Mox
356 1811 417 1843 pro
442 1800 535 1842 vulg.
559 1798 760 1841 ἁμάρτωσιν
784 1801 868 1832 Ven.
898 1800 935 1831 Σ.
969 1799 1069 1831 Vind.
1095 1798 1126 1832 2.
1151 1798 1181 1833 6.
1207 1796 1442 1841 ἁμαρτήσωσι.

250 1912 369 1943 diam.
434 1911 526 1943 Male
557 1911 657 1943 vind.
696 1911 724 1943 1.
763 1910 885 1945 εὐθύς.

250 1968 280 1988 v.
306 1958 543 1999 Phrynich.
567 1968 597 1999 p.
619 1957 672 1989 24.
701 1954 887 1988 Du'eker.

956 1911 1086 1943 simul
1119 1910 1217 1942 inde
1240 1911 1497 1952 percipiunt
1518 1911 1596 1941 uti-

956 1957 1138 1988 litatem.
1181 1957 1286 1988 Recte
1310 1956 1495 1988 Ficinus
1521 1966 1596 1987 sen-

250 2002 487 2044 aid-Thucyd.
526 2003 628 2043 VIII,
666 2001 719 2035 88.
770 2003 888 2034 Hem-

251 2048 455 2080 sterhus.
504 2048 546 2079 ad
592 2048 732 2080 Lueian.
781 2048 887 2079 Diall.

250 2095 350 2125 Mort.
374 2093 520 2131 XXVII,
545 2092 575 2124 1.

296 2138 378 2179 Cap.
402 2138 559 2171 LXXXI.
597 2139 633 2169 Β.
672 2135 732 2169 ὑπ’
758 2135 886 2169 ἄλλον

253 2181 401 2224 ὀρθῶς
428 2182 766 2226 τιμωρουμένῳ]
792 2184 887 2215 RB.

252 2229 470 2272 Hirsehig.
519 2229 603 2260 haee
646 2233 683 2260 ut
717 2229 888 2270 glossema

252 2275 431 2306 verborum
477 2277 520 2316 τῷ
559 2273 598 2305 ἐν
637 2276 780 2316 τιμωρίᾳ
817 2271 889 2305 ὄντι

252 2319 420 2350 eiicienda
443 2323 567 2351 censet.
612 2319 688 2350 Non
712 2320 888 2351 assentior.

251 2365 338 2396 Nam
373 2366 543 2396 sententia
577 2364 661 2396 haee
698 2369 763 2396 est:
802 2365 890 2395 uni-

252 2410 407 2450 cuique
465 2420 630 2450 poenae
686 2410 888 2449 obnoxio,

252 2454 344 2486 dum
377 2453 426 2485 ab
452 2455 539 2485 alio
563 2459 680 2486 recte
704 2456 888 2496 punitur

252 2504 293 2532 et
316 2500 576 2541 castigatur,
601 2504 662 2531 etc.

297 2544 341 2576 οἱ
383 2543 460 2583 μὲν
500 2542 811 2584 ὠφελούμενοι
847 2555 887 2575 τε

253 2589 320 2620 καὶ
348 2588 474 2631 δίκην
499 2588 717 2632 διδόντες]
743 2590 791 2628 ii,
817 2590 887 2630 qui

252 2640 294 2666 et
335 2634 582 2666 utilitatem
623 2635 888 2676 percipiunt

252 2683 291 2711 et
320 2690 501 2721 poenam
533 2680 678 2719 luunt,
720 2680 749 2711 h.
784 2689 811 2710 e.
844 2680 886 2720 ii,

252 2726 341 2766 qui,
387 2725 482 2757 dum
521 2735 704 2768 poenam
746 2725 888 2765 luunt,

956 2002 1096 2033 tentiam
1127 2003 1309 2033 verborum
1331 2002 1593 2043 interpretatur:

958 2048 1040 2087 Qui
1069 2058 1168 2079 vero
1199 2046 1310 2088 apud
1335 2047 1439 2078 deos
1465 2051 1504 2078 et
1526 2047 1596 2078 ho-

957 2093 1092 2124 mines
1124 2093 1185 2123 ita
1209 2092 1309 2124 dant
1333 2102 1517 2134 poenas,
1548 2094 1596 2122 ut

957 2137 1204 2169 utilitatem
1251 2137 1352 2169 inde
1399 2137 1594 2178 aliquam

957 2183 1164 2222 referant,
1185 2182 1228 2214 hi
1251 2186 1366 2222 sunt,
1389 2182 1458 2223 qui
1478 2192 1594 2213 sana-

957 2228 1074 2259 bilia
1130 2232 1316 2269 peccata
1371 2227 1596 2258 commise-

957 2277 1070 2305 runt.
1118 2274 1281 2304 Similiter
1303 2272 1392 2303 infra
1415 2282 1444 2313 p.
1467 2270 1533 2304 527
1549 2273 1593 2303 B:

958 2317 992 2350 τὸ
1016 2319 1197 2360 γίγνεσθαι
1222 2317 1384 2359 (δίκαιον)
1414 2317 1468 2349 καὶ
1495 2318 1592 2349 κολα-

959 2362 1109 2404 ζόμενον
1133 2361 1265 2395 διδόναι
1290 2361 1399 2404 δίκην.

1003 2409 1041 2440 C.
1097 2405 1164 2440 διὰ
1207 2405 1251 2439 τὰ
1290 2411 1465 2439 τοιαῦτα
1505 2405 1592 2438 ἀδι-

958 2452 1142 2495 κήματα]
1184 2456 1359 2494 propter
1394 2453 1500 2484 haee
1532 2456 1593 2483 ta-

957 2499 1018 2530 lia
1043 2502 1239 2539 peccata,
1265 2508 1311 2529 se.
1329 2497 1458 2538 ἔσχατα.
1494 2496 1593 2528 Unde

956 2543 1170 2586 intelligitur,
1201 2553 1287 2584 quae
1313 2543 1356 2574 sit
1380 2543 1432 2574 vis
1457 2541 1594 2574 articuli

956 2589 1059 2630 vulgo
1099 2588 1186 2619 male
1221 2588 1380 2630 neglecti.
1435 2588 1487 2619 De
1519 2594 1594 2628 pro-

956 2635 1057 2665 ximis
1081 2633 1253 2664 Phaedon.
1281 2644 1309 2665 c.
1332 2632 1447 2664 LXII:
1487 2632 1525 2663 οἵ
1554 2630 1592 2663 δὲ

956 2676 1000 2710 ἂν
1041 2676 1191 2718 δόξωσιν
1228 2675 1374 2711 ἀνιάτως
1413 2678 1502 2718 ἔχειν
1538 2673 1592 2708 διὰ

957 2723 993 2756 τὰ
1018 2723 1153 2766 μεγέθη
1177 2726 1245 2755 τῶν
1268 2721 1520 2765 ἁμαρτημάτων
1534 2740 1590 2759 —,
