1687 2969
803 117 1097 156 -le-—-

282 227 672 285 quadragesimum.
732 230 925 274 Dubium
957 238 1098 274 autem
1130 246 1216 273 non
1248 237 1328 284 est,
1361 230 1464 287 quin
1486 229 1622 272 redux

280 285 479 327 Athenas
511 285 651 327 factus
683 288 890 330 continuo
922 289 968 329 id
999 288 1167 331 consilii
1203 294 1410 344 sequutus
1454 287 1540 341 sit,
1571 293 1620 328 ut

280 342 421 384 missis
457 341 721 398 reipublicae
761 344 998 387 honoribus
1038 351 1167 400 atque
1206 345 1456 386 muneribus
1496 343 1623 385 unice

282 398 429 440 studio
467 399 702 454 sapientiae
743 408 917 444 vacaret
965 401 1159 457 adeoque
1210 401 1528 457 philosophiam
1580 400 1624 441 in

281 454 521 497 Academia
559 455 746 498 doceret.
826 458 960 511 Quod
1000 459 1173 513 quidem
1213 459 1441 500 consilium
1480 457 1624 499 statim

281 518 383 569 post
410 511 594 553 reditum
622 513 667 554 in
696 515 880 570 patriam
912 516 964 557 ab
996 530 1046 556 eo
1078 521 1250 570 captum
1291 521 1333 556 et
1370 513 1425 555 ad
1464 514 1625 555 exitum

281 568 539 625 perductum
570 584 690 621 esse,
725 571 849 613 facile
881 587 932 613 ex
962 572 1013 614 iis
1043 572 1323 628 intelligitur,
1358 585 1466 626 quae
1497 570 1625 611 Dio-

283 641 398 681 gen.
445 626 626 667 Laert.
666 627 752 668 III.
786 630 824 669 9.
852 634 894 670 et
925 630 991 670 20.
1033 636 1161 684 atque
1206 627 1490 670 Plutarch.
1533 626 1624 668 Vit.

282 682 414 724 Dion.
445 697 482 724 c.
518 685 582 724 17.
623 683 676 724 de
715 685 843 726 rebus
883 686 1018 742 ipsius
1059 685 1287 727 memoriae
1329 683 1626 740 prodiderunt.

282 739 499 781 Nimirum
527 739 713 781 redierat
744 756 846 783 sanc
879 748 968 783 tum
999 743 1273 798 amplissimis
1293 741 1516 784 doctrinae
1535 740 1628 795 opi-

282 797 364 838 bus
394 796 653 849 instructus,
696 798 1049 853 quandoquidem
1078 815 1155 854 per
1184 800 1382 840 itinerum
1422 803 1629 853 opportu-

283 853 485 905 nitatem,
534 853 720 909 cognitis
769 854 978 910 imprimis
1019 856 1392 912 Pythagoreorum
1440 853 1627 909 placitis,

283 909 505 965 paullatim
539 924 589 950 eo
619 917 896 965 pervenerat,
939 918 988 953 ut
1018 928 1186 953 omnem
1223 911 1521 968 philosophiae
1553 910 1627 951 coss

283 967 400 1022 piam
430 971 473 1006 et
502 966 744 1008 ubertatem
774 974 917 1010 mente
948 978 991 1009 et
1019 969 1161 1010 animo
1201 984 1279 1010 suo
1322 967 1629 1023 complectere-

285 1031 377 1075 tur,
417 1028 466 1063 ut
496 1023 622 1064 facile
653 1023 942 1081 intelligatur,
989 1040 1066 1066 cur
1094 1026 1178 1066 iam
1207 1024 1507 1081 philosophiae
1540 1038 1629 1064 ma-

286 1080 422 1135 gister
452 1080 619 1121 scilicet
649 1079 765 1122 haud
795 1082 988 1138 vulgaris
1021 1083 1064 1123 in
1096 1082 1284 1123 medium
1312 1081 1486 1137 prodire
1518 1080 1630 1122 eius-

285 1152 368 1192 que
397 1137 485 1178 vim
513 1136 753 1179 beneficam
795 1144 924 1193 atque
970 1139 1201 1180 salutarem
1240 1139 1364 1180 vivae
1400 1137 1521 1179 vocis
1564 1136 1630 1177 in-

286 1194 506 1236 stitutione
565 1193 620 1234 ad
675 1194 808 1236 vitam
868 1195 1088 1237 hominum
1148 1210 1416 1237 communem
1484 1192 1632 1235 tradu-

286 1265 383 1291 cere
435 1250 722 1292 constituerit.
802 1252 925 1294 Haec
976 1252 1130 1309 igitur,
1186 1253 1223 1294 si
1284 1250 1389 1306 quid
1436 1250 1630 1292 iudicare

285 1321 538 1362 possumus,
570 1307 644 1349 illa
673 1307 769 1363 ipsa
799 1309 974 1350 fuerunt
1003 1316 1222 1365 tempora,
1257 1308 1413 1363 quibus
1441 1305 1633 1349 Phaedri

287 1364 565 1419 scriptionem
594 1364 646 1405 ab
679 1380 729 1406 eo
761 1372 1005 1421 susceptam
1037 1381 1132 1408 esse
1162 1366 1290 1421 longe
1320 1370 1385 1406 est
1406 1363 1631 1406 verisimil-

284 1420 444 1461 limum.
507 1420 639 1473 Quod
672 1421 844 1476 quidem
875 1423 935 1464 ita
966 1438 1076 1476 esse,
1106 1423 1180 1464 ubi
1210 1422 1307 1463 libri
1331 1426 1632 1478 argumentum

286 1483 329 1518 et
358 1477 663 1534 disputationis
694 1479 737 1519 in
770 1494 820 1520 eo
850 1485 1059 1521 tractatae
1089 1480 1300 1520 rationem
1332 1493 1429 1519 cum
1459 1478 1634 1519 fortuna

287 1540 331 1575 et
361 1534 610 1576 conditione
639 1535 889 1591 philosophi
919 1543 1010 1578 tum
1032 1536 1251 1592 praesenti
1270 1535 1507 1591 paullisper
1528 1549 1633 1575 con-

286 1590 577 1645 tenderimus,
619 1606 704 1633 non
737 1593 797 1633 ita
828 1592 1005 1635 difficile
1036 1593 1091 1634 ad
1121 1592 1398 1634 iudicandum
1439 1592 1530 1633 fore
1560 1605 1634 1631 ex-

285 1647 538 1690 istimamus.
598 1648 772 1690 Etenim
797 1651 981 1705 primum
1012 1649 1184 1706 quidem
1213 1648 1321 1690 illud
1351 1649 1404 1690 ab
1437 1647 1634 1689 omnibus

286 1719 542 1747 concessum
561 1704 612 1745 iri
627 1705 901 1760 confidimus,
926 1707 1032 1748 nihil
1054 1713 1146 1748 tum
1170 1721 1264 1748 esse
1287 1705 1497 1761 potuisse,
1516 1702 1635 1759 quod

284 1761 413 1803 Plato
445 1768 519 1803 aut
548 1761 767 1805 ardentius
807 1770 956 1820 optare
995 1770 1069 1805 aut
1110 1762 1347 1805 studiosius
1391 1776 1518 1818 agere
1562 1759 1635 1801 de-

288 1818 454 1871 buerit,
488 1834 615 1873 quam
645 1825 695 1860 ut
727 1821 957 1875 populares
988 1820 1054 1862 sui
1085 1819 1138 1861 de
1168 1819 1408 1860 rationibus
1439 1817 1632 1874 philoso-

286 1875 429 1930 phiae,
463 1875 533 1916 cui
562 1875 655 1930 ipse
688 1883 802 1917 esset
833 1876 1019 1929 deditus,
1050 1875 1283 1931 aliquando
1316 1875 1500 1917 certiora
1532 1872 1634 1915 edo-

289 1937 503 1985 cerentur,
534 1932 788 1987 praesertim
811 1949 942 1988 quum
972 1933 1085 1975 illius
1106 1933 1235 1989 longe
1267 1932 1392 1973 aliam
1414 1931 1635 1972 notionem

289 1988 433 2029 animo
464 1988 798 2042 informavisset,
833 2006 961 2045 quam
992 2006 1016 2031 a
1046 1989 1340 2046 superioribus
1362 1987 1634 2044 philosophis

289 2045 453 2086 factum
484 2051 611 2087 esset.
670 2046 769 2088 Hoc
800 2046 942 2102 ipsum
972 2052 1115 2088 autem
1145 2047 1189 2087 in
1221 2045 1422 2087 Phaedro
1455 2050 1635 2100 apparet

288 2101 349 2142 ita
387 2102 440 2143 ab
478 2117 529 2143 eo
569 2101 769 2143 effectum
811 2118 927 2157 esse,
980 2109 1028 2145 ut
1065 2103 1172 2144 nihil
1219 2103 1326 2159 fingi
1368 2101 1635 2157 cogitarique

288 2159 428 2214 possit
479 2158 579 2200 huic
631 2160 811 2201 consilio
880 2161 1221 2202 convenientius.
1307 2157 1638 2200 Demonstravit

289 2216 427 2267 enim,
466 2222 515 2257 ut
543 2221 669 2257 antea
707 2216 919 2271 vidimus,
964 2217 1217 2273 aequalibus
1249 2216 1338 2257 suis
1371 2215 1509 2256 omnis
1542 2213 1637 2269 phi-

287 2272 512 2327 losophiae
550 2273 691 2315 fontes
728 2274 798 2315 vel
836 2274 879 2314 in
924 2275 1119 2329 appetitu
1175 2279 1218 2315 et
1256 2272 1637 2328 comprehensione

288 2327 411 2369 ideae
453 2329 523 2370 vel
558 2329 603 2370 in
643 2330 1003 2372 commentatione
1045 2330 1273 2372 dialectica
1314 2329 1482 2384 positos
1526 2342 1635 2381 esse,

288 2400 425 2439 eaque
474 2386 641 2427 ratione
693 2387 819 2429 simul
875 2388 1002 2429 etiam
1054 2386 1246 2429 ostendit
1304 2385 1635 2441 elegantissime,

289 2447 455 2496 quanta
486 2448 599 2483 esset
630 2443 721 2485 eius
752 2443 1012 2500 amplitudo,
1055 2449 1216 2498 quanta
1248 2442 1435 2499 dignitas
1477 2447 1520 2482 et
1548 2456 1638 2482 ma-

286 2498 435 2552 iestas,
457 2505 618 2553 quanta
634 2499 824 2555 denique
841 2501 884 2542 in
897 2501 1141 2542 hominibus
1163 2506 1253 2541 tum
1274 2499 1328 2540 ad
1351 2500 1435 2540 alte
1449 2497 1638 2540 sentien-

286 2554 389 2595 dum
423 2561 554 2609 atque
587 2557 867 2610 cogitandum
901 2563 991 2599 tum
1033 2556 1087 2598 ad
1119 2557 1318 2599 subtilius
1361 2553 1637 2596 iudicandum

285 2611 480 2666 beneque
513 2610 743 2654 dicendum
775 2630 824 2656 ac
865 2613 1107 2656 docendum
1159 2610 1531 2655 consuefaciendis
1572 2610 1637 2651 vis

286 2674 327 2709 et
357 2668 604 2711 efficacitas.
673 2669 843 2723 Quibus
874 2671 1071 2714 omnibus
1110 2670 1214 2725 quid
1243 2669 1415 2711 tandem
1446 2667 1637 2709 dicemus
