1687 2969
558 130 593 134 —-
671 110 758 147 LVII
830 129 868 132 —

43 226 64 268 ὁ
99 223 330 282 σοφιστής.
408 223 539 278 Quod
580 222 754 278 quidem
792 236 948 264 nomen
996 222 1077 263 etsi
1132 223 1241 265 bene
1300 237 1387 264 me-

41 282 240 325 minimus
273 282 400 324 etiam
423 281 475 323 de
505 281 677 323 rhetore
705 278 920 335 usurpari,
952 284 1002 319 ut
1029 279 1142 321 Plat.
1176 278 1314 336 Gorg.
1344 296 1387 336 p.

43 341 136 383 520.
175 340 254 393 A.‚
295 345 439 380 tamen
482 339 574 380 sine
621 336 752 378 dubio
793 352 879 378 non
920 341 1007 376 tam
1038 335 1094 376 ad
1124 337 1389 379 iudicialium

43 412 172 452 quam
211 395 266 437 ad
306 395 636 451 sophisticarum
675 393 917 435 orationum
959 392 1212 448 scriptorem
1244 393 1390 451 desig—

42 452 232 496 nandum
260 453 469 509 pertinuit
543 451 835 505 Quamobrem
865 448 966 490 inde
996 464 1084 490 non
1116 450 1271 492 iniuria
1289 451 1392 492 licet

47 510 289 564 coniicere,
334 510 515 566 Lysiam
564 523 716 550 revera
745 506 801 548 ad
832 521 1039 548 summam
1071 522 1209 561 usque
1240 523 1389 550 senec-

44 574 179 609 tutem
222 567 265 608 in
309 565 527 608 scribendi
572 580 729 622 genere
787 564 842 605 ad
901 563 1004 604 artis
1055 565 1389 606 ostentationem

43 630 289 679 comparat-o
332 629 592 679 occupatum
642 622 800 675 fuisse,
852 628 902 662 ut
942 620 1012 661 vel
1060 627 1162 676 post
1210 628 1391 663 mortem

44 681 264 737 sophistae
306 681 479 722 nomine
520 679 726 735 appellari
771 677 976 735 potuerit.
1054 677 1257 732 Denique
1306 678 1391 721 huc

41 738 146 779 facit
165 738 292 779 etiam
312 738 447 779 oratio
461 737 624 793 Lysiae
647 736 837 778 funebris
858 736 986 776 etiam
1006 750 1120 776 nunc
1144 742 1389 791 superstes:

43 810 153 849 quae
202 795 305 836 licet
351 810 376 835 a
432 794 593 836 criticis
641 792 902 848 quibusdam
953 807 1091 848 nuper
1129 792 1180 840 'in
1226 793 1391 834 fraudis

43 851 332 908 suspicionem
363 850 553 893 adducta
584 851 660 904 sit,
702 856 845 892 tamen
883 849 951 890 vel
981 849 1110 890 unius
1140 849 1391 892 Aristotelis

43 909 289 950 testimonio
321 914 472 950 contra
501 908 636 949 malas
670 907 939 962 suspiciones
970 912 1057 946 tam
1087 906 1268 948 firmiter
1298 923 1391 948 mu-

44 966 174 1017 nitur,
202 972 251 1006 ut
281 965 558 1019 quantumvis
599 980 623 1005 a
654 963 921 1005 iudicialium
954 962 1119 1019 Lysiae
1151 964 1393 1006 orationum

45 1022 321 1077 simplicitate
362 1030 404 1063 et
451 1021 660 1062 munditie
701 1021 952 1077 longissime
999 1019 1198 1073 recedat,
1248 1026 1393 1063 tamen

45 1078 322 1120 celeberrimo
363 1079 523 1120 oratori
561 1079 653 1119 sine
684 1078 770 1119 ulla
820 1077 1088 1119 dubitatione
1127 1077 1394 1134 assignanda

42 1135 254 1177 videatur.
313 1135 381 1176 Ea
411 1150 512 1176 vero
545 1136 706 1191 scripta
744 1141 810 1175 est
841 1132 1016 1190 Olymp.
1046 1132 1217 1176 XCVI.
1249 1136 1288 1176 3.
1320 1142 1394 1176 aut

43 1191 280 1234 secundum
320 1190 647 1248 aliosOlymp.
692 1190 916 1233 XCVIII.
968 1194 1004 1234 2.
1045 1190 1177 1244 Quod
1215 1191 1251 1233 si
1291 1207 1392 1233 vere

42 1249 240 1305 ponitur,
283 1248 384 1290 hinc
432 1262 604 1304 quoque
647 1248 922 1290 manifestum
964 1248 1037 1299 fit,
1090 1248 1272 1304 Lysiam
1314 1264 1394 1290 nec

45 1321 190 1348 senem
216 1305 279 1346 illi
309 1305 528 1348 scribendi
559 1305 707 1362 generi
737 1305 912 1347 omnino
943 1304 1230 1359 valedixisse,
1274 1305 1394 1360 quod

43 1378 176 1418 quum
214 1363 307 1418 ipse
347 1363 448 1404 olim
496 1363 622 1404 unice
663 1362 935 1416 adamasset,
990 1368 1082 1404 tum
1121 1363 1329 1419 imprimis
1369 1378 1395 1403 a

45 1420 218 1462 scholae
250 1418 424 1462 Siculae
454 1420 789 1462 assectatoribus
829 1418 928 1461 inde
969 1435 993 1460 a
1024 1417 1216 1476 Gorgiae
1250 1425 1393 1461 aetate

43 1477 196 1518 mirum
235 1483 445 1531 quantum
485 1477 749 1519 celebratum
788 1483 892 1518 erat.
954 1476 1231 1531 Quamquam
1273 1476 1394 1518 illum

42 1533 281 1590 posteriore
321 1534 433 1574 vitae
476 1548 580 1575 suae
612 1540 749 1575 aetate
794 1533 1012 1589 uaecipue
1042 1534 1267 1590 scriptioni
1298 1549 1394 1575 ora-

43 1592 208 1632 tionum
248 1590 514 1632 iudicialium
561 1606 735 1646 operam
807 1590 948 1632 edisse
990 1606 1228 1645 sanequam
1280 1591 1393 1632 veri-

45 1647 181 1689 simile
225 1653 302 1688 est.
370 1647 423 1688 In
462 1663 546 1701 qua
595 1662 725 1703 opera
763 1663 900 1702 usque
944 1647 998 1687 ad
1049 1648 1213 1689 obitum
1251 1663 1391 1699 suum,

47 1704 121 1759 qui
168 1703 321 1745 incidit
362 1703 405 1744 in
445 1703 622 1760 Olymp.
698 1703 747 1746 C.
791 1706 828 1745 ⁶2.
863 1730 911 1736 —-
948 1706 1043 1746 379.
1097 1720 1134 1745 a.
1175 1703 1277 1745 Chr.
1326 1705 1394 1746 vel

44 1760 259 1816 posterius
290 1761 435 1817 paullo
462 1768 649 1817 tempus,
683 1761 791 1803 adeo
812 1767 1063 1803 constanter
1082 1762 1392 1818 perseveravit,

45 1824 93 1858 ut
122 1817 249 1858 etiam
279 1817 433 1874 grandi
460 1825 684 1860 senectute
716 1818 1077 1874 praestantissimi
1117 1819 1300 1860 oratoris
1330 1825 1393 1859 at-

46 1889 128 1929 que
161 1875 382 1930 scriptoris
414 1875 658 1917 orationum
687 1875 815 1916 laude
847 1875 1051 1917 floruerit.

155 1931 278 1973 Haec
308 1932 441 1987 igitur
471 1947 520 1974 ac
550 1933 656 1973 talia
686 1932 774 1974 fere
806 1933 981 1974 fuerunt
1010 1931 1154 1974 studia
1191 1933 1393 1986 oratoria⁷

47 2002 160 2041 quae
191 1988 377 2031 Athenis
407 1988 508 2031 inde
540 2005 565 2030 a
594 1989 696 2031 belli
720 1990 1083 2045 Peloponnesiaci
1112 1996 1306 2045 tempore
1335 1990 1400 2031 vi-

49 2051 250 2100 guerunt.
311 2045 438 2099 Quae
469 2053 586 2088 certe
618 2045 807 2088 dubitari
836 2063 923 2088 non
954 2052 1103 2103 potest
1133 2047 1239 2102 quin
1271 2046 1400 2089 etiam

50 2107 188 2142 aetate
219 2102 415 2145 Platonis
446 2104 628 2145 maxime
658 2103 818 2145 fuerint
847 2104 1086 2158 celebrata,
1127 2103 1401 2158 quandoqui-

51 2156 148 2198 dem
170 2159 298 2201 etiam
314 2161 450 2202 multo
482 2166 677 2216 tempore
707 2167 808 2217 post
837 2161 1011 2217 plurimi
1041 2161 1291 2214 extiterunt,
1326 2160 1401 2214 qui

52 2221 254 2267 quantam
282 2216 368 2258 vim
388 2217 568 2259 haberet
598 2224 797 2259 accurate
824 2218 1044 2259 elaborata
1075 2222 1118 2258 et
1140 2217 1264 2271 quasi
1283 2218 1399 2259 facta

53 2271 188 2333 oratio
209 2273 318 2315 bene
349 2275 584 2316 sentientes
614 2275 684 2316 vel
716 2290 860 2316 coram
888 2274 1050 2331 populo
1081 2279 1125 2315 et
1152 2274 1197 2315 in
1227 2274 1400 2316 iudiciis

54 2325 252 2371 disertius
281 2331 414 2373 verba
443 2332 636 2373 facerent
665 2331 734 2373 vel
766 2347 791 2372 a
820 2333 913 2373 foro
946 2338 989 2372 et
1012 2331 1219 2372 concione
1247 2331 1402 2373 remoti

54 2384 271 2428 orationes
300 2387 345 2428 in
375 2403 501 2430 usum
534 2389 715 2429 aliorum
746 2394 787 2430 et
818 2387 1103 2430 ostentandae
1125 2387 1399 2443 eloquentiae

55 2440 194 2495 gratia
221 2442 373 2487 litteris
405 2445 723 2502 consignarent.
782 2444 912 2486 Certe
942 2445 1094 2502 ingens
1127 2445 1228 2487 olim
1259 2445 1402 2486 extitit

54 2511 256 2541 numerus
285 2501 540 2558 scriptarum
571 2502 838 2555 orationum,
884 2517 937 2543 ex
975 2503 1132 2557 quibus
1164 2517 1400 2556 sanequam

54 2569 216 2608 paucas
247 2555 386 2599 adhuc
417 2560 669 2615 superstites
701 2559 932 2612 habemus,
974 2575 1081 2614 quas
1126 2559 1265 2601 critici
1295 2559 1400 2600 Ale-

53 2610 277 2666 xandrini,
310 2620 459 2670 utpote
491 2632 568 2658 suo
600 2615 761 2657 iudicio
793 2616 975 2657 maxime
1004 2616 1226 2672 probatas,
1258 2616 1304 2657 in
1326 2615 1400 2657 de-

55 2682 148 2710 cem
177 2669 419 2726 principum
449 2679 664 2716 oratorum
688 2688 894 2715 canonem
917 2679 1183 2730 receperunt..
1243 2673 1400 2726 Neque
