1687 2969
535 158 576 164 -
648 137 782 176 Lxxm
853 158 895 164 —

44 253 199 308 quibus
239 251 521 308 philosophus
561 252 654 293 sine
696 250 828 292 dubio
868 264 1017 291 rursus
1073 249 1202 292 duces
1241 249 1393 291 habuit

43 310 361 367 Pythagoreos,
398 324 451 350 ex
474 324 658 364 quorum
685 306 885 349 doctrina
903 306 956 348 de
976 307 1216 348 animorum
1234 307 1392 363 migra-

44 367 236 408 tionibus
268 366 395 407 etiam
425 366 536 407 Tim.
566 381 608 422 p.
639 366 706 406 92.
737 364 794 406 A.
826 364 877 405 Β.
910 363 979 404 De
1000 363 1108 419 Rep.
1140 364 1198 414 X.
1229 380 1272 420 p.
1294 365 1391 405 617.

43 423 97 465 E.
129 423 182 464 al.
215 423 421 479 profecit.
492 421 624 475 Quod
657 421 770 463 enim
799 420 859 462 ibi
890 419 1096 473 docetur,
1131 421 1296 462 animos
1325 421 1392 461 in-

45 486 225 537 gruente
273 479 496 535 paullatim
545 478 588 520 vi
635 477 886 534 cupiditatis
938 477 1298 532 intemperantius
1352 483 1394 518 et

44 538 351 593 languescente
387 536 432 577 in
469 535 561 577 dies
598 536 737 591 magis
776 550 918 575 rerum
950 533 1192 575 divinarum
1225 535 1392 590 appeti-

45 595 163 636 tione
197 609 222 634 a
250 593 364 634 vitae
395 592 564 634 divinae
596 592 742 634 studio
772 590 948 632 tandem
972 589 1184 632 defecisse
1213 598 1255 632 et
1285 592 1395 633 alios

49 651 174 692 aliam
215 657 374 691 sortem
412 665 491 706 pro
528 649 681 691 merito
720 654 872 690 nactos
908 663 1026 701 esse,
1070 647 1315 689 ostenditur
1345 664 1395 689 ea

46 707 226 760 ratione,
273 721 383 761 quae
425 706 555 748 fuerit
594 708 833 749 animorum
866 711 1088 759 tamquam
1118 705 1318 747 transitio
1352 705 1396 746 in

47 764 180 805 vitam
219 763 465 817 mortalem,
511 762 673 804 utiam
703 763 828 819 plane
869 761 1168 818 intelligantur
1208 762 1398 818 origines

48 820 267 862 facultatis
305 835 375 862 res
415 819 583 862 divinas
623 820 754 861 etiam
785 819 829 861 in
860 819 950 860 vita
981 818 1177 860 terrestri
1210 834 1395 875 cognos-

49 876 200 930 cendi,
241 877 333 918 sine
376 892 461 932 qua
499 892 618 919 amor
656 875 856 929 divinus,
904 876 1075 930 qualem
1113 875 1399 932 philosophus

51 934 346 988 adumbravit,
398 940 514 975 certe
562 933 706 975 nullus
754 933 938 990 cogitari
987 940 1146 988 potest.
1226 932 1400 989 Quippe

52 990 232 1033 docetur
269 991 322 1032 iis
359 996 528 1032 tantum
573 990 724 1031 animis
775 1005 959 1045 corpora
1006 989 1194 1030 humana
1241 990 1401 1031 intrare

51 1063 129 1104 per
157 1047 298 1103 legem
328 1047 518 1089 divinam
548 1061 801 1089 concessum
841 1061 958 1099 esse,
1007 1047 1080 1101 qui
1118 1047 1162 1088 in
1203 1047 1292 1088 vita
1330 1062 1401 1088 su-

50 1104 220 1161 periore
261 1104 426 1159 aliquid
465 1104 556 1146 veri
587 1104 892 1160 conspexerint
922 1111 1051 1158 atque
1083 1103 1277 1145 idearum
1318 1105 1404 1145 for-

51 1176 144 1203 mas
173 1176 224 1203 ac
253 1161 422 1218 speeies
469 1162 551 1202 rite
582 1161 763 1217 iungere
796 1175 845 1202 ac
877 1159 1121 1203 discernere
1154 1160 1402 1214 didicerint,

52 1217 136 1260 hoc
175 1224 264 1272 est,
304 1217 559 1260 dialecticae
598 1218 719 1274 leges
760 1217 984 1259 hauserint
1023 1232 1073 1258 ac
1114 1218 1401 1274 perceperint.

53 1274 268 1318 Nimirum
305 1274 407 1316 inde
438 1281 530 1317 tota
571 1288 782 1330 suspensa
814 1280 880 1316 est
914 1272 1107 1316 idearum
1146 1274 1403 1329 recordatio,

54 1347 107 1374 ex
136 1347 222 1387 qua
264 1338 411 1373 manat
450 1331 587 1373 omnis
629 1331 802 1373 divinae
828 1331 1025 1373 veritatis
1058 1347 1177 1373 amor
1209 1331 1405 1387 adeoque

54 1389 192 1431 omnis
233 1388 535 1445 philosophia,
587 1389 710 1431 cuius
756 1394 876 1430 ortus
943 1404 986 1444 p.
1041 1390 1137 1432 249.
1180 1389 1235 1432 A.
1266 1415 1320 1419 -
1347 1389 1404 1430 D.

54 1445 182 1488 etiam
219 1446 416 1488 fabulose
470 1445 744 1488 describitur.
832 1445 988 1500 Neque
1037 1461 1140 1488 vero
1190 1446 1297 1487 nihil
1352 1445 1407 1488 ad

53 1501 370 1545 collustrandas
412 1502 547 1544 divini
578 1502 735 1545 amoris
766 1502 953 1544 rationes
983 1503 1172 1557 confert,
1215 1503 1334 1558 quod
1363 1520 1406 1560 p.

55 1560 152 1602 248.
193 1559 251 1601 D.
291 1559 344 1601 E.
386 1574 481 1614 sqq.
512 1575 674 1613 eorum,
708 1559 781 1614 qui
820 1559 935 1600 vitae
967 1559 1181 1602 humanae
1214 1561 1406 1602 curricu-

54 1616 143 1658 lum
173 1615 485 1672 ingrediantur,
518 1631 672 1658 novem
704 1616 1028 1658 constituuntur
1049 1632 1225 1673 genera,
1260 1617 1408 1673 prouti

56 1672 230 1714 divinae
259 1673 453 1714 veritatis
491 1688 703 1715 memores
735 1673 1075 1729 permanserint,
1110 1674 1314 1729 quodque
1347 1674 1408 1716 ibi

57 1729 305 1786 philosophi
342 1730 581 1786 principem
619 1730 761 1772 locum
813 1730 1008 1771 obtinere
1050 1730 1299 1772 iudicantur
1334 1731 1409 1772 iis-

59 1801 143 1841 que
193 1787 388 1842 proxime
437 1787 726 1829 subiiciuntur
766 1787 869 1828 boni
907 1787 1128 1843 principes
1167 1803 1217 1830 ac
1273 1788 1408 1844 magi-

57 1850 244 1896 stratus,
277 1844 472 1899 utrisque
503 1850 645 1885 autem
675 1849 895 1900 postremo
928 1851 1206 1900 opponuntur
1237 1845 1410 1901 tyranni

60 1915 110 1942 ac
140 1900 373 1957 sophistae.
431 1901 694 1957 Intelligitur
723 1901 835 1942 enim
865 1900 1045 1954 exinde,
1088 1902 1217 1943 etiam
1245 1903 1289 1943 in
1320 1902 1411 1943 vita

60 1957 246 1999 humana
284 1957 567 2015 philosophos
597 1964 808 1999 amatores
849 1964 1069 2014 praestare
1110 1959 1265 2001 ceteris
1297 1974 1409 2001 mor—

25 2014 219 2069 'talibus
259 2015 484 2068 omnibus,
532 2021 582 2056 ut
629 2014 932 2071 philosophiae
981 2014 1189 2057 studiosis
1234 2015 1412 2058 tandem

62 2071 190 2113 etiam
220 2070 409 2128 dignitas
441 2087 518 2114 sua
545 2072 803 2115 vindicetur.
864 2071 916 2113 In
947 2087 1032 2127 quo
1062 2087 1210 2114 rursus
1232 2073 1412 2129 dignum

65 2134 133 2169 est
173 2128 511 2171 animadvertere
562 2129 788 2170 Platonem
835 2129 1210 2185 Pythagoreorum
1255 2130 1411 2187 legisse

70 2184 263 2241 vestigia.
330 2185 446 2227 Nam
484 2186 669 2242 primum
709 2185 883 2240 quidem
921 2192 1115 2242 apertum
1157 2192 1223 2228 est
1258 2202 1413 2228 novem

67 2240 152 2282 ista
172 2242 286 2283 vitae
308 2243 446 2284 civilis
469 2258 642 2300 genera,
677 2257 786 2297 quae
817 2244 1154 2296 constituuntur,
1186 2243 1241 2284 ad
1271 2259 1413 2286 amus-

71 2297 150 2338 sim
185 2298 446 2355 respondere
485 2300 608 2342 denis
649 2300 887 2341 animorum
931 2299 1180 2341 circuitibus
1219 2315 1243 2341 a
1272 2301 1413 2357 philo-

70 2353 206 2409 sopho
267 2357 535 2411 constitutis,
610 2355 964 2412 quandoquidem
1020 2355 1212 2399 decimus
1262 2373 1414 2401 cursus

23 2413 30 2416 ”
71 2411 290 2454 verissime
345 2420 410 2455 est
454 2413 677 2469 neglectus
725 2420 978 2469 propterea,
1031 2413 1148 2468 quod
1195 2420 1413 2470 postremo

73 2466 258 2509 circuitu
287 2469 417 2511 animi
445 2471 572 2526 probi
602 2485 653 2512 ac
682 2470 839 2512 sinceri
868 2470 1067 2511 absoluta
1096 2471 1186 2512 vita
1214 2472 1416 2513 inferiore

73 2523 117 2564 in
151 2524 316 2566 coelum
355 2533 629 2569 revertuntur
667 2533 885 2581 tamquam
923 2527 967 2568 in
998 2526 1260 2570 domicilium
1291 2544 1416 2571 suum

74 2586 205 2635 atque
247 2583 480 2638 proprium.
548 2583 850 2640 Pythagoreos
896 2590 1038 2625 autem
1086 2585 1283 2628 novimus
1331 2601 1416 2627 non

75 2636 205 2679 modo
247 2653 469 2681 numerum
507 2640 730 2682 denarium
778 2656 856 2696 pro
899 2655 1088 2682 summae
1139 2643 1417 2698 perfectionis

76 2693 201 2750 signo
233 2699 277 2735 et
316 2703 568 2751 argumento
609 2697 836 2750 habuisse,
885 2713 1035 2739 verum
1067 2698 1194 2742 ctiam
1227 2699 1416 2741 universi
