1687 2969
435 166 507 203 AD
539 165 782 204 GORGIAM
811 166 1080 204 PLATONIS.
1386 170 1431 204 15

91 279 156 330 qui
184 279 562 327 interrogatiunculis
592 279 671 315 suis
701 280 820 316 soleat
851 279 943 315 alios
972 292 1114 317 vexare
1153 285 1190 317 et
1219 280 1258 316 in
1288 292 1433 316 errores

88 335 295 384 implicare.
365 336 439 373 Sed
481 336 542 372 hic
571 335 735 383 eleganti
775 349 861 372 eum
899 336 1117 373 urbanitate
1159 336 1192 373 ei
1231 337 1433 385 respondet

89 392 274 429 iuvenum
303 406 384 429 esse
415 391 516 429 viros
546 393 718 429 labantes
748 393 891 439 erigere
922 398 960 429 et
989 397 1225 432 sustentare,
1264 393 1434 443 adeoque

92 462 180 485 eum
208 449 376 485 modeste
405 453 532 496 rogat,
573 454 616 485 ut
656 448 687 485 si
718 461 793 498 qua
831 449 893 486 vel
923 449 1081 495 Gorgias
1111 450 1173 486 vel
1213 449 1293 497 ipse
1334 462 1434 486 erra—

91 504 229 551 verint,
258 505 297 542 id
326 505 420 542 velit
458 504 624 541 indicare
664 510 702 542 ct
741 505 946 553 corrigere;
987 506 1095 541 niodo
1136 506 1318 542 orationis
1357 519 1434 542 am—

92 562 207 609 bages
245 562 450 600 evitentur.
508 561 610 599 Data
649 567 776 599 antem
806 563 869 599 vel
898 561 1158 609 interrogandi
1187 562 1251 599 vel
1279 575 1435 611 respon-

90 618 204 655 dendi
243 618 393 667 optione
432 617 547 654 Polus
587 618 745 667 suscipit
782 622 909 667 partes
948 618 1218 665 interrogandi.
1296 620 1435 669 Itaque

91 674 284 712 Socratem
321 679 448 721 rogat,
489 687 694 724 quamnam
733 682 853 712 artem
893 675 1107 712 rhetoricen
1148 688 1230 711 esse
1270 680 1432 713 censeat.

90 731 131 767 P.
163 734 254 768 461.
285 733 332 768 A.
353 752 409 757 —-
439 734 530 768 462.
561 731 602 768 B.
642 731 861 780 Respondet
891 732 956 768 ille
986 731 1058 768 sibi
1090 744 1173 768 eam
1203 731 1325 769 videri
1356 745 1432 768 non

89 791 210 825 artem
239 800 341 833 esse,
379 787 445 825 sed
474 800 587 825 usum
617 789 807 838 quendam
837 788 1109 825 exercitatione
1147 788 1347 826 collectum
1377 792 1433 826 at-

88 856 162 894 que
200 844 376 893 peritiam
414 844 559 892 gratiae
599 849 637 881 ct
676 845 885 894 voluptatis
925 845 1201 890 conciliandae,
1250 851 1294 882 ut
1331 845 1432 883 inter

88 900 318 938 adulationis
348 901 526 938 instituta
554 902 787 938 numeranda
818 902 878 939 sit.
918 903 1012 938 Esse
1034 906 1162 939 antem
1191 915 1274 938 eam
1305 906 1433 939 censet

88 956 211 994 civilis
239 957 396 995 rationis
426 957 655 1007 (πολιτικῆς)
694 958 904 1006 particulae
944 958 1187 995 simulacriun
1230 959 1434 995 admodum

87 1018 210 1062 turpe.
247 1014 288 1051 P.
322 1017 412 1050 462.
443 1014 485 1051 B.
516 1036 570 1039 —
601 1018 692 1051 463.
723 1015 768 1051 D.
828 1014 934 1055 Quae
965 1016 1155 1052 sententia
1186 1028 1310 1065 neque
1340 1016 1433 1052 Polo

85 1070 284 1119 perspicua
312 1075 371 1108 est
400 1077 438 1108 ct
467 1070 630 1118 Gorgiae
660 1071 732 1120 ipsi
772 1078 850 1109 tam
880 1072 976 1109 mira
1013 1072 1185 1117 videtur,
1225 1079 1268 1109 ut
1297 1085 1381 1109 cam
1411 1085 1434 1108 a

86 1126 240 1164 Socrate
279 1127 406 1176 cupiat
456 1127 660 1164 dilucidius
701 1128 894 1177 explicari.
983 1129 1119 1178 ltaque
1159 1129 1332 1166 Socrates
1381 1128 1435 1166 sic

86 1183 210 1232 pergit
240 1183 445 1233 disputare.
505 1184 614 1220 Duae
644 1190 744 1231 suut,
777 1186 922 1235 inquit,
954 1186 1072 1222 nostri
1102 1190 1250 1234 partes,
1283 1185 1433 1222 animus

87 1243 127 1277 et
155 1253 310 1289 corpus:
351 1253 399 1277 ex
429 1240 567 1291 quibus
607 1241 760 1291 utrique
799 1255 865 1278 sua
906 1248 961 1279 est
992 1242 1192 1287 valetudo,
1233 1243 1295 1279 vel
1334 1243 1434 1279 bona

86 1296 153 1333 illa
181 1300 297 1347 atquc
335 1310 515 1346 prospera
556 1297 618 1335 vol
656 1298 757 1334 mala
796 1304 832 1335 et
871 1311 993 1346 aegra.
1053 1299 1265 1349 Utriusque
1305 1304 1433 1336 autem

86 1353 205 1401 partis
235 1353 378 1391 sanitas
409 1353 556 1391 artibus
586 1354 813 1404 quibusdam
843 1361 967 1404 potest
997 1356 1059 1392 vel
1080 1355 1177 1392 effici
1201 1356 1263 1393 vel
1284 1360 1433 1393 susten-

85 1409 159 1446 tari
198 1414 313 1460 atque
363 1411 590 1448 conservari.
669 1411 768 1449 Sunt
818 1412 918 1448 enim
967 1425 1064 1462 quae
1115 1425 1250 1461 corpus
1298 1425 1434 1450 sanum

86 1471 301 1514 praestent,
353 1473 442 1504 sunt
480 1467 595 1505 etiam
635 1481 732 1518 quae
773 1468 888 1505 animi
930 1469 1136 1506 sanitatem
1175 1473 1357 1506 tueantur
1395 1474 1433 1508 et

85 1522 301 1561 restituant.
340 1524 392 1561 Et
421 1536 505 1560 eam
534 1524 688 1574 quidem
718 1529 849 1570 artem,
881 1538 978 1576 quae
1008 1526 1054 1562 ad
1085 1525 1255 1563 animum
1274 1528 1433 1575 spectat,

88 1578 293 1616 civilem
324 1577 555 1630 (πολιτικήν)
586 1581 754 1629 appell0;
795 1582 898 1618 illam
929 1595 1039 1624 vero,
1080 1595 1177 1632 quae
1218 1583 1265 1619 ad
1296 1596 1432 1632 corpus

86 1635 271 1681 refertur,
311 1649 387 1673 non
416 1649 569 1685 possum
609 1637 662 1673 sic
691 1650 766 1674 uno
796 1639 948 1675 nomine
988 1639 1326 1687 comprehendere,
1367 1640 1433 1677 sed

87 1691 252 1741 corporis
272 1692 490 1738 curationis,
521 1706 618 1743 quac
640 1706 715 1730 una
736 1699 805 1739 est,
836 1695 930 1731 duas
951 1708 1049 1744 pono
1070 1696 1289 1744 particulas,
1317 1709 1433 1734 unam

88 1752 208 1785 artem
237 1749 619 1798 gymnasticani,
650 1751 888 1788 medicam
918 1752 1088 1789 alteram.
1140 1752 1273 1790 Civilis
1304 1757 1434 1790 autem

86 1804 246 1856 nationis
284 1805 417 1843 itidem
456 1806 549 1842 duas
589 1806 760 1843 discerno
798 1812 947 1856 partes,
989 1822 1105 1845 unam
1144 1813 1264 1846 artem
1305 1810 1433 1857 legum

86 1860 389 1908 scribendarum,
431 1875 529 1912 quae
560 1876 607 1899 ex
638 1863 759 1900 altera
788 1868 895 1913 parte
925 1866 1128 1914 respondet
1158 1867 1431 1916 gymnasticae,

83 1917 242 1955 alteram
272 1918 470 1956 seientiam
499 1919 726 1966 iudicialem,
756 1922 1048 1970 respondentem
1079 1923 1183 1959 illam
1209 1923 1431 1961 medicinae.

82 1974 135 2011 Et
171 1974 244 2012 hae
283 1975 437 2025 quidem
477 1981 577 2013 artes
616 1990 704 2014 vere
744 1983 878 2015 curant
917 1979 977 2015 vel
1009 1980 1172 2028 eorporis
1211 1980 1274 2017 vel
1315 1980 1430 2017 animi

81 2030 255 2068 salutem.
315 2032 389 2069 Sed
418 2032 464 2068 iis
492 2033 756 2071 fraudulenter
785 2047 824 2071 se
854 2035 1060 2072 admiscere
1090 2036 1214 2073 solent
1243 2040 1427 2086 quattuor

82 2086 245 2124 artificia
274 2088 321 2124 ab
351 2088 569 2126 adulatione
600 2090 790 2138 profecta,
821 2104 918 2141 quae
950 2106 1025 2128 non
1056 2093 1220 2130 salutem
1249 2093 1426 2139 hominis,

81 2143 148 2180 sed
175 2144 415 2193 voluptatem
444 2149 629 2193 spectant,
660 2160 784 2196 neque
814 2148 961 2185 ratione
992 2152 1059 2185 aut
1087 2149 1168 2186 veri
1200 2149 1427 2197 cognitione,

82 2200 146 2236 sed
176 2200 254 2237 solo
284 2214 357 2237 usu
388 2205 427 2238 et
455 2202 729 2240 exercitatione
773 2203 961 2241 nituntur.
1020 2205 1120 2241 Nam
1159 2206 1231 2243 arti
1261 2206 1429 2255 medicae

83 2254 259 2294 adiunxit
287 2257 456 2295 adulatio
496 2271 703 2308 coquorum
731 2260 953 2307 artificium,
993 2261 1253 2310 gymnasticae
1284 2262 1431 2302 addidit

82 2323 312 2360 mangonum
340 2314 504 2359 fraudes,
536 2314 601 2364 qui
633 2315 793 2352 colorem
822 2317 909 2352 fuco
946 2320 984 2354 et
1014 2331 1148 2354 verum
1176 2320 1292 2356 robur
1321 2319 1427 2357 inani

83 2367 214 2415 sagina
241 2370 500 2415 mentim1tur;
542 2371 613 2408 arti
647 2372 758 2419 legali
790 2372 926 2410 adiecit
956 2373 1221 2422 sophisticam;
1262 2376 1427 2427 denique

82 2423 256 2462 iustitiae
292 2426 507 2463 rhetoricen
548 2427 724 2465 comitem
764 2428 920 2466 addidit.
978 2429 1085 2469 Quae
1124 2431 1155 2468 si
1193 2445 1286 2469 vera
1324 2436 1426 2479 sunt,

87 2485 244 2528 apparet
272 2482 566 2520 rhetoricen
606 2498 713 2521 esse
744 2485 962 2533 speeiem
991 2488 1135 2536 quasi
1174 2490 1427 2538 quandam

83 2540 236 2586 atque
267 2539 483 2575 umbram
513 2540 763 2578 scientiae
794 2541 953 2587 illius,
985 2556 1104 2593 quae
1135 2543 1184 2581 in
1216 2544 1427 2584 iustitia

87 2593 297 2629 colenda
327 2596 613 2645 tuendaque
643 2602 901 2643 versatur,
933 2599 1262 2638 mentientem
1290 2602 1426 2639 illam

87 2654 237 2699 atque
268 2662 371 2686 cum
400 2651 578 2689 fraude
620 2653 942 2691 simulantem
982 2669 1132 2694 verae
1163 2658 1291 2695 artis
1332 2658 1426 2695 vir-

87 2709 224 2743 tutes
255 2711 406 2756 atque
443 2707 760 2756 dignitatem.
820 2709 1008 2750 Quoniam
1047 2718 1176 2751 autem
1214 2714 1286 2753 hae
1325 2718 1425 2754 artes
