1687 2969
223 112 302 152 136
703 107 1085 149 PLATONIS

220 244 274 278 νη
311 234 557 277 ποιητικοῖς
594 241 677 268 τισι
713 224 783 267 διὰ
825 226 1027 280 Φαῖδρον
1074 226 1298 279 εἰρῆσθαι.
1336 223 1451 267 ἀλλὰ
1489 226 1575 267 τῶν

219 298 445 348 προτέρων
490 309 536 335 τε
581 291 840 347 συγγνώμην
874 294 946 334 καὶ
982 293 1116 334 τῶνδε
1147 288 1278 347 χάριν
1313 293 1420 347 ἔχων
1454 289 1577 347 εὐμε-

222 358 302 412 νὴς
337 361 410 401 καὶ
449 362 570 409 ἵλεως
606 358 689 411 τὴν
724 358 932 414 ἐρωτικήν
978 375 1056 414 μοι
1090 362 1266 413 τέχνην,
1311 356 1367 410 ἣν
1401 360 1577 409 ἔδωκας,

219 427 329 481 μήτε
353 425 493 486 ἀφέλῃ
511 427 620 482 μήτε
642 424 844 485 πηρώσῃς
879 424 932 468 δι’
978 423 1128 480 ὀργήν,
1148 427 1268 468 δίδου
1307 424 1343 467 δ’
1386 427 1449 467 ἔτι
1466 427 1578 480 μᾶλ-

220 496 303 537 λον
338 491 364 545 ἢ
401 495 483 536 νῦν
518 492 638 550 παρὰ
678 501 771 543 τοῖς
804 495 954 542 καλοῖς
974 497 1118 546 τίμιον
1139 492 1263 535 εἶναι.
1288 493 1349 545 τῷ
1372 490 1578 548 πρόσθεν

221 560 260 603 δ’
316 560 355 603 εἴ
395 577 438 602 τι
484 560 598 616 λόγῳ
647 576 717 603 σοι
766 559 936 611 ἀπηνὲς
974 560 1151 614 εἴπομεν
1190 556 1388 614 Φαῖδρος
1423 575 1468 601 τε
1503 560 1577 601 καὶ

219 626 328 683 ἐγώ,
359 630 534 670 Λυσίαν
570 627 649 670 τὸν
684 630 761 670 τοῦ
798 626 933 679 λόγου
971 631 1142 683 πατέρα
1172 623 1431 681 αἰτιώμενος
1466 627 1578 668 παῦε

220 697 310 737 τῶν
361 694 576 737 τοιούτων
621 698 786 748 λογων,
835 696 903 736 ἐπὶ
949 697 1224 753 φιλοσοφίαν
1259 696 1325 744 δέ,
1377 690 1517 747 ὥςπερ
1554 692 1577 735 ὁ

220 758 416 819 ἀδελφὸς
451 761 590 804 αὐτοῦ
630 764 920 816 ΙΙολὲμαρχος
966 764 1234 814 τέτραπται,
1271 764 1461 819 τρέψον,
1505 764 1578 802 ἵνα

220 832 292 870 καὶ
330 827 351 870 ί)
376 827 576 883 «ἐραστὴς
612 828 684 871 ὅδε
706 827 843 870 αὐτοῦ
876 831 1023 883 μηκέτι
1055 828 1393 886 ἐπαμφοτερίζῃ,
1428 828 1581 870 καθἀ-

223 912 301 950 step
342 898 443 945 νῦν,
489 895 587 938 ἀλλ’
642 893 791 944 ἁπλῶς
834 894 945 951 πρὸς
968 893 1141 949 ”Epona
1177 892 1286 949 μετὰ
1322 891 1580 953 ([ιλοσόᾳων

220 963 361 1017 λογων
396 961 476 1004 τὸν
513 965 611 1019 βίον
648 964 843 1014 ποιῆται.

314 1097 355 1135 st)
374 1108 389 1124 ν
423 1094 638 1134 ἑρωιικῇν
670 1107 743 1136 μοι
778 1095 850 1133 ἰἑχ
863 1094 954 1136 νην]
983 1094 1040 1124 Sic
1068 1093 1142 1124 vat.
1172 1093 1253 1125 Yen.
1279 1091 1313 1122 [Ι
1340 1090 1440 1123 Bodl.
1465 1095 1499 1122 et
1527 1091 1580 1122 alii

221 1142 329 1173 inulti.
357 1140 394 1174 V,
425 1140 484 1181 zis‘v
507 1152 568 1182 μοι
593 1141 641 1181 ἐρ.
669 1153 700 1173 1.
759 1139 842 1171 Dein
875 1143 960 1172 vett.
993 1138 1088 1170 editt.
1123 1137 1290 1177 (δέδωκας,
1324 1135 1414 1177 quod
1447 1136 1527 1167 item
1564 1145 1583 1166 e

221 1186 320 1220 Bodl.
349 1190 384 1218 et
415 1196 480 1218 non
506 1186 621 1228 paucis
648 1185 723 1216 aliis
745 1189 952 1217 correctum.
1002 1185 1071 1216 Pro
1097 1183 1130 1216 δ’
1159 1185 1205 1215 ἔτι
1233 1185 1335 1224 vulgo
1362 1185 1435 1216 erat
1457 1180 1494 1213 τ’
1519 1182 1582 1221 ἔτι,

219 1232 331 1264 invitis
357 1231 457 1265 codd.
486 1231 694 1264 melioribus.

318 1278 356 1310 Β.
405 1281 463 1319 τῷ
487 1276 687 1318 πρόσθεν
713 1276 777 1318 ——]
806 1277 904 1319 Vulg.
932 1277 964 1307 ἒν
988 1280 1033 1320 τῷ
1058 1288 1113 1318 πρ.

221 1327 297 1355 tunt
323 1323 422 1357 ssodl.
450 1322 651 1356 AHDGN
668 1322 777 1354 OPT
804 1323 913 1356 Florr.
939 1333 971 1364 g.
997 1322 1026 1354 h.

1163 1273 1461 1317 Praepositionem
1479 1272 1582 1305 omit-

222 1425 311 1454 mus‚
339 1424 427 1455 quae
452 1414 485 1446 in
512 1412 697 1446 Phaedone
723 1425 753 1447 v.
781 1426 808 1446 c.
836 1418 871 1446 et

221 1460 254 1491 in
287 1460 412 1492 Politia
456 1464 659 1499 occurrunt,
701 1460 748 1491 sic
788 1470 869 1492 vero

221 1505 320 1537 nobis
357 1507 389 1537 in
428 1505 582 1537 Phaedro
621 1505 777 1538 iuvenilis
810 1516 870 1537 an-

222 1552 327 1583 ctoris
346 1552 442 1593 vigor
461 1551 649 1593 apparebit.
695 1550 768 1583 Nee
784 1562 867 1583 vero

222 1596 372 1629 diffiteor
396 1597 476 1628 vitia
504 1596 578 1628 hinc
604 1597 706 1628 etiam
733 1602 871 1628 contra-

222 1643 314 1674 xisse
341 1643 529 1682 dialogum.
580 1642 646 1676 Qui
673 1642 759 1674 enim
786 1642 872 1674 ordo

223 1689 253 1719 in
293 1688 499 1730 Symposio,
531 1688 563 1719 in
601 1687 806 1728 Phaedone,
841 1689 871 1720 in

222 1734 296 1765 aliis
325 1733 512 1776 philosophi
540 1734 676 1775 scriptis
702 1733 873 1775 perfectus

222 1783 276 1810 est
292 1779 375 1818 sere„
394 1779 605 1811 desideratur
633 1780 688 1811 ille
708 1780 739 1811 in
763 1779 872 1812 Phae-

222 1825 301 1857 dro.
349 1825 463 1856 Dictio
488 1825 593 1863 item,
619 1826 709 1866 qnod
736 1830 871 1857 veteres

222 1869 532 1912 reprehenderunt,
560 1871 610 1901 sic
638 1870 761 1911 migrat
785 1871 869 1902 sub-

221 1915 300 1948 inde
336 1925 459 1955 prosae
491 1915 652 1947 orationis
687 1916 792 1955 fines,
833 1920 869 1947 ut

221 1962 359 2003 poetica
384 1965 484 2003 atque
509 1960 599 1992 adeo
624 1960 868 2001 dithyrambica

220 2007 388 2039 videatur.
443 2006 512 2039 Sed
546 2006 624 2038 vitia
659 2006 743 2038 haec
775 2007 869 2039 inve-

220 2053 298 2085 nilis
332 2052 601 2094 luxuriantisque
632 2052 754 2093 ingenii
795 2052 868 2093 quis

223 2102 277 2131 est
294 2097 382 2130 adeo
401 2108 556 2139 severus,
582 2098 659 2139 quin
677 2097 751 2129 huic
766 2097 869 2130 aetati

220 2144 377 2186 ignoscat
386 2143 432 2176 ‘3⁶‘
444 2163 488 2167 —
501 2144 599 2176 Haec
612 2144 715 2185 igitur
730 2143 759 2175 H
775 2153 867 2176 eus-

221 2189 332 2230 diuS‚
351 2190 410 2231 qui
428 2189 490 2222 hac
507 2189 585 2222 inre
603 2188 870 2221 cumSchlei-

221 2235 473 2268 ermachero
515 2235 695 2267 consentit.
765 2234 870 2267 Mira-

221 2290 297 2312 mur
327 2291 409 2313 vero
455 2280 608 2313 homines
651 2281 870 2312 acutissimos

220 2325 320 2358 huius
348 2326 413 2358 loci
438 2325 543 2359 fuisse
568 2327 813 2366 immemores,
839 2326 871 2357 i11

219 2381 287 2412 quo
328 2371 509 2403 Platonem
556 2372 708 2404 videmus
751 2375 871 2414 aperte

222 2416 373 2458 profiteri
402 2416 581 2449 Socratem
604 2417 647 2448 ab
672 2428 710 2449 se
733 2417 870 2459 poetice

221 2461 451 2504 disputantem
507 2462 674 2494 introduci
725 2462 869 2495 Phaedri

221 2507 340 2548 gratia.
390 2507 556 2540 Nimirum
589 2512 733 2550 propter
757 2508 870 2540 Phae-

222 2553 320 2586 drum
362 2563 439 2585 sese
481 2554 618 2585 simulat
650 2554 713 2586 hoc
743 2564 871 2595 genere

222 2598 354 2631 dicendi
392 2608 490 2631 usum
529 2609 626 2639 esse,
670 2610 772 2641 quum
816 2609 870 2632 re-

223 2654 298 2676 rum
334 2643 482 2686 ipsarum
518 2644 712 2677 sublimitas
739 2650 774 2677 et
797 2656 870 2677 nia—

223 2690 426 2732 gnificentia,
452 2690 494 2722 ad
521 2700 619 2731 quani
647 2691 869 2731 colloquentis

937 1414 1085 1446 animum
1113 1423 1131 1444 a
1158 1412 1286 1453 vulgari
1319 1411 1446 1442 amoris
1472 1410 1583 1442 hnmi-

939 1460 1033 1492 litate
1069 1458 1239 1489 sublatum
1290 1455 1434 1488 evehere
1467 1456 1585 1496 voluit,

938 1506 1049 1547 ipsum
1089 1504 1242 1543 coegerit
1283 1503 1383 1533 etiam
1427 1502 1582 1533 oratione

938 1552 986 1582 uti
1031 1560 1090 1589 ea,
1135 1559 1222 1589 quae
1263 1548 1308 1580 illi
1351 1547 1586 1588 responderet.

941 1596 1011 1628 Sed
1038 1595 1177 1637 respicit
1200 1593 1312 1625 facete
1329 1599 1363 1624 et
1389 1593 1518 1625 urbane
1542 1592 1584 1623 ad

939 1643 996 1674 illa
1023 1640 1168 1673 Phaedri
1187 1651 1219 1682 p.
1236 1638 1313 1672 234.
1327 1639 1365 1672 C.
1380 1640 1416 1669 τί
1434 1651 1488 1670 σοι
1504 1640 1586 1680 φαί-

939 1700 1034 1718 νεται
1061 1685 1077 1717 ὁ
1106 1685 1219 1729 λόγος,
1245 1681 1269 1717 ὦ
1289 1683 1494 1726 Zmyrnae,-
1521 1682 1584 1723 οὐχ

939 1732 1120 1774 ὑπερφυῶς
1153 1731 1195 1763 τά
1227 1743 1262 1762 τε
1298 1730 1386 1761 ἄλλα
1420 1731 1477 1760 καὶ
1514 1733 1586 1764 τοῖς

940 1778 1108 1821 ὀνόμασιν
1135 1777 1324 1819 εἰρῆσθαις
1373 1775 1485 1813 Quam
1524 1775 1585 1813 igli-

939 1829 994 1856 tur
1018 1825 1050 1855 in
1078 1823 1222 1855 Platone
1243 1820 1493 1863 reprehendunt
1510 1830 1586 1851 ora-

937 1869 1037 1902 tionis
1077 1869 1131 1900 vel
1167 1868 1357 1900 libertatem
1400 1867 1452 1898 vel
1487 1867 1586 1897 luxu-

938 1915 1041 1955 riam,
1079 1924 1120 1945 ea
1154 1918 1284 1945 tantum
1322 1912 1420 1943 abest
1464 1916 1500 1942 nt
1543 1912 1585 1942 ab

937 1961 1012 2002 ipso
1055 1969 1122 1991 non
1160 1960 1205 1991 sit
1243 1957 1498 1994 animadversa,
1550 1962 1588 1988 nt.

936 2006 1042 2048 ipsius
1068 2005 1256 2047 argumenti
1290 2004 1396 2046 gratia
1429 2001 1585 2034 studiose

938 2051 1089 2093 quaesita
1115 2051 1282 2084 rideatur.
1331 2049 1449 2090 Itaque
1478 2058 1520 2079 ne
1546 2048 1586 2079 il-

938 2096 995 2130 lud
1030 2095 1168 2138 quidem
1203 2096 1277 2128 hinc
1309 2093 1515 2127 concludere
1546 2095 1588 2124 li-

939 2143 1050 2182 eebit,
1092 2143 1256 2184 scriptum
1296 2151 1373 2172 esse
1411 2139 1529 2171 librum
1567 2149 1588 2170 a

938 2188 1086 2220 Platone
1127 2188 1368 2225 adolescente3
1404 2185 1465 2216 nisi
1498 2183 1587 2216 sorte

939 2233 1146 2266 contendere
1187 2232 1270 2265 velis
1303 2231 1471 2272 ingenium
1505 2230 1588 2261 virili

939 2284 1053 2312 aetate
1078 2279 1143 2320 ipsi
1168 2278 1275 2310 fuisse
1299 2269 1588 2309 adeo'intermor-

939 2330 1053 2365 tuum,
1079 2329 1116 2356 ut
1144 2334 1186 2356 ne
1211 2328 1282 2356 tum
1307 2321 1456 2364 quidem,
1481 2331 1584 2362 qnum

937 2370 1012 2412 ipse
1037 2371 1163 2407 vellet.
1200 2380 1240 2402 eo
1273 2370 1305 2401 in
1330 2367 1513 2399 scribendo
1538 2367 1585 2398 uti

939 2415 1099 2458 potuerit.
1156 2414 1255 2448 Quae
1297 2424 1379 2445 sane
1418 2413 1584 2445 sententia

937 2462 1040 2495 fuerit
1065 2460 1286 2503 perabsurda.

984 2527 1095 2572 παρὰ
1128 2532 1223 2566 τοῖς
1254 2528 1407 2562 καλοῖς
1432 2527 1586 2569 τίμιον

938 2575 1076 2617 εἶναι]
1111 2580 1147 2607 ut
1179 2575 1270 2617 apud
1297 2576 1435 2616 pulcros
1461 2573 1522 2603 sim
1553 2572 1583 2603 in

938 2621 1075 2654 honore.

985 2689 1022 2720 Β,
1072 2688 1147 2719 τὸν
1182 2692 1259 2719 τοῦ
1294 2687 1430 2730 λόγου
1455 2691 1581 2719 πατέ-
