1687 2969
623 159 903 198 -GV-

78 286 194 328 esse,
234 271 352 329 quod
381 271 437 314 ad
466 270 703 329 sapientiae
743 271 933 314 studium
963 273 1350 316 commendandum
1380 280 1423 316 et

81 330 135 372 ab
166 330 377 372 immerito
408 334 630 371 contemtu
659 328 967 371 vindicandum
990 330 1211 373 efficacius
1236 331 1423 387 ideoque

77 386 185 443 ipsis
225 386 493 444 temporibus
535 385 863 429 convenientius
894 387 1029 429 fuisse
1068 387 1253 429 iudicari
1291 404 1419 444 opor-

75 443 194 485 teat?
259 444 352 486 Iam
389 458 491 485 vero
530 442 586 484 ad
624 442 732 484 haec
770 444 898 485 etiam
937 443 1055 485 aliud
1094 444 1198 500 quid
1238 444 1420 499 accedit,

81 501 199 558 quod
226 502 272 544 in
301 501 383 543 hac
412 514 566 542 caussa
595 500 790 556 profecto
821 517 907 543 non
945 501 1086 543 minus
1129 500 1307 558 dignum
1356 508 1424 543 est

80 559 280 616 diligenti
311 556 693 600 animadversione.
754 558 1003 615 Viguerunt
1038 557 1164 611 enim,
1193 558 1320 600 sicuti
1339 559 1424 601 iarn

80 627 206 658 antea
225 613 619 668 animadvertimus,
651 614 724 655 illa
748 620 888 657 aetate
910 614 1055 656 studia
1079 616 1264 658 oratoria
1286 615 1425 657 Athe-

78 673 146 715 nis
179 672 301 727 adeo,
330 677 381 713 ut
409 671 462 712 iis
494 671 591 713 unis
622 671 754 728 vulgo
785 673 995 714 maximus
1020 672 1160 714 honos
1179 672 1423 714 haberetur.

81 729 254 786 Quippe
285 728 402 785 capti
432 734 554 769 erant
594 727 874 784 plurimorum
916 729 1137 771 hominum
1185 729 1315 771 animi
1360 744 1427 770 re-

84 787 283 829 centibus
313 785 407 828 istis
437 785 626 836 artibus,
672 786 829 840 quibus
871 787 1054 828 orationi
1096 787 1250 828 mirum
1289 801 1426 841 quan-

80 849 173 885 tum
202 841 476 896 subtilitatis,
517 843 682 899 gratiae
713 849 756 884 et
785 844 1023 886 venustatis
1055 843 1277 886 conciliari
1305 842 1427 884 vide-

78 906 208 942 retur.
278 899 532 954 Occupatae
568 899 672 940 item
700 900 931 942 multorum
961 907 1126 942 mentes
1157 906 1279 942 erant
1308 899 1428 956 cogi-

79 958 244 999 tatione
282 956 592 1012 magnitudinis
634 952 980 1011 commodorum,
1029 972 1139 1012 quae
1179 973 1232 999 ex
1272 956 1428 998 iisdem

81 1015 166 1056 illis
197 1013 438 1055 redundare
476 1018 679 1069 possent,
728 1014 887 1070 quippe
919 1030 1051 1069 quum
1082 1030 1164 1070 ope
1195 1029 1340 1055 earum
1371 1013 1427 1054 ad

80 1071 284 1114 maiorem
314 1069 543 1126 quamdam
572 1070 616 1111 in
637 1071 859 1127 republica
879 1072 1075 1127 gratiam,
1108 1071 1425 1124 auctoritatem,

80 1127 319 1185 potentiam
349 1126 550 1182 denique,
581 1128 807 1182 pervenire
830 1128 993 1170 liceret.
1053 1128 1122 1170 Ac
1145 1128 1428 1171 trahebantur

81 1185 210 1227 etiam
240 1183 412 1240 plurimi
443 1182 586 1225 studio
617 1183 759 1226 laudis
791 1190 921 1240 atque
955 1186 1118 1241 gloriae
1147 1184 1248 1226 inde
1276 1184 1331 1225 ad
1352 1184 1430 1226 do-

81 1242 245 1284 ctrinae
271 1246 315 1283 et
338 1239 595 1282 eruditionis
626 1241 782 1282 famam
808 1242 1043 1295 nascentis,
1074 1242 1109 1283 si
1143 1241 1317 1297 quidem
1345 1241 1428 1283 sibi

80 1298 340 1341 videbantur
368 1303 488 1338 tanto
509 1297 725 1340 doctiores
747 1304 790 1339 et
813 1298 1090 1341 humanitatis
1115 1299 1234 1340 cultu
1255 1298 1430 1354 politio—

82 1371 151 1398 res
181 1354 354 1397 extituri
384 1369 504 1408 esse,
547 1361 710 1409 quanto
742 1355 979 1397 studiosius
1012 1355 1251 1398 rhetoricae
1284 1355 1428 1397 dedis-

83 1418 180 1455 sent
210 1427 384 1468 operam
424 1417 467 1452 et
504 1411 703 1468 legendis
739 1411 1022 1455 audiendisve
1064 1413 1331 1455 orationibus
1373 1411 1429 1453 ad

82 1469 187 1511 artis
221 1475 264 1510 et
291 1468 457 1525 ingenii
488 1469 823 1511 ostentationem
863 1470 1122 1526 comparatis
1163 1484 1429 1525 occuparen-

80 1533 165 1568 tur.
218 1525 394 1582 Quippe
420 1526 609 1581 grassari
623 1531 715 1567 tum
740 1526 868 1568 etiam
890 1537 1119 1583 occeperat
1137 1527 1429 1583 intemperans

83 1582 302 1639 quoddam
326 1581 550 1624 lectitandi
581 1582 797 1637 studium,
830 1583 947 1638 quod
977 1586 1117 1626 tacete
1146 1584 1285 1640 carpit
1313 1583 1431 1625 Ari-

84 1639 337 1696 stophan.
382 1639 521 1680 Rann.
553 1656 594 1681 v.
634 1640 759 1681 1125.
800 1641 979 1693 βιβλίον
1020 1641 1050 1681 τ’
1099 1643 1205 1696 ἔχων
1249 1646 1433 1689 ἕκαστος

82 1695 311 1752 μανῦάνει
341 1694 394 1737 τὰ
424 1693 569 1751 δεξιά,
602 1713 639 1738 κ.
672 1714 707 1737 τ.
739 1699 778 1739 λ.
811 1697 923 1739 cont.
955 1698 1092 1740 Plat.
1128 1697 1260 1754 Apol.
1290 1713 1333 1753 p.
1363 1698 1432 1741 26.

82 1755 140 1797 A.
207 1752 414 1809 Xenoph.
453 1753 587 1794 Mem.
626 1754 707 1795 IV.
753 1756 792 1796 2.
834 1756 859 1796 8
910 1770 1004 1810 sqq.
1076 1755 1233 1812 Diog.
1281 1755 1430 1797 Laert.

83 1810 190 1852 VII.
222 1811 262 1852 3.
293 1810 378 1852 IX.
411 1810 451 1864 5,
473 1811 541 1852 47.
573 1811 916 1853 collBoeckh.
942 1811 1108 1854 Oecon.
1133 1812 1271 1854 Attic.
1310 1811 1345 1852 I.
1386 1828 1429 1868 p.

83 1869 152 1910 68.
185 1883 278 1923 sqq.
319 1866 388 1909 ed.
428 1869 467 1909 2.
542 1867 770 1910 Becker.
814 1867 1006 1910 Charikl.
1046 1869 1082 1911 I.
1121 1886 1163 1925 p.
1196 1869 1294 1912 210.
1335 1883 1430 1923 sqq.

83 1925 164 1980 qui
191 1924 253 1966 ibi
281 1923 334 1966 de
365 1940 411 1966 re
440 1924 615 1967 libraria
642 1925 831 1967 breviter
860 1932 1166 1982 exposuerunt.
1225 1926 1296 1967 Ita
1325 1941 1430 1967 vero

82 1983 245 2024 factum
276 1987 363 2035 est,
395 1987 465 2035 ut,
506 1981 634 2023 sicuti
666 1982 727 2023 ait
754 1982 994 2037 Isocrates,
1034 1982 1208 2025 dicendi
1236 1983 1347 2024 ratio
1380 1997 1431 2023 ac

86 2038 314 2095 disciplina
345 2038 460 2095 apud
489 2039 781 2081 Athenienses
814 2039 999 2082 eundem
1029 2040 1245 2082 obtineret
1290 2039 1432 2096 digni-

84 2095 187 2137 tatis
217 2095 376 2149 locum,
410 2111 538 2150 quem
568 2096 685 2152 apud
716 2096 955 2152 Spartanos
979 2113 1048 2139 ars
1076 2097 1230 2139 bellica
1252 2103 1294 2138 et
1315 2095 1432 2152 apud

87 2151 320 2193 Thessalos
362 2152 587 2207 equitandi
625 2154 779 2209 peritia
818 2155 1147 2210 occupavisset3
1195 2154 1265 2195 De
1306 2153 1433 2194 Anti·-

89 2207 180 2250 dos.
210 2225 252 2264 p.
283 2210 382 2250 411.
415 2224 479 2263 sq.
511 2209 578 2251 ed.
610 2210 750 2252 Bekk.
820 2211 944 2252 Haec
976 2216 1119 2252 autem
1151 2226 1284 2265 quum
1317 2215 1433 2251 esset

87 2279 228 2306 rerum
267 2265 480 2320 conditio,
538 2273 653 2308 certe
691 2274 1033 2309 consentaneum
1083 2273 1150 2308 est
1188 2267 1431 2320 Platonem,

91 2321 163 2375 qui
177 2336 271 2363 sese
293 2328 432 2364 totum
446 2323 746 2380 philosophiae
778 2324 937 2366 dedere
957 2324 1136 2378 eiusque
1161 2339 1334 2366 causam
1357 2323 1434 2365 do-

89 2376 227 2418 cendo
256 2378 460 2421 adiuvare
492 2381 807 2434 constituisset,
840 2381 1047 2436 imprimis
1080 2381 1207 2423 etiam
1237 2381 1320 2423 hoc
1351 2380 1433 2422 sibi

91 2433 304 2490 agendum
332 2435 607 2491 iudicavisse,
639 2444 688 2479 ut
718 2454 806 2480 non
835 2437 964 2479 modo
996 2437 1323 2495 intelligeretur,
1357 2453 1434 2479 cur

89 2490 182 2546 ipse
215 2490 358 2532 studia
386 2493 685 2550 philosophiae
717 2495 915 2536 oratoriis
948 2494 1102 2537 studiis
1136 2500 1431 2551 anteponeret,

90 2562 240 2588 verum
280 2548 406 2589 etiam
446 2552 766 2606 perspiceretur
807 2567 936 2606 quam
975 2551 1234 2605 clarissime,
1282 2551 1433 2593 lauda-

92 2604 302 2645 tissimam
334 2611 377 2645 et
405 2607 583 2648 multum
616 2609 850 2663 expetitam
881 2614 1015 2650 artem
1045 2609 1298 2663 neutiquam
1323 2608 1434 2649 tanti

91 2660 403 2702 aestimandam
443 2678 562 2717 esse,
614 2666 765 2720 quanti
803 2665 971 2721 vulgari
1011 2666 1230 2708 hominum
1272 2664 1434 2707 iudicio

93 2717 403 2760 aestimaretur.
471 2718 601 2772 Quod
638 2722 781 2777 ipsum
811 2721 991 2764 alterum
1029 2728 1114 2777 est,
1157 2722 1273 2778 quod
1312 2721 1350 2763 ei
1390 2720 1434 2762 in
