1687 2969
447 173 519 210 AD
550 172 792 211 GORGIAM
821 173 1090 210 PLATONIS.
1421 177 1443 209 9

183 286 344 327 Quaerit
373 286 475 324 enim
514 299 563 323 ex
602 298 645 323 eo
675 285 925 334 Chaerephon
956 285 1121 323 Socratis
1162 286 1339 330 hertam,
1380 298 1444 322 ve-

97 357 232 381 rumne
263 343 329 390 sit,
369 344 470 394 quod
509 346 596 380 ante
626 342 840 379 narraverit
870 342 1064 387 Callicles,
1106 355 1193 379 eum
1229 343 1277 379 ad
1307 341 1445 387 omnia,

97 413 194 451 quae
224 400 310 451 quis
339 400 566 447 interroget,
604 399 831 447 respondere
871 412 990 447 posse.
1050 399 1231 436 Affirmat
1268 399 1332 435 ille
1363 412 1444 435 rem

94 456 318 505 gravissime
348 457 478 507 aitque
506 456 619 493 licere
649 455 764 491 huius
793 454 846 492 rei
869 468 1002 504 capere
1029 455 1252 504 periculum.
1300 456 1340 492 P.
1365 456 1442 492 447

97 535 153 540 ——
170 517 263 550 448.
293 515 340 550 A.

181 570 256 607 Hic
285 582 376 607 vero
396 569 523 615 Polus,
554 568 717 615 Gorgiae
739 567 883 605 amicus
904 571 943 605 ct
962 567 1173 614 familiaris,
1204 567 1444 615 magistrum,

97 626 365 664 deolamitandi
385 626 513 662 labore
543 625 759 672 fatigatum,
790 625 1012 674 disputandi
1043 637 1155 661 onere
1177 625 1375 662 levaturus
1407 629 1446 662 et

95 696 203 720 suam
222 682 343 732 ipsius
370 685 501 727 artem,
532 684 576 719 ut
596 681 761 727 videtur,
796 685 1073 727 ostentaturus,
1104 694 1143 718 se
1164 684 1342 730 paratum
1362 694 1445 718 esse

96 739 151 777 ait
179 740 227 776 ad
255 742 382 789 partes
419 739 521 775 illius
559 738 831 787 suscipiendas.
891 738 1058 775 Miratur
1087 738 1337 787 Chaercphon
1378 738 1444 774 ho-

95 795 208 833 minis
238 795 526 841 confidentiam,
566 795 630 845 qui
662 808 702 832 se
732 799 858 844 speret
888 794 1070 842 magistro
1099 794 1236 831 melius
1274 795 1445 844 disputa-

95 856 225 890 turum
255 866 356 898 esse;
389 865 436 889 ne
465 856 594 889 tamen
625 851 659 888 ei
690 852 821 888 deesse
850 851 1045 897 videatur,
1086 864 1171 888 cum
1202 864 1245 888 eo
1276 851 1445 889 instituit

94 909 278 947 disserere
309 910 355 946 de
384 913 524 946 natura
564 913 602 946 et
630 908 668 946 vi
701 908 792 946 artis
831 908 1054 946 rhetoricae.
1115 908 1338 945 Sciscitatur
1375 908 1444 956 igi-

94 969 170 1012 tur,
201 965 399 1003 cuiusnam
428 965 522 1003 artis
553 964 712 1012 Gorgias
742 965 888 1014 peritus
919 966 968 1002 sit
1006 970 1044 1002 et
1074 978 1149 1015 quo
1180 965 1332 1002 1101111110
1362 965 1444 1014 ipse

95 1023 142 1059 ab
172 1035 217 1059 ea
245 1028 347 1060 recte
378 1022 600 1071 appelletur.
640 1022 860 1070 Respondet
881 1022 997 1059 Polus
1014 1035 1101 1058 eum
1123 1022 1291 1071 profiteri
1323 1026 1445 1059 artem

94 1079 205 1126 longe
235 1078 540 1128 pulcherrimam.
600 1077 708 1118 Quae
737 1079 931 1127 responsio
971 1079 1291 1129 quemadmodum
1321 1078 1445 1115 laudis

95 1135 209 1184 plena
247 1139 325 1182 est,
376 1135 431 1173 ita
470 1140 590 1172 artem
629 1135 823 1183 sophistae
862 1149 996 1184 parum
1037 1139 1213 1172 accurate
1252 1135 1444 1173 describit.

95 1193 233 1243 Itaque
264 1193 438 1230 Socrates
474 1193 521 1229 ad
551 1192 742 1240 Gorgiam,
774 1193 971 1229 Praeclare
1001 1205 1110 1237 vero,
1152 1192 1290 1242 inquit,
1328 1192 1445 1229 Polus

95 1262 135 1286 se
165 1249 319 1287 videtur
348 1249 394 1285 ad
424 1248 627 1285 dicendum
658 1249 934 1297 composuisse,
967 1249 1013 1285 ad
1045 1249 1139 1285 illud
1171 1255 1311 1295 tamen,
1343 1249 1445 1299 quod

92 1305 370 1353 interrogatum
408 1308 467 1342 est
505 1318 527 1342 a
556 1306 868 1354 Chaerephonte,
911 1305 1067 1342 minime
1108 1305 1305 1354 respondit
1344 1310 1443 1354 apte.

93 1362 191 1399 Nam
222 1366 343 1400 artem
372 1367 478 1399 tuam
507 1362 685 1399 laudibus
716 1362 857 1400 extulit
888 1362 1065 1407 summis,
1107 1362 1215 1413 quasi
1245 1362 1331 1413 quis
1361 1375 1445 1399 eam

93 1419 412 1468 reprehendisset,
453 1418 533 1455 eius
563 1423 741 1456 naturam
773 1424 902 1456 autem
931 1432 1008 1455 non
1038 1419 1229 1468 patefecit.
1289 1419 1444 1456 Etenim

95 1476 195 1526 quod
233 1476 358 1512 facere
404 1475 529 1512 solent
567 1476 667 1524 apud
707 1476 908 1513 Platonem
958 1476 1217 1525 sophistarum
1255 1475 1444 1525 discipuli,

94 1536 139 1569 ut
174 1545 303 1569 rerum
341 1545 482 1579 genera
520 1536 559 1569 et
588 1534 730 1569 formas
770 1533 935 1581 turpiter
973 1533 1210 1570 confundant
1250 1537 1365 1583 atquc
1403 1532 1443 1569 in

95 1588 320 1625 definiendis
349 1588 569 1625 notionibus
608 1589 766 1626 mirifice
796 1593 929 1634 ruant,
970 1589 1070 1626 idem
1107 1589 1223 1626 etiam
1254 1590 1345 1626 Polo
1385 1602 1444 1626 ac-

96 1644 207 1690 cidit,
239 1645 324 1695 qui,
355 1658 475 1695 quum
512 1645 706 1694 sophistae
737 1658 797 1682 ars
838 1651 1013 1683 accurate
1052 1646 1269 1683 definienda
1308 1659 1350 1683 ac
1380 1646 1443 1683 de-

96 1700 296 1738 scribenda
326 1705 446 1747 esset,
487 1714 569 1738 eam
610 1701 649 1738 111
679 1702 903 1739 universum
934 1702 1111 1739 laudibus
1142 1703 1318 1740 celebrat.
1369 1703 1443 1739 Ne-

93 1770 168 1808 que
198 1761 325 1795 tamen
356 1758 488 1803 Polus,
520 1758 611 1808 quid
642 1758 737 1795 illud
768 1759 836 1801 sit,
868 1760 970 1809 quod
1001 1772 1022 1796 a
1053 1760 1206 1796 Socrate
1237 1759 1443 1808 reprehen-

93 1814 216 1860 datur,
247 1814 325 1851 11Πο
356 1815 465 1851 1110ᾶο
505 1815 704 1863 perspicit,
746 1816 811 1852 sed
843 1829 886 1852 eo
926 1829 1049 1866 usque
1089 1816 1259 1865 procedit
1299 1816 1442 1865 impru-

91 1870 264 1917 dentiae,
311 1875 355 1908 ut
393 1884 502 1908 suam
541 1872 634 1909 artis
674 1872 936 1910 definitionem
977 1873 1093 1910 etiam
1132 1873 1231 1910 tueri
1272 1876 1441 1911 conetur.

92 1928 133 1964 P.
166 1930 257 1964 448.
288 1929 335 1964 A.
365 1949 420 1953 —
451 1931 542 1965 449.
573 1930 620 1966 A.

176 1984 315 2034 Itaque
337 1984 521 2030 Socrates,
542 1997 714 2022 sermone
734 1985 811 2022 iam
833 1987 878 2023 ad
901 1986 1025 2035 ipsum
1047 1986 1227 2034 Gorgiam
1248 1999 1442 2033 converSO,

93 2041 176 2087 Age
205 2053 316 2086 vero,
356 2041 502 2091 inquit,
533 2041 614 2090 ipse
644 2042 753 2078 nobis
783 2042 906 2087 dicas,
938 2056 1013 2093 quo
1042 2043 1196 2080 nomine
1235 2047 1273 2080 te
1314 2044 1442 2093 appel-

93 2097 250 2133 landum
281 2097 488 2143 arbitreris,
520 2102 558 2135 et
587 2111 777 2148 quaenam
806 2099 856 2136 sit
877 2112 938 2136 ars
967 2100 1045 2143 illa,
1078 2100 1187 2136 cuius
1217 2104 1255 2137 te
1275 2100 1442 2149 peritum

91 2153 317 2201 profitearis.
376 2154 597 2203 Respondet
636 2155 700 2191 ille
739 2168 778 2191 se
819 2161 939 2193 artem
978 2156 1154 2193 factitare
1192 2156 1441 2203 rhetoricam3

93 2209 133 2245 in
162 2222 239 2259 qua
268 2211 469 2248 tractanda
497 2224 617 2261 quum
646 2225 723 2248 non
752 2211 834 2249 sine
854 2213 966 2249 laude
987 2216 1164 2250 versatus
1185 2212 1246 2259 sit,
1276 2213 1441 2251 rhetoris

91 2265 243 2303 nomine
273 2279 314 2303 se
345 2267 614 2316 appellandum
635 2271 774 2305 censet.
806 2268 954 2308 Quibus
985 2268 1126 2306 auditis
1148 2269 1335 2316 Socrates,
1365 2283 1441 2321 quo

93 2321 243 2359 facilius
272 2323 466 2360 hominem
495 2324 615 2373 possit
654 2324 790 2361 deinde
829 2325 1065 2373 argumentis
1095 2326 1314 2373 confutare,
1355 2340 1441 2364 con-

93 2378 201 2415 tinuo
231 2391 318 2416 eum
356 2379 583 2428 interrogat,
626 2381 770 2418 velitne
809 2394 853 2418 ea
902 2395 978 2432 qua
1015 2395 1118 2419 nunc
1147 2383 1207 2420 usi
1238 2383 1316 2421 sint
1365 2383 1441 2421 dis-

93 2435 243 2471 serendi
269 2435 416 2473 ratione
446 2437 563 2474 etiam
591 2451 701 2486 porro
731 2437 808 2482 uti,
850 2438 1038 2486 longiores
1081 2443 1210 2477 autem
1248 2439 1334 2477 illos
1364 2453 1440 2477 ser-

95 2503 244 2536 mones,
286 2492 425 2542 quibus
462 2494 686 2544 plerumque
727 2494 784 2531 uti
824 2494 964 2541 soleat,
1004 2495 1043 2532 in
1082 2496 1275 2545 praesenti
1304 2496 1440 2534 missos

95 2547 230 2584 facere.
290 2549 468 2587 Affirmat
496 2550 667 2599 sophista
706 2551 778 2587 hoc
817 2551 942 2599 ipsum
972 2565 1123 2603 quoque
1152 2566 1273 2589 unum
1313 2567 1362 2590 ex
1392 2553 1439 2590 iis

95 2616 198 2649 esse,
239 2617 336 2654 quae
365 2606 609 2654 profiteatur,
650 2607 918 2657 neminemque
955 2607 1037 2657 ipso
1066 2609 1202 2647 melius
1243 2623 1352 2658 posse
1392 2611 1438 2647 de

95 2660 227 2697 eodem
267 2666 490 2709 argumento
530 2677 644 2713 quam
673 2663 896 2701 brevissime
937 2664 1144 2714 disputare.
1202 2666 1340 2716 Itaque
1371 2666 1438 2703 So-

95 2720 217 2755 crates
247 2718 295 2754 ab
327 2731 370 2755 οο
399 2718 507 2767 petit,
536 2724 581 2758 ut
609 2719 724 2757 huius
744 2720 1072 2772 breviloquentiae
1096 2736 1198 2761 nunc
1218 2723 1437 2773 exemplum
