1687 2969
219 165 240 198 3
247 167 269 199 Ο
698 163 1094 201 PROLEGOMENA

216 274 347 322 procul
376 274 465 311 hinc
509 275 660 312 habites
699 289 768 312 1100
805 276 915 313 facile
944 276 1065 324 possis
1106 276 1168 313 vel
1209 277 1256 312 ab
1286 276 1564 324 improbissimo

217 343 368 381 quoque
397 331 437 367 in
466 331 650 368 iudicium
679 332 781 380 rapi!
813 333 910 369 Tum
941 335 1134 369 Socrates:
1175 333 1256 379 Ego
1287 346 1377 369 vero
1408 333 1564 369 insanus

216 387 298 433 sim,
328 387 499 433 Callicle,
540 388 613 424 nisi
650 388 867 426 existimem
896 389 935 425 in
966 390 1037 425 hae
1067 388 1223 426 civitate
1264 389 1437 438 quemvis
1467 390 1565 438 peri-

217 444 311 479 culis
341 444 463 480 omnis
494 444 643 492 generis
673 458 755 482 esse
785 446 1014 494 expositum.
1055 445 1158 481 Illud
1188 448 1317 482 tamen
1348 448 1449 482 certo
1479 446 1565 491 scio,

216 500 247 536 si
276 500 317 536 in
346 500 475 537 iudicii
513 501 716 538 discrimen
755 503 939 547 adducar,
982 502 1195 550 improbum
1234 503 1314 538 fore
1353 515 1459 547 eum,
1501 502 1567 552 qui

215 569 275 593 me
305 556 396 593 111110
425 558 656 595 deducturus
687 559 754 595 sit:
786 572 898 595 1101110
929 558 1030 595 0111111
1060 559 1201 606 probus
1229 562 1268 595 et
1294 559 1478 595 honestus
1508 559 1567 596 vir

214 612 458 651 innocentem
487 614 526 650 in
556 616 632 652 tale
662 614 874 663 periculum
905 615 1090 651 conjiciat.
1140 613 1382 665 Quamquam
1410 614 1566 651 minime

215 670 431 707 mirandum
461 671 552 715 erit,
594 671 625 707 si
665 671 777 708 morti
808 670 973 707 obiiciar.
1032 670 1210 708 Arbitror
1248 671 1350 707 enim
1388 684 1448 708 me
1486 672 1566 708 fere

215 726 337 763 solum
367 727 468 764 inter
496 727 754 764 Athenienses
784 740 916 764 veram
947 727 1039 764 artis
1070 727 1192 765 civilis
1218 728 1406 764 rationem
1437 731 1568 765 tenere

215 787 330 833 atque
364 784 485 820 colere
525 784 576 831 (p.
610 787 698 820 521.
730 783 804 827 D).
863 783 1055 823 Quoniam
1095 787 1223 820 autem
1262 798 1339 820 11011
1369 784 1425 829 id,
1465 785 1566 834 quod

214 839 425 876 iucundum
455 843 533 885 est,
564 841 629 877 sed
659 840 769 876 unice
800 840 914 885 illud,
956 840 1057 890 quod
1087 841 1273 888 optimum
1302 841 1474 887 videtur,
1508 854 1565 878 50-

215 896 310 933 ctari
349 897 451 932 50100
483 896 644 946 ideoque
676 897 863 933 lenocinia
892 896 958 933 illa
997 901 1036 933 et
1065 896 1235 942 delicias,
1277 897 1417 946 quibus
1449 898 1565 945 vulgo

214 953 471 990 Athenienses
502 953 715 1001 capiuntur,
745 953 853 989 nihili
888 953 1058 999 aestimo,
1089 966 1180 990 sane
1210 967 1287 989 non
1313 954 1461 991 habebo
1492 967 1567 1004 quo

214 1022 273 1045 1110
304 1009 343 1045 111
372 1009 511 1046 iudicio
552 1010 764 1046 defendam.
824 1010 959 1059 Neque
1000 1010 1102 1046 0111111
1140 1010 1359 1058 voluptates
1400 1024 1442 1047 ac
1472 1011 1565 1047 deli-

214 1065 302 1111 cias,
333 1079 428 1115 quas
458 1065 505 1102 iis
526 1066 834 1115 comparaverim,
866 1079 1157 1103 commemorare
1185 1070 1328 1115 potero,
1361 1070 1400 1104 et
1429 1066 1460 1104 si
1481 1067 1567 1117 quis

213 1135 273 1159 me
304 1122 406 1160 dieat
434 1122 594 1160 iuvenes
634 1123 690 1160 ita
729 1136 990 1171 corrumpere,
1030 1126 1075 1160 ut
1114 1123 1351 1160 sermonibus
1390 1123 1484 1160 meis
1525 1124 1566 1160 in

214 1192 402 1215 summam
441 1179 664 1227 redigantur
703 1179 850 1216 consilii
898 1179 1085 1228 inopiam,
1133 1180 1195 1218 vel
1234 1180 1334 1218 viros
1375 1193 1418 1216 ae
1457 1193 1566 1217 senes

214 1237 347 1272 acerbe
377 1236 655 1284 reprehendere
686 1240 725 1273 et
754 1236 961 1283 castigare,
1002 1237 1096 1273 haee
1126 1237 1253 1273 omnia
1291 1236 1488 1274 verissime
1519 1237 1565 1273 de

213 1305 272 1328 me
305 1292 377 1328 diei
408 1292 521 1329 fateri
551 1293 706 1329 debebo.
755 1292 1017 1341 Respondenti
1050 1296 1179 1330 autem
1210 1292 1355 1330 Callicli
1385 1293 1566 1330 miserum

213 1348 285 1385 sibi
315 1348 437 1386 videri
468 1362 566 1394 eum,
598 1349 663 1399 qui
694 1362 819 1399 neque
850 1349 921 1386 sibi
953 1363 1077 1399 neque
1108 1349 1192 1386 aliis
1224 1350 1402 1386 auxiliari
1433 1350 1565 1398 possit,

214 1404 308 1441 haec
336 1405 506 1453 reponit:
550 1405 649 1442 Mihi
688 1406 842 1456 quidem
882 1405 914 1442 is
953 1406 1108 1443 minime
1150 1406 1304 1444 videtur
1343 1406 1459 1443 miser
1498 1407 1566 1443 ha-

214 1461 381 1507 bendus,
431 1462 497 1512 qui
536 1476 660 1512 neque
701 1463 885 1500 adversus
925 1462 1099 1500 homines
1137 1476 1207 1499 nee
1253 1464 1437 1501 adversus
1476 1464 1565 1500 deos

214 1517 348 1555 iniusti
388 1518 479 1568 quid
519 1519 661 1556 dixerit
698 1532 871 1570 unquam
912 1522 979 1556 aut
1007 1519 1306 1568 perpetraverit3
1348 1523 1464 1569 atque
1494 1520 1565 1556 hoe

215 1574 274 1610 aio
304 1575 677 1623 praestantissimimi
707 1589 790 1613 esse
820 1575 1019 1621 auxilium,
1061 1577 1162 1626 quod
1194 1576 1279 1626 quis
1310 1576 1462 1613 sibimet
1492 1576 1564 1625 ipsi

214 1631 313 1667 ferre
343 1635 478 1682 queat,
518 1636 563 1669 ut
591 1633 698 1669 nulla
725 1633 910 1681 pallescat
939 1633 1060 1681 culpa.
1120 1633 1241 1669 Nemo
1272 1632 1374 1669 enim
1413 1632 1565 1681 sapiens

214 1692 374 1725 mortem
405 1688 638 1734 reformidat,
678 1689 824 1727 iniusta
853 1693 981 1726 autem
1010 1688 1180 1726 facinora
1209 1689 1442 1735 reformidat,
1473 1702 1564 1739 quo—

213 1758 298 1781 rum
338 1758 500 1793 poenam
541 1745 649 1783 novit
689 1746 805 1783 etiam
844 1750 931 1794 post
968 1749 1130 1783 mortem
1176 1745 1331 1783 instare.
1411 1745 1562 1795 Quippe

214 1814 405 1838 summum
435 1801 606 1838 omnium
633 1803 820 1839 malorum
857 1806 916 1839 est
944 1802 1070 1838 animo
1100 1802 1206 1840 vitiis
1235 1803 1381 1851 repleto
1421 1803 1467 1839 ad
1506 1802 1563 1838 in-

213 1858 313 1895 feros
352 1858 526 1905 migrare.
594 1859 652 1895 De
692 1872 768 1909 qua
806 1872 845 1895 re
886 1859 975 1895 audi
1012 1859 1290 1904 narrationem,
1338 1872 1453 1908 quam
1491 1858 1564 1895 etsi

212 1914 383 1951 fabulam
413 1927 495 1951 0550
524 1914 690 1963 putabis,
720 1919 850 1952 tamen
879 1915 972 1952 scito
1003 1928 1085 1952 esse
1115 1915 1365 1953 verissimam.
1395 1916 1437 1951 P.
1472 1918 1563 1952 521.

213 1972 260 2007 A.
290 1992 345 1996 --
377 1974 466 2008 522.
498 1972 541 2007 E.

296 2026 461 2064 Animn's
491 2027 612 2072 enim,
654 2040 773 2077 quum
810 2031 896 2075 post
925 2031 1086 2065 mortem
1127 2028 1174 2063 ad
1205 2027 1346 2063 inferos
1378 2026 1563 2073 discessit,

213 2084 338 2120 nudus
368 2084 421 2121 ibi
450 2084 658 2129 iudicatur,
690 2088 734 2120 ut
763 2083 861 2120 nihil
890 2084 1010 2132 possit
1040 2083 1242 2132 impedire,
1274 2083 1476 2133 quominus
1506 2083 1563 2120 iu—

213 2140 314 2177 dices
345 2154 433 2177 eum
472 2141 584 2189 plane
623 2144 862 2188 cognoscant.
920 2141 1019 2177 Nam
1052 2140 1167 2176 animi
1208 2153 1230 2176 a
1269 2140 1474 2177 sceleribus
1522 2139 1562 2176 111

212 2196 285 2233 hac
315 2197 396 2234 vita
426 2196 635 2234 commissis
673 2197 802 2233 ulcera
841 2200 879 2234 et
916 2196 1059 2234 vibices
1100 2197 1343 2234 contrahunt.
1410 2195 1562 2233 Iudices

213 2258 362 2299 autem,
404 2254 574 2290 ulcerum
615 2258 754 2290 natura
785 2257 959 2290 accurate
999 2253 1168 2301 cognita,
1208 2253 1399 2298 indicant,
1431 2256 1561 2289 utrum

213 2309 328 2345 animi
360 2309 437 2347 sint
466 2310 655 2347 sanabiles
686 2323 815 2346 necne.
865 2310 917 2347 Et
945 2309 1134 2347 sanabiles
1164 2309 1318 2359 quidem
1347 2308 1561 2357 puniuntur

210 2365 419 2416 poenisque
460 2366 701 2414 corriguntur
741 2379 783 2402 ac
822 2370 1016 2403 sanantur.
1074 2366 1314 2402 Insanabiles
1353 2370 1480 2403 autem
1520 2365 1561 2402 111

211 2426 408 2458 aeternum
450 2422 798 2460 vehementissimis
846 2422 1076 2460 cruciatibus
1123 2426 1371 2472 torquentur,
1422 2422 1561 2472 quibus

209 2478 281 2526 ipsi
303 2479 450 2515 nullam
470 2479 679 2516 utilitatem
708 2479 934 2527 percipiunt,
965 2479 1030 2515 sed
1051 2478 1134 2515 aliis
1163 2478 1204 2514 in
1225 2478 1446 2526 exemplum
1475 2491 1559 2527 pro-

210 2538 416 2583 ponuntur.
476 2534 550 2575 Qui
581 2549 670 2574 vero
702 2535 823 2571 omnis
855 2535 951 2571 labis
983 2538 1160 2583 expertes
1196 2538 1432 2579 manserunt,
1463 2535 1489 2570 ii
1520 2534 1558 2570 in

210 2591 354 2628 insulas
386 2593 585 2628 beatorum
615 2592 781 2639 migrant
820 2591 948 2641 ibique
987 2593 1143 2628 beatum
1185 2595 1223 2629 et
1252 2591 1464 2628 immortale
1495 2591 1558 2627 de-

209 2651 306 2695 gunt
336 2661 483 2686 11ον11111.
515 2649 556 2685 P.
589 2652 679 2685 523.
711 2650 757 2684 A.
788 2669 843 2673 ——
875 2651 964 2684 526.
997 2648 1035 2684 C.

293 2706 375 2752 Ego
415 2704 551 2752 igitur,
593 2718 613 2740 ο
644 2704 819 2749 Callicle,
861 2717 980 2754 quum
1019 2704 1079 2740 his
1118 2703 1403 2741 narrationibus
1441 2702 1554 2741 fidem
