1687 2969
398 138 808 182 PHAEDRUS.
844 138 889 179 P.
926 141 1005 180 '265
1037 139 1102 182 St.
1341 140 1416 179 169

179 258 308 301 ΦΑΙ.
376 257 511 300 Πάνυ
545 274 605 312 γε.
1458 265 1497 306 Β

175 324 281 368 ΣΩ.
353 326 440 377 Τῆς
474 327 518 367 δὲ
555 326 686 373 θείας
713 323 934 380 τεττάρων
961 324 1083 364 θεῶν
1109 326 1294 378 τέτταρα
1317 328 1424 379 μέρη

76 391 332 448 διελόμενοι,
369 388 586 447 μαντικὴν
629 392 708 446 μὲν
743 392 976 433 ἐπίπνοιαν
1007 387 1284 440 Ἀπόλλωνος
1317 392 1425 433 θέν-

75 476 167 510 τες,
206 456 418 503 Διονύσου
456 461 500 502 δὲ
538 455 801 510 τελεστικήν,
849 457 1048 500 Μουσῶν
1083 454 1121 498 δ’
1164 449 1221 499 αὖ
1257 474 1428 510 ποιητι-

79 524 184 579 κήν,
231 524 447 581 τετάρτην
491 528 536 569 δὲ
573 523 833 584 Ἀφροδίτης
867 526 941 566 καὶ
966 521 1177 578 Ἔρωτος,
1218 523 1427 579 ἐρωτικὴν

76 596 243 651 μανίαν
277 591 501 653 ἐφήσαμεν
536 608 581 635 τε
616 591 799 648 ἀρίστην
824 588 947 642 εἶναι,
983 591 1057 632 καὶ
1096 589 1176 633 οὐκ
1212 590 1297 634 οἷδ’
1339 589 1426 652 ὅπῃ

77 658 128 704 τὸ
166 658 375 718 ἐρωτικὸν
410 658 567 710 πάθος
600 657 936 711 ἀπεικάζοντες,
974 657 1073 706 ἴσως
1106 660 1186 712 μὲν
1220 656 1429 710 ἀληθοῦς

77 744 198 778 τινος
229 725 551 787 ἐφαπτόμενοι,
585 723 699 781 τάχα
736 724 778 769 δ’
833 723 891 768 ἂν
924 727 998 768 καὶ
1034 722 1191 768 ἄλλοσε
1227 742 1429 785 παραφε-

78 793 278 852 ρόμενοι,
314 794 576 849 κεράσαντες
606 793 658 836 οὐ
695 792 979 836 παντάπασιν
1013 790 1248 835 ἀπίθανον
1280 791 1425 846 ὶόγον,
1466 797 1503 840 C

77 861 276 917 μυθικὸν
323 878 419 904 τινα
466 859 607 917 ὕμνον
651 863 999 915 προςεπαίσαιιεν
1046 876 1227 913 μετριως
1278 877 1323 902 τε
1358 877 1432 903 και

80 927 287 988 εὐφημως
332 926 413 971 τὸν
460 927 566 984 ὲιιόν
610 945 655 970 τε
702 945 774 970 και
810 925 887 970 σὸν
925 925 1141 978 δεσπότην
1162 924 1359 983 ”Ερωτα,
1394 921 1426 969 ὦ

83 997 262 1051 Φαῖδρε,
297 998 442 1038 καλῶν
477 997 644 1038 παίδων
679 999 855 1053 ἔφορον.

185 1065 316 1106 ΦΑΙ.

186 1128 296 1190 Cap.
335 1127 509 1173 XLIX.
575 1129 682 1172 ΣΩ.

385 1064 477 1105 Καὶ
510 1061 629 1118 μάλα
666 1066 808 1118 ἔμοιγε
845 1062 923 1104 οὐκ
958 1061 1105 1114 ἀηδῶς
1139 1060 1342 1104 ἀκοῦσαι.

758 1128 867 1173 Τόδε
917 1133 1066 1172 τοίνυν
1117 1127 1321 1172 αὐτόθεν
1356 1129 1435 1170 λά-

80 1262 187 1294 forma
220 1271 250 1293 v.
280 1259 429 1293 Fischer.
463 1260 505 1292 ad
536 1259 672 1293 Weller.
705 1261 729 1294 l.
764 1271 794 1302 p.
828 1260 920 1293 XXI.
953 1259 1103 1292 Praesat.
1137 1264 1171 1291 et
1206 1259 1359 1292 Lobeck.
1393 1259 1434 1290 ad

79 1307 206 1351 Phryn.
232 1317 264 1349 p.
289 1304 369 1339 ΜΟ.

171 1354 318 1396 ἔμοιγε
345 1363 390 1383 ου
406 1353 445 1395 ν]
481 1351 519 1384 V.
552 1351 630 1393 ἐμοι
660 1353 720 1394 μὲι
751 1351 813 1383 οὖν.
844 1355 962 1384 contra
997 1350 1243 1383 auctoritatem
1271 1350 1434 1382 librorum

82 1398 184 1433 Bodl.

127 1489 198 1521 καὶ
226 1487 299 1521 οὐκ
332 1488 420 1521 οἷδ’
451 1488 534 1531 δ’πῃ
560 1508 603 1513 -
628 1491 725 1531 ἔφο-

83 1535 176 1580 ρον]
204 1535 241 1567 ln
265 1534 316 1566 liis
340 1535 453 1567 verbis
479 1535 724 1577 distinguendis

83 1579 295 1623 sequendum
327 1580 483 1613 duximus
518 1580 587 1614 lm.
619 1582 726 1613 Bek-

83 1628 249 1666 kel'um,
273 1626 329 1667 qui
353 1625 509 1669 μυθικόν
524 1639 601 1658 -ιιια
618 1625 727 1668 ὕμνον

83 1673 369 1716 προςεπαίοαιμεν
393 1691 437 1696 -—-
461 1672 523 1704 τὸν
540 1691 585 1696 -
595 1672 726 1714 Ερωτα

84 1717 371 1758 coniunxit31100
408 1718 497 1751 enim
531 1717 623 1751 idem
651 1729 727 1751 esse

83 1770 245 1808 putamus
282 1773 323 1795 ae
354 1764 381 1796 si
413 1765 576 1818 seriptum
612 1769 725 1799 esset:

84 1811 270 1852 ἐπταίσαμεν
305 1809 462 1864 μυθικόν
501 1822 575 1841 τινα
618 1808 727 1852 ὖ’μιον

82 1875 128 1880 ——-
151 1856 195 1893 εἷς
224 1854 288 1886 τόν
321 1853 405 1898 ἐμόν
437 1867 472 1888 -ιε
505 1855 560 1887 καὶ
586 1868 646 1887 συν
672 1857 725 1889 ‹55-

84 1900 213 1943 σπύτην
253 1899 397 1944 Ερωτα.
461 1901 580 1943 Neque
627 1903 728 1935 aliam

85 1947 291 1980 sententiam
320 1947 348 1979 Β
361 1957 381 1979 ιι
393 1951 482 1980 ttm.
507 1951 560 1980 est
573 1953 726 1988 secutus,

84 1993 181 2025 cuius
212 1992 294 2025 haec
327 1998 405 2025 sunt
429 1994 548 2026 verba:
597 1994 726 2034 „Mihi‚

85 2039 203 2080 inquit,
229 2038 353 2080 duplex
371 2040 598 2078 accusativus,
624 2052 729 2082 προς-

85 2083 217 2122 παίζειν
240 2083 328 2115 θεὸν
352 2083 472 2127 ὕμνον,
503 2095 545 2118 ex
573 2085 636 2117 hoc
653 2087 727 2118 ioco

86 2128 281 2172 probandus
320 2130 497 2164 videtur.“
557 2130 727 2163 Nimirum

85 2176 360 2218 προςεπαίσαμεν
399 2187 462 2219 per
501 2177 637 2217 synesin
677 2177 729 2208 di-

85 2226 196 2261 ctum,
229 2220 318 2254 idem
353 2227 406 2255 est
435 2222 526 2264 quod
560 2224 727 2265 προςνιαί-

86 2266 200 2306 ζοντες
219 2265 429 2311 ὖμνήσαμεν
476 2268 589 2300 Aliter
613 2272 727 2301 tamen

86 2312 204 2344 statuit
255 2312 600 2346 Schieiermach.
614 2338 623 2353 ‚
670 2315 725 2355 qui

87 2356 325 2399 corrigendum
363 2364 497 2393 censet:
529 2358 729 2403 κεράσαντες

86 2416 127 2436 ου
178 2402 406 2461 πανυτιίηασιν
431 2404 594 2437 ἆπιθάνω
634 2404 725 2448 λόγῳ

85 2447 243 2493 μυθικόν
275 2462 352 2481 ’τινα
381 2449 506 2492 ὕμνον,
544 2452 726 2493 προςεπαί-

86 2506 193 2538 σαμεν
216 2494 285 2528 κτλ.
278 2519 299 2535 .,
323 2496 413 2536 quod
429 2507 472 2530 ne
490 2507 574 2529 unus
590 2497 726 2538 quidem

86 2541 199 2574 codex
247 2541 430 2576 confirmat.
501 2543 576 2575 Alia
624 2543 725 2576 etiam

85 2585 344 2620 Heindorfii
371 2591 406 2619 et
428 2588 539 2620 Astii
567 2587 632 2620 suit
649 2599 727 2621 sen-

88 2633 216 2673 tentia,
241 2632 298 2673 qui
324 2637 405 2674 post
427 2632 536 2676 ὕμνον
560 2633 726 2667 distinxe-

87 2682 182 2718 runt,
221 2682 259 2709 ut
297 2676 399 2711 lineet
443 2678 602 2722 μυθικόν
650 2693 726 2711 τινα

85 2721 212 2766 ὕμνον,
242 2724 451 2767 praegressis
479 2724 544 2757 illis
574 2723 614 2756 ου’
639 2738 725 2758 παν-

211 1398 286 1431 Vat.
314 1397 396 1431 V.en
422 1398 548 1430 112.ae
574 1398 653 1431 Par.
682 1398 792 1430 DOP
818 1399 859 1431 ai.

794 1488 922 1521 τιίπασι
953 1486 1012 1522 ἅττ.
1046 1487 1162 1531 λόγον,
1203 1486 1436 1528 explicationis

793 1535 899 1576 gratia
947 1534 1062 1566 addita
1109 1532 1258 1575 putanda
1307 1536 1434 1565 essent.

795 1580 992 1621 Participia‚
1017 1580 1096 1615 ἴσως
1118 1580 1178 1621 μὲν
1202 1577 1362 1618 ἀληθοῦς
1386 1591 1439 1609 τι-

794 1638 850 1664 νος
865 1624 1112 1666 ἐφαπτόμενοι,
1138 1623 1235 1664 τάχα
1257 1623 1290 1655 δ’
1317 1623 1358 1654 ἂν
1382 1624 1440 1654 καὶ

794 1669 1098 1715 παραφερόμειοι,
1137 1670 1324 1701 inserviunt
1363 1669 1440 1702 iilu-

795 1718 939 1750 strandis
966 1716 1089 1756 verbis,
1116 1714 1178 1747 οὐκ
1203 1727 1233 1746 ο
1226 1712 1274 1747 ‘³6
1301 1714 1371 1758 ἕπῃ
1395 1714 1436 1746 τὸ

794 1762 957 1805 ἐρωτικόν
1016 1760 1134 1798 παθος
1188 1759 1439 1799 ἀπεικάζοντες.

794 1810 945 1842 Verbum
993 1806 1133 1846 εικοῖζειν
1176 1812 1210 1839 et
1250 1806 1441 1845 απεικάζειν

795 1853 1080 1897 comparandi
1126 1853 1274 1895 positum
1313 1853 1440 1894 signifi-

796 1902 930 1934 catione
980 1900 1168 1935 illustravit?
1215 1897 1443 1932 Ruhnken.

796 1947 839 1979 ad
876 1946 966 1980 Tim.
997 1956 1029 1988 p.
1061 1944 1116 1979 95.
1170 1945 1254 1977 Dein
1293 1946 1441 1988 μετρίως

794 1994 884 2026 idem
919 1992 990 2025 fere
1023 1998 1075 2024 est
1106 1991 1197 2032 quod
1232 1991 1358 2031 καλῶς,
1399 1990 1442 2023 de

795 2049 863 2080 quo
888 2048 951 2070 usu
977 2047 1008 2068 v.
1028 2036 1070 2069 ad
1089 2037 1213 2079 Remp.
1236 2037 1290 2069 Vl.
1312 2047 1343 2078 p.
1361 2035 1445 2071 484..

796 2085 837 2119 B.
869 2082 1031 2126 εὐφήμως
1062 2087 1176 2115 autem
1207 2083 1355 2124 pertinet
1387 2092 1440 2120 eo,

794 2130 886 2172 quod
928 2129 972 2161 de
1013 2128 1151 2160 Amoris
1188 2128 1367 2160 maiestate
1402 2137 1442 2159 ac

795 2176 960 2218 dignitate
994 2174 1149 2206 oratione
1181 2173 1238 2205 ilia
1271 2172 1346 2205 nihil
1379 2172 1441 2205 de-

795 2222 910 2254 traxit.
929 2239 972 2243 —
995 2219 1133 2251 κα).ῶν
1161 2218 1340 2260 παίδων,
1361 2229 1440 2251 ora—

795 2270 937 2300 tionum.

842 2335 881 2369 C,
927 2333 1012 2365 Kal
1044 2331 1162 2374 μάλα
1193 2351 1238 2356 —-
1268 2330 1345 2364 οὔκ
1370 2331 1438 2375 ἄη-

797 2379 890 2423 δῶς]
932 2380 1066 2411 Dicitur
1105 2383 1142 2411 ut
1171 2378 1228 2410 καὶ
1258 2377 1346 2410 πάνυ
1380 2389 1439 2411 se-

795 2431 919 2469 quente
952 2423 1012 2463 οὐ,
1056 2426 1151 2457 cuius
1192 2425 1350 2466 exempla
1387 2423 1439 2456 af-

796 2473 886 2505 ferre
911 2471 1075 2513 poenitet.
1122 2469 1231 2513 Supra
1250 2481 1283 2512 p.
1300 2469 1380 2505 228.
1398 2471 1438 2502 Α.

794 2520 924 2554 παντὸς
947 2516 1075 2558 μᾶλλον
1099 2533 1135 2540 —-
1168 2515 1238 2549 οὔκ.

841 2583 1056 2627 αὐτόθεν]
1113 2595 1162 2618 ex
1213 2584 1292 2618 hac
1340 2577 1465 2626 ipsa‘

795 2632 1005 2666 oratione
1029 2631 1224 2671 videamus,
1260 2629 1435 2672 quomodo

795 2691 814 2712 a
835 2676 1101 2721 reprehensione
1126 2677 1168 2710 ad
1182 2677 1301 2710 laudes
1328 2680 1438 2708 trans-

794 2726 835 2759 iri
858 2721 1019 2768 potuerit.
