1687 2969
75 296 154 336 487

187 119 265 153 212
739 116 998 154 PLATONIS

187 224 370 274 δοξάζειτ
414 218 526 263 ταῦτ’
566 223 645 276 ’ἤδη
675 221 786 264 ἐστὶν
815 222 921 263 αὐτὰ
949 223 1127 276 τάληθῆ,
1158 221 1294 262 ἐννοῶ
1321 221 1426 275 γὰρ,
1468 221 1531 262 ὅτι

187 290 262 330 τὸν
301 287 508 342 μέλλοντα
548 289 768 340 βασανιεῖν
808 288 962 336 ἵκανῶς
1004 293 1139 340 ψυχῆς
1175 287 1270 339 πέρι
1310 287 1454 339 ὀρθῶς
1490 302 1531 327 τε

190 355 321 407 ζώσης
361 353 429 394 καὶ
467 352 523 406 μὴ
564 354 658 405 τρία
697 355 779 406 ἄρα
818 354 881 393 δεῖ
921 351 1049 405 ἔχειν,
1094 354 1119 391 ἃ
1158 352 1211 392 σὺ
1250 352 1387 392 πάντα
1416 350 1531 405 ἔχεις,

189 418 422 471 ἐπιστήμην
459 432 500 458 τε
540 418 607 458 καὶ
637 421 810 458 εὔνοιαν
838 418 906 458 καὶ
935 417 1184 470 παρρησίαν.
1215 415 1296 469 ἐγὼ
1325 417 1405 469 γὰρ
1433 419 1531 457 πολ·

190 487 277 531 λοῖς
316 482 580 536 ἐντυγχάνω,
625 485 664 523 οἳ
704 482 771 536 ἐμὲ
801 484 877 535 οὐχ
907 478 990 523 οἷοί
1020 497 1061 522 τε
1092 481 1169 522 εἰσὶ
1197 483 1436 534 βασανίζειν
1464 482 1532 522 διὰ

189 549 236 589 τὸ
265 547 321 601 μὴ·
347 547 474 600 σοφοὶ
496 545 616 597 εἶναι,
649 546 783 598 ὥςπερ
814 549 886 588 σύ’
919 546 1051 600 ἕτεροι
1078 547 1122 588 δὲ
1152 547 1277 599 σοφοὶ
1307 546 1384 600 μέν
1414 548 1531 587 εἰσιν.

173 615 269 655 ὀὐκ
301 612 496 654 ἐθέλουσι
526 612 568 654 δέ
599 629 666 666 μοι
699 612 834 666 λέγειν
862 612 941 664 τὴν
969 613 1176 666 ἀλήθειαν
1204 612 1272 652 διὰ
1302 614 1348 653 τὺ
1377 613 1433 665 μὴ
1464 614 1530 665 κή-

191 680 339 719 δεσθαί
375 694 481 731 μου,
521 675 656 730 ὥςπερ
697 679 773 718 σύ·
814 677 870 718 τὼ
899 676 943 718 δὲ
972 678 1074 727 ξένω
1103 677 1234 727 τώδε,
1279 678 1462 730 Γοργίας
1491 691 1532 717 τε

191 743 259 785 καὶ
294 745 466 791 Πῶλος,
505 744 627 795 σοφὼ
656 758 733 795 μεν
762 741 831 783 καὶ
861 743 970 794 φίλω
999 742 1121 784 ἐστὸν
1151 741 1249 795 ἐιιώ,
1289 741 1534 792 ἐνδεεστέρω

192 808 235 849 ὁὲ
273 807 510 886 παρρησίας
547 824 615 849 και
653 809 745 860 αἰσχ
753 806 1015 860 υντηροτέρω
1044 810 1205 860 μαλλον
1234 814 1310 855 τοῦ
1339 806 1532 855 δέοντος·

191 876 279 921 πῶς
307 888 388 925 γαρ
418 876 491 921 οἱ,-
533 869 564 912 ὥ
604 887 647 923 γε
688 873 744 920 εἰς
782 879 988 913 τοσουτον
1027 873 1226 925 αἰσχύνης
1256 871 1532 926 εληλύθατον.

194 935 292 986 ὥςτε
330 938 397 979 ὁιὰ
437 939 483 978 τὸ
524 938 801 990 αἰσχύνεσθαι
839 941 971 991 τολιιᾶ
1015 936 1209 988 εκάτερος
1238 938 1380 978 αἰτῶν
1409 938 1536 985 αυτὸς

193 1004 306 1055 αὐτῷ
345 1002 515 1043 ἐναντία
557 1003 692 1056 λέγειν
729 1001 924 1044 ἐναντίον
960 1005 1129 1043 πολλῶν
1155 999 1424 1054 ἀνθρώπων,
1466 1002 1535 1043 καὶ

261 1126 297 1156 Ρ.
321 1123 397 1157 487.
449 1123 690 1167 ἐπιστήμην
716 1137 755 1156 τε
781 1126 846 1156 καὶ
874 1123 1075 1168 εὔνοιαν]
1103 1126 1167 1157 Pro
1183 1123 1326 1157 εὔνοιαι·
1340 1131 1422 1158 vett.
1441 1126 1534 1158 editt.

195 1169 318 1210 δόξαν,
360 1170 450 1211 quod
486 1170 610 1202 falsum
653 1181 727 1202 esse
766 1171 921 1212 proxima
961 1170 1061 1202 docet
1094 1172 1355 1213 argumentatio.
1409 1171 1535 1203 Verum

193 1215 358 1257 praebent
393 1215 488 1246 codd.
524 1216 593 1247 fere
630 1226 769 1254 omnes3
806 1216 895 1247 Flor.
928 1216 950 1247 f.
983 1226 1008 1247 s.
1053 1216 1153 1247 Vind.
1188 1215 1219 1248 2.
1257 1216 1341 1248 Yen.
1379 1215 1417 1247 Σ.
1451 1227 1534 1249 corr.

194 1259 300 1301 δόξαν
322 1260 461 1292 habent.

262 1328 300 1360 B.
349 1329 416 1358 καὶ
443 1326 538 1366 ἐμοὶ
567 1322 630 1368 εἶ]
658 1327 769 1369 ἔμοιγε
794 1327 896 1358 Vind.
920 1326 951 1359 6.
983 1325 1084 1370 ἔμοιγ’
1111 1327 1212 1360 Vind.
1238 1327 1268 1360 7.

265 1397 350 1426 τίνι
393 1397 609 1436 τεκμηρίῳ
649 1398 833 1435 χρῶμαι;
1257 1395 1359 1427 Vind.
1390 1396 1421 1429 6.
1461 1398 1536 1429 Par.

196 1440 250 1471 W.
275 1450 340 1471 rec.
374 1442 436 1471 τίνι
468 1439 506 1471 δὲ
532 1450 618 1477 τεκμ.
642 1451 692 1480 χρ.
743 1440 808 1471 Sed
841 1442 875 1470 in
908 1441 971 1471 hac
1002 1441 1167 1472 orationis
1198 1441 1372 1473 alacritate
1397 1443 1538 1474 coniun-

197 1485 340 1516 ctionem
382 1484 549 1516 eiusmodi
580 1495 648 1515 non
681 1484 937 1516 desideraveris.
994 1483 1077 1517 Post
1109 1489 1239 1526 χρῶμαι
1271 1496 1349 1518 cum
1380 1487 1537 1519 Bekkero

196 1531 331 1572 signum
350 1530 626 1571 interrogationis
645 1530 680 1560 in
702 1529 815 1562 locum
836 1527 1042 1573 ιῗποστιγμῆς
1066 1532 1314 1563 substituimus.
1363 1533 1414 1564 De
1438 1534 1538 1564 inter-

195 1575 371 1617 rogatione
413 1576 578 1606 sermonis
621 1575 796 1606 animandi
834 1586 955 1607 caussa
993 1576 1124 1607 mediae
1161 1577 1307 1608 orationi
1336 1578 1536 1619 interposita

195 1619 344 1651 diximus
376 1619 417 1651 ad
443 1621 599 1661 Sympos.
625 1631 653 1651 c.
679 1619 708 1652 6.
741 1626 773 1652 et
801 1631 903 1662 supra
927 1632 958 1662 p.
983 1620 1059 1654 453.
1086 1621 1123 1652 C.
1170 1622 1367 1654 Formulam
1393 1622 1460 1664 ἐγώ
1486 1634 1538 1655 σοι

196 1665 265 1705 ἐρῶ
297 1666 346 1696 sic
378 1665 485 1697 solere
517 1665 680 1707 subiungi
710 1665 1036 1708 interrogationibus
1067 1666 1341 1699 demonstrarunt
1373 1668 1538 1709 exemplis

883 1394 962 1437 ἐγώ
1003 1405 1069 1426 σοι
1108 1394 1211 1438 ἐρῶ]

240 1794 275 1824 Ρ.
294 1791 370 1825 487.
399 1796 493 1832 τρία
513 1791 594 1833 ἄρα
615 1793 685 1825 δεῖ
704 1793 829 1836 ἔχειν]

901 1795 949 1826 sie
965 1795 1136 1836 interponi
1153 1795 1262 1827 solere
1276 1795 1391 1827 docuit
1406 1802 1538 1838 praeter

195 1838 401 1869 Ficinus:
443 1839 526 1869 tria
559 1839 832 1879 potissimum

901 1840 1198 1872 Hemsterhus.
1224 1840 1266 1872 ad
1282 1841 1422 1872 Lucian.
1449 1842 1536 1873 Tim.

196 1883 216 1914 h
228 1882 327 1914 aber
339 1894 365 1914 e.
392 1883 587 1925 Aptissime.
615 1884 701 1915 Vide
718 1884 834 1925 igitur,

196 1938 277 1959 num
317 1925 493 1966 μάλιστα
530 1939 590 1970 plo
623 1926 706 1968 ἄρα
739 1940 833 1970 r-epo

196 1972 345 2004 nendum
375 1973 428 2006 sit

241 2019 278 2049 B.
305 2016 579 2058 ἑνδεεστέρω
603 2017 648 2050 δὲ
673 2015 832 2059 παρ’ῥη-

199 2073 216 2093 σ
230 2066 295 2095 ιάς
324 2061 386 2105 -]
434 2063 537 2094 Notat
581 2062 735 2095 Calliclis
773 2065 833 2094 im-

196 2107 409 2149 pudentiam,
443 2118 509 2149 qua
541 2113 641 2140 antea
665 2109 700 2139 in
724 2109 834 2150 philo-

195 2153 320 2193 sophos
364 2157 464 2193 atque
505 2153 617 2194 ipsum
661 2153 833 2185 Socratem

196 2197 427 2229 invehebatur.
475 2197 587 2229 Verba
618 2199 744 2236 μᾶλλον
776 2202 833 2230 zos·

196 2240 335 2275 δέοντος
381 2242 550 2274 adduntur
592 2244 832 2284 comparativis

195 2288 395 2328 epexegesis
408 2288 529 2329 gratia.
567 2288 730 2320 Similiter
744 2289 832 2320 infra

195 2341 226 2372 p.
259 2330 335 2363 487.
369 2333 417 2363 D:
470 2331 557 2372 πέρα
596 2336 654 2364 τοῦ
694 2333 833 2365 δέοντος

198 2374 400 2415 σοφώτεροι.
436 2376 557 2408 Latine
582 2377 833 2419 interpreteris:

197 2421 539 2453 verecundiores
557 2427 672 2461 sunt,
690 2428 728 2454 et
747 2424 832 2464 qui-

196 2464 285 2496 dem
311 2465 404 2507 plus
429 2466 552 2497 iusto.
598 2468 692 2498 Bona
717 2473 767 2498 est
792 2468 831 2499 de

196 2509 262 2541 hac
285 2521 321 2541 re
346 2511 405 2542 He
417 2509 552 2541 rbstii
578 2511 764 2553 disputatio
790 2512 831 2544 ad

195 2555 351 2597 Xenoph.
371 2555 485 2597 Symp.
512 2556 536 2588 I.
568 2559 597 2594 ς.
622 2556 653 2588 4.
679 2558 764 2588 conf.
790 2557 832 2589 ad

196 2599 298 2641 Hipp.
323 2601 403 2632 Mai.
420 2610 451 2641 p.
469 2598 544 2632 285.
561 2601 597 2631 B.
637 2602 830 2634 Formulam

196 2647 265 2676 πῶς
297 2644 363 2686 γὰρ
396 2644 458 2678 oi2:
501 2644 652 2686 reliquae
685 2648 829 2678 orationi

903 1884 978 1924 §.2
1011 1885 1242 1917 Heindorf.
1267 1885 1308 1917 ad
1332 1886 1364 1917 h.
1389 1886 1411 1917 1.
1448 1887 1539 1918 Eun-

903 1930 977 1961 dem
1014 1940 1113 1961 usum
1148 1930 1315 1962 formulae
1348 1934 1418 1963 πῶς
1450 1930 1536 1973 ylio:

901 1975 1088 2006 illustravit
1131 1975 1335 2008 Gataker.
1376 1978 1428 2008 De
1460 1977 1537 2008 stilo

902 2020 942 2052 N.
972 2021 1010 2050 T.
1044 2031 1076 2061 p.
1102 2018 1153 2052 73.
1202 2021 1464 2053 Valckenar.
1495 2022 1537 2053 ad

902 2065 1079 2096 Phoeniss.
1103 2076 1132 2095 v.
1160 2065 1257 2100 1614.
1295 2067 1353 2098 Sic
1377 2070 1449 2099 πῶς
1472 2065 1536 2108 γὰρ

903 2108 963 2147 σῦ;
989 2120 1089 2152 saepe
1103 2110 1190 2142 dixit
1210 2112 1536 2151 Demosthenes,

901 2160 937 2186 ut
972 2155 1024 2186 De
1059 2155 1181 2187 Coron.
1215 2167 1245 2197 p.
1278 2155 1354 2188 274
1385 2155 1461 2189 3'25.
1494 2157 1537 2189 al.

901 2200 951 2232 ed.
977 2201 1091 2231 Reisk.

947 2243 999 2277 ὥς
1015 2256 1052 2276 τε
1108 2244 1178 2276 διὰ
1237 2244 1276 2276 τὸ
1333 2245 1464 2287 αισχι’
1477 2259 1535 2278 ιὐε

904 2291 1004 2321 σθαι
1036 2289 1097 2332 —-]
1128 2289 1227 2320 Ridet
1257 2290 1360 2322 verba
1386 2291 1538 2324 Calliclis

900 2346 931 2377 p.
951 2334 1027 2366 482.
1052 2336 1095 2366 D.
1119 2335 1158 2365 E.

948 2379 1256 2410 πεπαίδευσαί
1279 2392 1316 2411 τε
1342 2380 1420 2422 γὰρ
1449 2381 1535 2413 ι’κα-

905 2423 1001 2466 νεῦς]
1028 2425 1179 2465 Respicit
1193 2425 1235 2455 ad
1254 2427 1358 2457 verba
1383 2425 1538 2458 Calliclis

901 2480 931 2510 p.
956 2467 1032 2500 485.
1057 2470 1102 2500 A:
1137 2467 1223 2500 ὅσον
1249 2470 1403 2503 παιδείας
1426 2469 1536 2511 χάριν,

901 2519 937 2544 ut
953 2514 1053 2544 etiam
1071 2525 1113 2545 ex
1132 2514 1195 2545 hoc
1212 2514 1287 2546 loco
1311 2520 1427 2557 pateat
1451 2516 1535 2547 nihil

901 2557 948 2589 ibi
974 2559 1211 2600 corrigendum
1237 2570 1320 2592 esse.

946 2603 983 2633 C.
1030 2603 1288 2645 Τίσανδρον
1321 2605 1393 2636 τὸν
1425 2602 1550 2644 ’Amas

902 2646 919 2678 δ
934 2652 1057 2679 ναῖον
1080 2648 1142 2691 —]
1164 2646 1326 2689 ’Ἀφιδναι
1342 2654 1373 2681 et
1400 2648 1539 2690 Χολαρ-
