1687 2969
412 176 656 216 GORGIAS.
686 178 730 216 P.
763 180 855 216 514.
889 180 979 216 515.
1010 178 1070 216 ed.
1102 178 1158 216 St.
1382 182 1459 216 305

113 286 417 336 ἰδιωτεύοντος,
454 285 557 339 πρὶν
585 287 850 339 δημοσιεύειν
880 285 1122 341 ἐπιχειρεῖνς
1165 287 1303 326 ΚΑΛ.
1338 287 1462 327 Φιλό-

111 366 251 401 νεικος
281 348 329 402 εἶ,
361 346 394 392 ὦ
423 352 656 405 Σώκρατες.

197 418 302 476 Cap.
333 418 502 460 LXXI.
562 419 658 458 ΣΩ.
704 413 803 457 Ἀλλ’
848 417 900 458 οὐ
945 417 1184 491 φιλονεικίᾳ
1221 430 1269 469 γε
1308 414 1460 468 ἐρωτῶ,

112 486 198 526 α’λλ
229 485 286 533 ὡς
313 485 487 537 άληθῶς
516 483 780 536 βουλόμενος
805 481 972 530 εἰδέναι,
1004 480 1151 522 ὅντινα
1179 496 1279 523 ποτε
1301 482 1462 534 τρόπον

111 550 189 591 οἴει
218 550 308 590 δεῖν
335 552 635 590 πολιτεύεσθαι
675 548 721 589 ἐν
749 548 862 601 ημῖν.
903 543 929 600 ἦ
969 550 1102 587 α’λλου
1140 562 1217 587 του
1256 549 1339 598 ἄρα
1379 545 1462 587 ἐπι-

111 616 278 669 μελήσει
314 615 418 668 ήμῖν
469 614 608 656 ἐλθὼν
657 612 723 654 ἐπὶ
762 613 812 653 τὰ
852 619 925 665 τῆς
971 613 1131 660 πόλεως
1169 613 1395 665 πράγματα
1435 608 1463 664 ἢ
1495 608 1530 651 C

113 677 229 729 ὅπως
267 678 291 721 ὅ
330 695 367 720 τι
409 678 615 732 βέλτιστοι
655 679 726 730 [οἵ]
755 680 923 719 πολῖται
953 679 1086 730 ὠμεν,·
1128 676 1153 730 ὴ
1181 675 1234 717 ού
1262 678 1464 724 πολλάκις

111 745 192 799 ἤδη
234 745 566 798 ὡμολογήκαμεν
604 749 733 786 τοῦτο
772 744 862 783 δεῖν
889 744 1088 795 πράττειν
1129 745 1206 783 τὸν
1245 741 1463 783 πολιτικὸν

111 811 271 863 ἄνδρας
302 810 646 864 ὡμολογήκαμεν,
679 806 703 861 ἢ
727 812 799 858 οὔ,·
824 808 1074 859 α’ποκρίνου.
1092 803 1462 861 ιΩμολογήκαμεν·

112 874 193 928 ἐγὼ
222 875 328 928 ὑπὲρ
357 880 438 917 σοῦ
468 877 794 928 ἀποκρινοῦμαι.
853 874 908 914 Εἰ
934 874 1083 914 τοίνυν
1121 879 1248 914 τοῦτο
1287 873 1350 913 δεῖ
1388 872 1464 913 τὸν

111 941 282 994 ἀγαθὸν
311 941 447 993 ἄνδρα
475 942 809 992 παρασκευάζειν
837 946 886 992 τῇ
917 937 1074 979 ἑαυτοῦ
1104 939 1241 985 πόλει,
1281 944 1364 978 νῦν
1392 953 1464 991 μοι

111 1007 401 1060 ἀναμνησθεὶς
440 1006 526 1047 εἰπὲ
564 1005 658 1058 περὶ
697 1004 871 1046 ἐκείνων
908 1007 992 1045 τῶν
1030 1004 1201 1057 α’νδρών
1242 995 1303 1044 ὧν
1332 1003 1464 1059 ὀλίγῳ

111 1072 320 1124 πρότερον
358 1069 514 1123 ἔλεγες,
564 1071 598 1111 εἰ
640 1068 698 1111 ἔτι
737 1082 804 1111 σοι
850 1071 1055 1111 δοκοῦσιν
1100 1067 1260 1121 ἀγαθοὶ
1298 1072 1465 1109 πολῖται

112 1134 356 1189 γεγονέναι,
412 1139 622 1189 Περικλῆς
672 1135 743 1176 καὶ
800 1136 952 1188 Κίμων
1001 1134 1070 1175 καὶ
1111 1134 1350 1187 Μιλτιάδης
1395 1133 1465 1174 καὶ
1496 1139 1536 1179 D

119 1203 414 1255 Θεμιστοκλῆς.
475 1203 610 1242 ΚΑΛ.
635 1197 820 1253 ’Έμοιγε
879 1201 979 1240 ΣΩ.
1014 1200 1200 1246 Οὐκοῦν,
1218 1200 1334 1250 εἴπερ
1363 1199 1464 1252 α’γα-

112 1268 200 1316 θοί,
222 1267 353 1320 δῆλον
377 1263 441 1307 ὅτι
462 1264 635 1315 ἕκαστος
657 1265 801 1306 αὐτῶν
821 1266 1013 1317 βελτίους
1029 1264 1159 1305 ἐποίει
1175 1264 1276 1312 τοὺς
1292 1265 1465 1312 πολίτας

112 1331 206 1373 ἀντὶ
237 1332 452 1385 χειρόνων.
489 1330 630 1380 ἐποίει,
662 1328 689 1384 ἢ
720 1333 792 1379 οὕς
836 1332 972 1370 ΚΑΛ.
1009 1331 1110 1370 Ναί.
1154 1331 1256 1370 ΣΩ.
1291 1325 1465 1370 Οὐκοῦν

112 1521 202 1564 quod
235 1533 300 1554 om.
332 1522 449 1554 Clark.
479 1521 557 1553 Vat.
589 1520 694 1553 Coisl.
727 1520 830 1551 Vind.
864 1519 893 1551 1.
923 1518 953 1552 6
987 1520 1063 1550 Par.
1097 1519 1331 1552 CEFIVW.
1372 1519 1464 1551 Flor.

113 1578 142 1598 a.
167 1569 199 1599 b.
224 1577 253 1598 c.
278 1566 309 1598 d.
332 1567 356 1598 f.
381 1578 414 1601 x.
440 1566 584 1598 Videtur
608 1571 718 1597 ortum
744 1576 786 1596 ex
811 1564 1028 1606 glossemate.

179 1607 200 1654 ἦ
226 1610 352 1644 ἄλλον
385 1623 455 1643 του
488 1608 591 1653 ἄρα]
627 1611 722 1642 Libri
747 1621 863 1642 omnes
898 1607 917 1652 ἢ
941 1607 1042 1640 ἄλλου
1070 1621 1129 1640 του
1155 1607 1242 1649 ἄρα,
1276 1609 1366 1650 quod
1396 1619 1464 1641 ser-

113 1657 208 1689 vavit
232 1657 347 1689 Herm.
373 1655 593 1689 Heindorfius
617 1655 769 1697 scripsit.
798 1655 837 1686 ἐι
863 1652 955 1696 ἡμῖν.
982 1653 1001 1696 ἠ
1027 1652 1129 1685 ἄλλον
1157 1666 1214 1685 του
1241 1651 1310 1693 an
1334 1673 1377 1677 —
1402 1665 1464 1685 πο·

112 1703 195 1734 urm
214 1696 324 1741 ὦμεν·
351 1699 372 1743 ὴ
389 1699 432 1733 οὐ
450 1700 606 1734 :concinas
623 1713 650 1732 κ
669 1713 691 1731 τ.
711 1702 735 1731 λ.
785 1699 1121 1732 Schleiermacherus
1147 1704 1180 1730 et
1197 1699 1378 1731 Bekkerus
1403 1709 1464 1741 pro

112 1745 133 1791 ἢ
155 1748 377 1779 restituerunt
409 1746 442 1778 εί
471 1746 512 1778 de
543 1747 762 1784 coniectura,
794 1745 912 1776 invitis
946 1744 1042 1776 codd.
1069 1745 1267 1776 Articulum
1299 1748 1379 1776 ante
1405 1756 1465 1776 πο-

113 1795 198 1825 λῖται
222 1803 299 1824 cum
324 1792 522 1835 Hirsehigio
548 1796 586 1823 ut
609 1794 807 1833 suspectum
832 1790 1039 1822 notavimus.

477 1856 492 1867 ’Λ

182 1861 224 1892 D.
273 1858 431 1897 ἕποι’,ει
473 1871 492 1901 η
529 1856 596 1896 οἴῃ·
640 1858 766 1890 Κ.Α1
805 1856 915 1900 Nat]
966 1858 1030 1888 Pro
1072 1855 1146 1888 Ναί
1173 1856 1277 1899 vulgo
1302 1856 1468 1898 repetitur

825 2036 1009 2067 curabis
1056 2039 1095 2067 et
1138 2035 1373 2077 spectabis
1417 2034 1465 2066 ad

824 2080 1157 2122 rempublicam
1227 2090 1466 2122 aggressus

824 2126 910 2156 nisi
937 2126 1014 2157 hoc
1040 2127 1130 2157 eto.‘?
1155 2126 1308 2156 Annon
1334 2136 1465 2166 saepe

824 2172 942 2202 inter
982 2181 1059 2202 nos
1097 2171 1314 2202 convenit
1346 2170 1466 2202 istud

825 2226 950 2257 agere
990 2222 1193 2257 oportere
1238 2216 1375 2247 virum
1417 2216 1466 2245 ei-

824 2261 982 2292 vilem?

116 2039 159 2070 D.
221 2037 447 2071 Proverbium
487 2037 527 2069 ἐν
569 2041 611 2080 τῷ
658 2038 754 2079 πίθῳ

117 2081 177 2126 τὴν
201 2085 389 2123 κεραμειάν
419 2081 616 2121 μανθάνειν
648 2082 688 2113 de
713 2083 755 2113 iis

116 2128 183 2160 diei
213 2129 370 2167 solitum,
410 2128 468 2169 qui
504 2128 672 2169 neglectis
705 2137 755 2158 ar-

116 2175 201 2205 tium
245 2172 440 2215 primordiis
478 2174 592 2204 statim
634 2172 754 2203 diffiei-

116 2219 203 2250 liora
235 2218 500 2261 aggrediuntur,
537 2219 650 2259 attigit
689 2218 754 2248 Ze-

118 2263 276 2296 nobius
308 2263 403 2295 Cent.
436 2263 504 2301 ΙΙΙ,
534 2261 588 2295 63.
633 2263 754 2293 Eras—

118 2319 208 2340 mus
233 2309 364 2351 Adagg.
398 2318 429 2350 p.
454 2306 530 2339 227.
557 2307 607 2338 ed.
633 2308 756 2338 Franc.

117 2355 260 2396 Legitur
298 2355 402 2385 etiam
440 2353 580 2385 Laehet.
614 2363 645 2394 p.
682 2350 754 2384 187.

194 2398 254 2430 ubi
277 2409 308 2429 v.
335 2397 443 2430 schol.

872 2350 908 2381 C.
957 2344 1015 2381 ὧν
1060 2347 1192 2391 ὀλίγω
1241 2347 1466 2389 πρότερον

826 2394 988 2437 ἔλεγες]
1014 2396 1051 2428 Ρ.
1078 2393 1153 2427 503.
1171 2384 1217 2426 ¹0.

165 2488 247 2529 Cap.
272 2487 395 2519 LXXI.
420 2488 458 2518 P.
483 2485 558 2519 515.
585 2486 622 2516 B.
658 2484 758 2517 δεῖν

121 2531 435 2564 πολιτεύεσθαι
461 2530 508 2563 ἐν
533 2529 647 2574 ἡμῖν]
666 2541 758 2572 quo-

119 2577 244 2609 modo
281 2576 456 2608 tandem
497 2586 678 2607 censeas
719 2580 757 2606 te

119 2622 434 2664 rempublicam
456 2620 567 2663 apud
590 2631 667 2652 nos
693 2620 758 2651 ad—

119 2668 371 2699 ministrare
402 2670 614 2708 oportere.
654 2666 759 2696 Num

120 2713 262 2755 igitur
309 2711 429 2743 aliud
485 2711 586 2752 quid
632 2710 759 2742 nobis

158 2779 228 2805 Plat.
247 2779 318 2821 Opp.
337 2779 404 2805 Vol.
417 2778 454 2803 Π.
473 2777 546 2803 Sect.
564 2778 586 2803 I.

873 2483 1089 2526 Περικλῆς
1114 2484 1182 2515 καὶ
1202 2481 1365 2525 Κίμων]
1383 2483 1468 2513 Sub—

827 2530 954 2561 iectum
977 2540 1046 2560 non
1072 2530 1254 2571 primariae
1280 2527 1467 2558 sententiae

826 2575 915 2616 parti
950 2573 1244 2606 accommodatum
1258 2597 1265 2611 ‚
1314 2572 1373 2603 sed
1419 2584 1468 2602 se-

828 2619 1023 2657 cundariae.
1048 2619 1115 2650 vid.
1137 2619 1179 2650 ad
1204 2617 1349 2659 Apolog.
1376 2617 1467 2648 Soer.

827 2675 858 2706 p.
889 2662 942 2696 41.
973 2665 1013 2695 A.
1052 2663 1282 2696 Matthiae.
1317 2662 1468 2693 Gramm.

829 2711 859 2749 ξ.
884 2707 959 2741 474.
985 2709 1023 2740 Β.

1156 2773 1201 2806 20
