1687 2969
564 158 605 161 —
682 136 787 175 xclx
858 154 897 157 -

58 266 145 292 non
183 250 366 292 obscure
421 249 703 306 significetur.
784 250 971 291 Tantum
1013 251 1135 294 abest
1177 253 1313 307 enim,
1358 261 1406 295 ut

59 322 170 362 quae
200 306 246 348 in
277 307 450 349 scenica
479 322 524 348 re
555 306 841 362 attinguntur,
871 313 946 348 aut
977 307 1032 348 ad
1066 324 1194 353 unam
1224 309 1406 352 rhetori-

58 379 153 406 cam
185 369 260 405 aut
287 362 343 404 ad
372 379 506 405 unum
535 364 673 406 solum
703 378 891 405 amorem
923 369 996 406 aut
1034 364 1091 406 ad
1131 366 1244 409 solas
1273 367 1406 410 ratio-

60 435 137 462 nes
170 420 420 462 dialecticas
451 426 699 477 comparata
728 419 829 474 sint,
861 426 910 462 ut
938 420 995 462 ad
1023 421 1109 463 ista
1129 423 1272 464 onmia
1290 437 1406 466 com-

60 478 247 519 muniter
293 478 546 519 referantur.
622 476 693 518 Ex
747 491 832 531 quo
882 483 1091 532 quantum
1139 479 1308 522 roboris
1356 496 1406 523 ac

58 534 317 576 firmamenti
347 534 387 576 ei
416 534 654 576 sententiae
686 533 879 588 accedat,
912 550 1041 589 quam
1070 541 1198 577 antea
1228 536 1281 578 de
1311 538 1407 579 uni-

59 591 174 633 versi
210 591 310 633 libri
347 591 539 633 consiliis
585 591 923 647 expromsimus,
974 591 1083 634 adeo
1131 593 1408 636 manifestum

61 653 207 690 extare
247 654 474 704 putamus,
519 654 568 689 ut
596 663 665 690 res
696 648 948 703 neutiquam
978 649 1176 692 uberiore
1209 649 1407 707 disputa-

60 705 180 747 tione
210 704 407 761 indigere
437 704 651 747 videatur.

173 759 262 804 Sed
299 761 370 803 hio
438 761 614 804 tandem
666 760 898 816 aliquando
944 761 1069 803 finire
1116 763 1262 819 placet
1319 763 1408 807 dis-

59 818 329 876 putationem
382 818 436 860 de
492 819 590 861 libri
647 825 900 875 argumento
964 826 1005 860 et
1070 820 1251 862 consilio
1314 836 1408 864 sus-

62 881 252 932 ceptam,
307 875 658 931 quandoquidem
707 876 810 918 satis
856 876 940 917 iani
986 877 1262 932 perspicuum
1314 878 1408 920 fore

63 932 338 986 confidimus,
370 948 576 987 quorsum
597 932 784 986 denique
805 933 1032 974 universae
1064 934 1311 989 scriptionis
1341 950 1409 977 ra-

63 989 205 1031 tiones
236 989 488 1031 referendae
521 990 620 1031 sint.
681 988 956 1044 Quamquam
978 1004 1052 1031 eae
1082 990 1251 1045 plenius
1281 991 1409 1033 etiam

64 1053 398 1103 cognoscentur,
431 1046 598 1102 opinor,
627 1046 702 1088 ubi
732 1046 874 1088 adhuc
905 1046 958 1087 de
979 1047 1245 1103 temporibus
1278 1064 1410 1103 quae-

63 1102 313 1157 siverimus,
362 1103 525 1158 quibus
557 1103 713 1145 librum
753 1119 777 1144 a
815 1103 998 1144 Platone
1036 1104 1241 1160 scriptum
1284 1111 1327 1146 et
1362 1105 1409 1147 in

60 1160 202 1201 lucem
240 1160 444 1202 emissum
475 1175 569 1202 esse
604 1160 835 1202 verisimile
879 1160 947 1203 sit.
1008 1159 1135 1202 Licet
1167 1161 1280 1203 enim
1309 1178 1411 1218 pro-

62 1215 177 1258 fecto
217 1232 270 1258 ex
307 1216 404 1273 ipso
452 1217 543 1260 eius
585 1223 840 1273 argumento
879 1217 1116 1271 coniicere,
1169 1218 1410 1274 singulares

65 1272 276 1328 quasdam
319 1273 511 1315 extitisse
559 1289 758 1327 caussas,
815 1287 892 1315 cur
939 1274 1067 1316 Plato
1114 1275 1303 1317 animuin
1354 1274 1412 1317 ad

65 1345 163 1372 eum
201 1329 478 1372 scribendum
519 1330 748 1387 appulerit.
818 1330 932 1372 Nam
965 1330 1083 1386 quod
1111 1331 1156 1372 in
1188 1347 1238 1374 eo
1270 1332 1410 1388 philo-

69 1387 248 1443 sophiae
286 1387 352 1429 vis
393 1399 436 1429 et
467 1393 621 1429 natura
650 1403 721 1441 ea,
764 1402 848 1442 qua
877 1388 1040 1430 factum
1081 1403 1176 1430 esse
1207 1389 1410 1443 vidimus,

69 1443 235 1486 ratione
288 1444 479 1500 aperitur
519 1460 569 1486 ac
602 1444 866 1493 declaratum
907 1444 1024 1499 quod
1054 1461 1183 1501 porro
1215 1462 1283 1489 ars
1315 1447 1412 1488 rhe-

65 1501 202 1543 torica
239 1503 380 1543 acrius
425 1501 656 1557 corripitur
694 1508 737 1543 et
767 1502 1033 1558 exagitatur3
1077 1502 1194 1557 quod
1225 1502 1412 1558 denique

64 1557 304 1600 litterarum
343 1558 584 1614 scripturae
621 1559 780 1614 pariter
819 1566 948 1613 atque
977 1559 1101 1600 vivae
1140 1560 1260 1602 vocis
1289 1560 1414 1601 inst-i-

67 1615 224 1656 tutioni
265 1630 390 1656 suum
426 1615 614 1670 pretium
653 1615 878 1666 statuitur3
918 1621 1019 1657 sunt
1064 1617 1260 1671 profecto
1309 1617 1415 1658 haec

69 1671 210 1713 onmia
238 1671 299 1713 ita
329 1678 603 1727 comparata,
634 1679 682 1712 ut
713 1687 799 1714 non
828 1678 987 1713 temere
1028 1672 1127 1713 inde
1167 1674 1415 1729 suspiceris,

68 1728 164 1784 ipsa
205 1734 400 1784 tempora
437 1729 499 1769 ita
537 1728 712 1782 tulisse,
753 1735 801 1770 ut
838 1728 1124 1784 philosophus
1166 1730 1318 1772 haruin
1349 1746 1415 1772 re-

68 1801 161 1827 runi
194 1784 531 1842 disputationem
560 1785 879 1842 suscipiendam
909 1785 1118 1827 statuerit.

181 1841 266 1883 Est
304 1848 447 1884 autem
484 1843 741 1899 pervulgata
779 1848 821 1884 et
850 1842 934 1883 iam
979 1842 1215 1897 antiquitus
1245 1842 1418 1898 prodita

68 1898 291 1941 hominum
322 1898 549 1941 doctorum
580 1899 742 1955 opinio,
773 1899 908 1942 fuisse
938 1900 1054 1941 hunc
1077 1899 1297 1956 dialogum
1328 1916 1419 1942 om-

68 1956 187 1997 nium
206 1956 405 2012 primuni,
437 1971 564 2010 quem
579 1956 706 1998 Plato
731 1962 774 1998 et
792 1957 945 1999 litteris
971 1957 1296 2010 consignaverit
1316 1963 1359 1998 et
1375 1958 1420 1998 in

68 2012 209 2061 lucem
224 2013 443 2068 publicam
458 2013 659 2055 emiserit.
690 2013 806 2054 Nam
815 2019 1009 2054 veterum
1022 2013 1293 2068 quorundam
1305 2014 1421 2055 criti-

72 2084 218 2111 corum
257 2085 350 2111 eam
394 2070 528 2112 tuisse
559 2071 844 2125 sententiam,
883 2069 1049 2125 liquido
1090 2076 1308 2112 testantur
1350 2069 1423 2112 O-

71 2125 451 2182 lympiodorus
481 2127 574 2168 Vit.
633 2127 807 2169 Platon.
870 2161 879 2168 .
912 2129 978 2169 78.
999 2126 1067 2168 ed.
1098 2126 1295 2169 Fischer.
1325 2127 1424 2169 coll.

74 2181 220 2225 Schol.
241 2182 298 2224 ad
317 2183 506 2225 Phaedr.
536 2200 579 2240 p.
610 2185 706 2226 311.
739 2183 805 2226 ed.
898 2183 1077 2226 ekker.
1110 2195 1154 2225 et
1184 2183 1423 2240 Diogen.

74 2238 255 2281 Laert.
293 2240 380 2282 HI.
412 2242 506 2294 38„
548 2256 573 2282 a
603 2241 759 2295 quibus
790 2240 1021 2293 discimus,
1057 2239 1257 2282 floridam
1288 2246 1331 2282 et
1359 2240 1426 2282 lu-

75 2295 314 2338 xuriantem
352 2297 516 2354 dialogi
557 2298 797 2340 orationem
836 2297 1045 2354 imprimis
1087 2311 1285 2339 caussam
1317 2297 1426 2339 exti-

75 2351 193 2406 tisse,
225 2368 301 2394 cur
329 2353 393 2395 illi
421 2354 482 2396 ita
512 2355 756 2396 statuerint.
827 2355 897 2396 Ex
937 2353 1253 2396 recentioribus
1284 2360 1428 2396 autem

77 2423 170 2450 eam
210 2410 465 2452 sententiam
504 2411 793 2453 defenderunt
839 2410 1427 2465 Schleiermacherus,

74 2463 304 2518 Astius,
331 2467 650 2521 Heusdius,
685 2467 1034 2521 Boeckhius,
1065 2467 1428 2521 Brandisius,

75 2521 241 2563 Henr.
288 2521 570 2574 Ritterus,
611 2525 944 2578 Krischius,
991 2524 1078 2579 alii,
1124 2526 1198 2581 qui
1237 2525 1327 2566 fere
1370 2525 1431 2567 ita

76 2578 158 2621 sibi
195 2588 520 2637 persuaserunt,
551 2588 600 2623 ut
641 2588 814 2639 praeter
844 2581 1049 2624 orationis
1081 2582 1283 2638 speciem,
1321 2596 1431 2637 quae

77 2634 346 2678 iuventutem
375 2638 596 2694 scriptoris
627 2644 842 2695 argueret,
878 2638 1008 2680 etiam
1038 2654 1183 2680 rerum
1205 2638 1431 2687 tractatio-

77 2707 174 2734 nem
195 2708 245 2735 eo
267 2692 504 2748 perducere
531 2695 839 2748 existimarent,
863 2701 913 2736 ut
936 2694 1169 2738 iuvenilem
1190 2694 1305 2737 hunc
1335 2697 1431 2737 esse

1050 2762 1153 2803 G*
