1687 2969
494 213 734 254 GORGIAS.
764 215 806 253 P.
838 214 932 253 447.
963 215 1020 252 ed.
1052 214 1106 253 St.
1416 218 1464 253 81

1446 320 1465 335 (ἱ

117 322 179 371 τίς
218 322 247 376 ἡ
275 322 455 377 δύναμις
489 329 563 378 τῆς
599 322 747 377 τέχνης
786 326 865 365 τοῦ
896 323 1076 375 ἀνδρός,
1117 322 1186 364 καὶ
1224 323 1264 364 τί
1292 322 1404 364 ἐστιν
1444 340 1467 365 ο

117 386 415 442 ἐπαγγέλλεταί
452 403 495 429 τε
535 403 602 429 και
641 389 840 430 διδάσκει.
888 388 966 442 τὴν
1019 389 1062 430 δὲ
1101 391 1233 442 ἄλλην
1272 387 1468 439 ἐπίδειξιν

113 453 324 502 εἰςαῦθις,
369 453 504 531 ὥςπερ
550 453 604 494 συ
633 454 784 507 λέγεις,
823 455 1086 507 ποιησάσθω
1147 456 1283 494 ΚΑΛ.
1330 454 1469 496 Οὐδὲν

114 513 210 560 οἷον
238 521 285 560 τὸ
314 519 446 560 αὐτὸν
483 518 667 571 ἐρωτᾶν,
710 521 742 560 ὡ
771 521 1010 571 Σώκρατες.
1051 535 1121 560 και
1159 518 1241 571 γὰρ
1280 520 1395 576 αὐτῷ
1421 520 1469 561 ἓν

113 581 226 625 τοῦτ’
254 579 310 638 ἦν
337 590 411 638 τῆς
439 581 690 634 ἐπιδείξεως·
731 583 892 625 ἐκέλευε
920 591 1030 637 γοῦν
1058 591 1140 625 νυν
1169 583 1220 638 δὴ
1252 583 1414 635 ἐρωτᾶν
1445 581 1468 624 ὅ

113 663 152 689 τι
181 664 242 697 τις
272 649 471 702 βούλοιτο
500 651 586 689 τῶν
614 646 740 690 ἔνδον
769 652 921 698 ὄντων,
960 650 1028 690 καὶ
1057 664 1163 701 προς
1191 649 1357 690 ἅπαντα
1387 648 1468 703 ἔφη

117 714 456 767 ἀποκρινεῖσθαι.
527 715 628 754 ΣΩ.
666 714 723 754 ’H
745 716 883 762 καλῶς
921 712 1064 767 λὲγεις
1129 713 1180 754 Ὠ
1224 717 1465 767 Χαιρεφῶν

116 778 219 830 ἐροῦ
248 779 392 820 αὐτόν.
452 781 569 819 ΧΑΙ.
609 780 659 819 Τί
687 777 865 832 ἐ’ρωμαι,·
896 781 996 819 ΣὨ.
1016 776 1156 827 Ὀςτις
1187 778 1283 820 ἐστι’.
1343 783 1460 821 XAI.
1493 783 1535 824 D

118 846 218 892 Πῶς
246 842 403 897 λέγειςς
449 845 550 886 Σῼ.
571 840 731 896 ’”Ώςπερ
761 843 814 884 ἂν
844 845 878 884 εἰ
906 843 1135 897 ἐτύγχανεν
1163 843 1225 885 ὣν
1252 845 1468 899 ὑποδημά-

111 968 227 999 λεσθε.
253 968 330 1000 Par.
357 967 649 1022 Εξ.Ρ1οτ.ῐ.ε.
676 965 731 998 ὅτε
756 966 989 1008 ssovirjaeoffle
1030 967 1141 999 Ceteii
1165 972 1254 1000 recte
1279 967 1468 1011 βούλησθε.

112 1014 202 1045 Dein
226 1016 304 1054 post
327 1010 406 1053 παρ’
434 1011 508 1052 ἐμοὶ
534 1012 702 1044 insertum
729 1018 778 1044 est
803 1009 867 1054 γὰρ
895 1024 937 1044 ex
964 1013 1080 1044 Clark.
1100 1013 1178 1045 Vat.
1199 1014 1298 1045 Vind.
1326 1013 1355 1046 1.
1380 1014 1410 1046 2.
1437 1013 1469 1047 6.

113 1059 189 1089 Par.
215 1058 254 1089 E.
279 1058 371 1089 Flor.
395 1058 418 1089 f.
442 1069 478 1090 x.

180 1102 463 1144 ἐπιδειξεται
496 1100 615 1145 ὑμῖν]
649 1102 690 1134 V.

722 1099 820 1144 ἡμῖν,

863 1101 953 1143 quod
985 1106 1154 1134 mutatum
1190 1113 1207 1134 e
1242 1103 1357 1135 Clark.
1390 1105 1420 1135 W
1424 1108 1468 1136 at.

112 1147 218 1182 Coisl.
242 1149 319 1180 Par.
344 1148 543 1182 BCIVW.
569 1147 670 1179 Vind.
697 1147 727 1179 1.
753 1146 784 1179 2.
809 1147 897 1189 Aug.
923 1151 955 1179 et
980 1152 1108 1189 septem
1134 1148 1355 1180 Florentinis.

181 1193 218 1225 C.
276 1191 502 1234 ἐπίδειξιν
536 1191 763 1235 εἰςαῦθις]

111 1238 236 1271 Routh.
261 1237 416 1272 ἐςαῦθις.

810 1193 896 1224 Ven.
932 1192 1013 1224 ΞΣ.
1059 1193 1161 1224 Vind.
1192 1192 1223 1226 2.
1256 1192 1284 1226 7.
1334 1195 1411 1225 Par.
1442 1194 1469 1226 I.

181 1281 232 1315 αὐ
249 1286 302 1326 τῷ
327 1283 374 1314 ἓν
400 1280 525 1325 τοῦτ’]
565 1283 606 1314 V.
631 1280 735 1319 αὐτό,
762 1281 853 1323 quod
876 1282 958 1313 libri
981 1282 1111 1314 habent
1133 1284 1333 1325 paucissimi
1358 1295 1468 1325 neque

112 1328 138 1360 ii
162 1329 246 1360 satis
271 1329 363 1360 boni.
410 1329 539 1361 Verum
564 1332 697 1370 praeter
722 1327 809 1359 alios
836 1327 955 1359 Clark.
980 1332 1104 1360 tuetur.

110 1444 278 1494 pretatur:
304 1438 321 1472 ὁ
346 1440 533 1482 Καλλικλῆς
561 1450 669 1495 φησιν
695 1438 754 1478 ὅτι,

111 1485 194 1517 ὅταν
245 1485 383 1528 θέλητε,
434 1485 553 1517 ἔλθετε
596 1484 647 1518 εἰς
696 1484 755 1516 τὸν

113 1526 224 1570 οἶκοι,
257 1532 312 1563 καὶ
339 1543 424 1563 norw
449 1528 558 1562 αὐτὸν
583 1529 754 1570 ἐπιδείξα-

115 1577 210 1608 σθαι.

160 1621 197 1652 C.
237 1622 298 1654 τίς
336 1618 356 1663 ἡ
390 1618 574 1659 δύναμις
616 1623 684 1662 τῆς
717 1619 754 1662 τ.]

113 1667 236 1698 Latine
269 1666 410 1698 dixeris:
447 1666 490 1697 in
515 1676 594 1707 quo
626 1666 692 1696 vis
718 1670 757 1696 et

113 1715 274 1743 natura
349 1712 461 1743 artis
530 1714 756 1749 cernatur,

114 1766 238 1798 quam
276 1756 529 1797 profitetur.
583 1756 699 1810 Legg.
730 1756 754 1788 I.

179 1799 256 1834 643.
280 1801 329 1832 A.
367 1804 506 1842 πρῶτοι
538 1799 580 1843 δὴ
603 1819 644 1823 -
681 1797 756 1841 ὁρι-

118 1844 261 1901 σαξμεθα
292 1846 472 1883 παιδεῖαι,
519 1848 550 1877 τί
579 1843 649 1877 ποτ’
684 1844 754 1876 ἐστὶ

114 1891 168 1923 καὶ
203 1893 278 1923 τίνα
311 1889 457 1930 δύ’ναμιι
466 1891 560 1978 Ρε’χει.
604 1892 692 1922 Tim.
725 1901 757 1932 p.

114 1935 167 1969 28.
209 1936 249 1968 A.
281 1936 424 1968 Phaedr.
530 1934 606 1968 246.
640 1936 680 1967 A.
713 1935 756 1967 al.

113 1981 281 2023 Intelligit
321 1985 435 2013 autem
474 1985 580 2012 artem
616 1981 758 2012 rhet01i-

114 2037 208 2066 eam,
234 2036 337 2068 quam
363 2026 510 2072 Gorgias
534 2027 711 2058 tractabat.

167 2068 312 2104 Οὐδὲν
357 2074 457 2103 olor
489 2089 533 2094 —
573 2070 755 2112 ἐρωτᾶν]

116 2116 180 2159 Op
191 2116 339 2148 timum
365 2120 430 2148 est
461 2117 601 2193 insum
628 2117 759 2147 inter-

114 2172 277 2208 rogare.
302 2162 339 2195 P.
364 2160 440 2193 481.
466 2162 508 2193 B:
546 2159 653 2193 οὐδὲν
677 2160 756 2199 μέν·

117 2218 167 2238 τοι
190 2209 267 2238 οἱον
291 2204 325 2238 τὸ
352 2204 460 2238 αὐτὸι
485 2206 627 2247 ἑρωτᾶι.
671 2207 758 2237 Ari—

117 2251 256 2305 stoph.
288 2252 339 2293 Ly
343 2252 431 2283 sistr.
465 2262 496 2282 v.
533 2250 614 2284 135:
650 2248 758 2282 οἰδὲι

116 2293 181 2338 γὰρ
208 2299 297 2328 οἱοι.
320 2297 409 2328 Avv.
433 2307 465 2328 v.
493 2294 576 2329 966:
602 2293 670 2327 ἀλλ’
697 2307 757 2327 ov-

118 2340 181 2372 δὲ]
205 2338 285 2373 οἶόν
304 2338 372 2373 ἐστ’
388 2339 533 2373 ἀκοῦσαι
558 2345 617 2373 τοῦ
640 2338 756 2379 νόμου.

117 2387 336 2418 Demosth.
375 2387 451 2418 adv.
485 2386 568 2440 ⁹Mid.
609 2397 641 2428 p.
673 2384 757 2417 529:

118 2428 226 2462 οὐδὲι
257 2429 322 2472 γὰρ
356 2426 436 2463 οἷον
472 2428 615 2463 ἀκούει]
653 2428 760 2462 αὐτου

118 2478 178 2506 τοῦ
209 2473 327 2513 νόμου.
386 2476 583 2509 Formulam
615 2487 683 2507 non
709 2477 759 2506 in—

115 2519 275 2562 telligens
330 2520 573 2553 Cornarius
633 2525 759 2552 temere

117 2565 266 2596 coniecit
302 2563 407 2597 οὐδὲ]
440 2564 565 2598 δειιικόι
626 2565 759 2597 Deinde

117 2614 208 2642 reete
249 2609 345 2641 codd.
392 2611 551 2643 meliores
591 2611 646 2642 καὶ
692 2609 757 2653 γὰ)

118 2651 211 2698 αὐτῷ
236 2654 277 2685 ἕν
297 2652 382 2686 τοῦτ’
410 2655 454 2697 ἡ]
479 2659 535 2698 τῆς
550 2654 761 2695 ἐπιδείξεως.

116 2700 204 2732 Nam
219 2700 394 2742 genitivus
415 2698 614 2741 ἐπιδειξεως
638 2700 762 2742 pendet

119 2744 162 2777 ab
188 2744 237 2776 ἓν.
285 2745 391 2776 Recte
416 2744 761 2787 Olympiodmus

184 2812 256 2837 Plat.
277 2811 349 2844 Opp.
369 2812 431 2839 Vol.
449 2812 486 2836 II.
507 2811 581 2837 Sect.
600 2813 624 2837 I.

825 1440 1009 1471 verborum
1042 1441 1247 1472 sententiam
1283 1440 1470 1472 declaravit

826 1486 892 1516 sic:
926 1483 1072 1528 καὶγὰρ
1108 1490 1207 1518 τοῦτο
1241 1486 1280 1517 ἒν
1307 1485 1376 1518 ἐστι
1412 1488 1469 1527 τῆς

826 1529 1025 1571 e’mdez'gews
1050 1528 1167 1562 αὑτοῦ
1200 1532 1252 1562 De
1279 1530 1386 1562 dativi
1404 1541 1469 1562 usu

825 1580 908 1607 nota
924 1579 1003 1607 sunt
1019 1577 1053 1607 in
1066 1577 1191 1618 vulgus
1203 1577 1469 1608 01nnia.Hein—

826 1620 901 1651 d01
911 1621 999 1652 slus
1033 1621 1140 1675 vulg
1187 1621 1371 1653 lectionem
1412 1621 1466 1652 κα)

825 1663 890 1707 γὰρ
918 1663 1000 1697 αι’τὸ
1027 1666 1068 1697 ἐν
1094 1663 1180 1719 τοῦτ’
1208 1666 1252 1708 ῆι
1280 1678 1303 1697 τ.
1329 1665 1380 1698 ἐπ
1414 1665 1469 1697 de-

826 1711 935 1742 fendit
959 1712 1027 1751 sie,
1061 1715 1097 1742 ut
1129 1708 1211 1742 αι’τὸ
1238 1714 1296 1742 τοῦ
1302 1723 1334 1742 το
1366 1712 1469 1742 inter-

826 1760 975 1797 pretetur
1008 1735 1050 1787 i’d
1075 1757 1233 1798 ipsum,
1267 1756 1380 1797 quod
1414 1756 1468 1786 di-

826 1802 891 1841 xi,
925 1811 971 1834 sc.
999 1798 1033 1832 τὸ
1069 1800 1205 1842 ἐρωτᾶν
1235 1799 1352 1832 αὐτόν.
1403 1801 1470 1832 Sed

825 1846 874 1877 ita
897 1856 966 1877 non
991 1847 1101 1887 potuit
1126 1846 1165 1877 ἒν
1197 1847 1287 1877 inter
1311 1843 1396 1877 αὑτό
1422 1850 1471 1877 at-

827 1902 891 1932 que
917 1894 1014 1922 τοῦτο
1038 1891 1218 1932 interponi.
1263 1892 1315 1922 De
1342 1891 1470 1933 Gorgia

827 1936 870 1967 ad
912 1946 1189 1977 unamquamque
1235 1937 1469 1977 quaestionem

827 1992 863 2013 se
894 1992 1137 2022 responsurum
1178 1981 1327 2023 profiteri
1368 1981 1468 2013 solito

826 2037 858 2058 v.
891 2027 983 2058 Men.
1017 2038 1048 2068 p.
1083 2025 1135 2058 70.
1171 2026 1208 2059 C.
1243 2027 1381 2060 Cicer.
1416 2027 1468 2057 De

826 2073 901 2104 Fin.
929 2072 971 2109 11,
999 2071 1025 2105 l.
1052 2072 1103 2102 De
1120 2072 1254 2105 Invent.
1276 2072 1301 2110 Ι,
1317 2071 1348 2103 5.
1375 2072 1468 2102 Orat.

826 2117 852 2155 Ι,
877 2115 931 2148 22.
958 2116 1027 2155 111,
1051 2115 1103 2150 32.
1131 2116 1318 2156 Quintil.
1344 2116 1388 2154 ΙΙ,
1415 2115 1468 2150 21.

828 2160 928 2201 §.212
956 2162 1144 2203 Gorgias
1170 2161 1337 2202 quidem
1364 2160 1468 2192 adeo

827 2207 996 2238 rhetori
1035 2206 1085 2237 de
1118 2207 1316 2237 omnibus
1355 2210 1469 2247 puta-

826 2252 892 2282 vit
923 2262 1016 2282 esse
1056 2250 1306 2290 dicendum,
1346 2255 1391 2282 ut
1424 2261 1468 2282 se

826 2297 869 2327 in
903 2296 1148 2328 auditoriis
1188 2297 1469 2338 interrogari

826 2345 1071 2383 pateretur,
1105 2352 1186 2382 qua
1211 2342 1394 2383 quisque
1419 2340 1467 2373 de

827 2397 868 2418 re
893 2385 1044 2419 vellet.

873 2431 914 2464 D.
940 2429 1095 2471 Ὤςπερ
1132 2428 1182 2461 ἂν
1221 2430 1263 2462 εἰ
1300 2429 1468 2473 ἐτύγχα-

833 2487 906 2506 νεν
936 2493 979 2498 -
1011 2473 1283 2515 ἀπεκρίνατο
1314 2473 1378 2517 ἂν]
1419 2477 1468 2506 De

829 2521 948 2552 aoristi
966 2524 998 2551 et
1016 2521 1206 2562 imperfecti
1225 2521 1468 2552 coniunctione

828 2576 860 2596 v.
902 2565 944 2596 ad
981 2566 1220 2607 Euthyphron.
1261 2576 1292 2607 p.
1335 2564 1386 2596 12.
1425 2565 1467 2595 D.

831 2610 986 2651 SympOS.
1017 2621 1047 2652 p.
1080 2609 1156 2642 199.
1187 2611 1229 2644 D.
1267 2611 1405 2641 Menon.
1436 2619 1468 2650 p.

830 2653 883 2687 72.
916 2656 954 2686 B.
1013 2656 1065 2686 De
1099 2653 1144 2686 ἄν
1174 2659 1251 2696 post
1281 2653 1392 2691 ὥςπερ
1426 2653 1470 2684 ἄν

829 2700 996 2787 ἒθρῗὲἱϊου
1011 2710 1043 2731 v.
1089 2700 1132 2731 ad
1161 2700 1306 2742 Apolog.
1340 2699 1470 2731 socrat.

1184 2811 1205 2843 6
