1687 2969
242 167 259 202 1
270 167 288 203 1
295 168 319 202 2
784 166 1044 205 PLATONIS

239 270 327 313 ὁέοι
361 273 474 327 λόγῳ
513 273 836 326 διαγωνίζεσθαι
877 274 923 316 ἐν
961 274 1157 328 ἐκκλησίᾳ
1196 270 1223 327 ἢ
1264 272 1309 315 ἐν
1345 277 1458 328 ἄλλῳ
1499 275 1582 316 τινὶ

238 339 453 394 συλλόγῳ,
494 337 699 390 ὁπότερον
728 339 791 380 δεῖ
818 339 1041 393 αἱρεθῆναι
1088 340 1257 391 ἰατρόν,
1307 340 1500 394 οὐδαμοῦ
1530 340 1583 382 ἂν

238 409 428 456 φανῆναι
456 403 531 444 τὸν
560 402 733 455 ἰατρόν,
774 405 860 445 ἀλλ’
902 405 1128 459 αἵρεθῆναι
1165 404 1218 446 ἂν
1245 406 1322 445 τὸν
1350 406 1481 447 εἰπεῖν
1511 406 1582 447 δυ-

236 469 383 517 νατόν,
413 468 448 508 εἰ
477 468 697 520 βούλοιτο·
738 469 809 510 καὶ
849 470 883 509 εἰ
923 471 1030 521 πρὸς
1069 473 1198 511 ἄλλον
1235 484 1281 523 γε
1321 470 1584 524 δημιουργὸν

238 533 470 574 ὁντιναοῦν
498 533 770 586 ἀγωνίζοιτο,
810 534 989 575 πείσειεν
1020 534 1073 575 ἂν
1103 534 1235 576 αὐτὸν
1263 532 1433 576 ἑλέσθαι
1462 536 1486 576 ὁ
1514 536 1585 589 ῥη-

236 597 404 651 τορικὸς
431 601 594 652 μᾶλλον
624 597 650 651 ἦ
670 602 795 647 ἄλλος
817 599 1031 648 ὀςτιςοῦν·
1061 601 1113 641 οὐ
1141 600 1223 653 γὰρ
1251 597 1337 641 ἔστι
1357 600 1451 653 περὶ
1480 601 1583 642 ὅτου

237 665 317 705 οὐκ
347 663 400 704 ἂν
428 667 726 717 πιθανώτερον
756 664 866 705 εἴποι
895 664 918 705 ὁ
940 664 1162 719 ῥητορικὸς
1190 661 1219 718 ἢ
1238 668 1364 714 ἄλλος
1391 666 1585 715 ὀςτιςοῦν

235 731 320 769 τῶν
359 729 631 782 δημιουργῶν
670 728 715 770 ἐν
753 731 918 783 πλήθει.
980 726 1037 772 ‘H
1068 729 1146 783 μὲν
1184 726 1264 771 οὖν
1303 731 1481 784 δύναμις
1518 747 1583 773 το-

235 795 367 847 σαύτη
397 793 483 834 ἐστι
521 810 591 835 και
619 795 791 848 τοιαύτη
821 801 894 847 τῆς
930 793 1090 848 τέχνης.
1128 795 1191 835 δεῖ
1218 794 1386 846 μέντοι,
1429 797 1462 836 ὠ
1492 796 1584 837 Σώ-

234 873 396 911 κρατες,
424 865 476 912 τῇ
507 859 709 912 ῥητορικῇ
736 863 920 913 χρησθαι
950 856 1085 913 ὥςπερ
1120 867 1170 914 τη
1200 863 1304 915 ἄλλῃ
1332 862 1445 914 πασῃ
1474 861 1583 914 ἄγω-

235 1026 318 1058 dorf.
344 1027 434 1058 Flor.
461 1026 492 1058 d.
518 1025 618 1064 ὅπου,
645 1037 710 1068 quo
735 1031 871 1069 recepta
895 1026 1048 1059 firmatur
1070 1027 1181 1060 lectio.
1225 1028 1336 1060 Ceteri
1361 1027 1442 1060 libri
1465 1039 1584 1060 omnes

236 1071 311 1113 ὅπῃ,
339 1072 429 1113 quod
453 1072 542 1104 male
567 1072 717 1103 defendit
741 1073 859 1104 Astius
882 1073 1125 1114 interpretans:
1154 1073 1190 1104 in
1213 1073 1286 1105 εἰπε
1314 1071 1428 1113 Stadt,
1452 1073 1513 1105 wie
1536 1074 1584 1105 du

233 1117 339 1158 willst,
364 1117 396 1151 d.
421 1117 453 1149 h.
478 1117 514 1148 ιή
531 1117 610 1159 jede
634 1117 690 1149 dir
714 1117 866 1159 beliehiqe
893 1115 1005 1159 Stacst,
1030 1118 1067 1150 in
1091 1119 1163 1150 eine
1186 1116 1289 1150 Stadt
1312 1118 1399 1150 nack
1416 1118 1584 1150 Beliehen.

233 1162 313 1194 Alio
338 1162 437 1194 modo
464 1161 529 1203 ὅπῃ
554 1167 669 1194 tuetur
692 1163 948 1205 Bernhardy
973 1163 1070 1205 Synt.
1088 1164 1207 1197 Graec.
1223 1174 1255 1206 p.
1270 1162 1359 1204 350„
1384 1174 1448 1196 nec
1469 1168 1583 1197 tamen

232 1207 290 1248 ita,
315 1212 353 1240 ut
376 1207 476 1240 nobis
500 1209 716 1250 persuaserit.

301 1297 545 1340 αἰρεθῆιαι
587 1296 761 1340 ιἀτρόι]
818 1298 931 1340 Vulgo
986 1298 1174 1341 αἱρεθῆναι
1216 1296 1344 1341 ῥήτορα
1385 1297 1404 1341 ἢ
1449 1297 1581 1339 κηρόν,

234 1340 309 1374 01’5.
354 1343 422 1375 Sed
445 1342 550 1375 verba
578 1341 705 1384 ῥήτορα
730 1341 749 1385 ἢ
773 1342 896 1374 desunt
919 1344 955 1375 in
980 1344 1095 1375 Clark.
1120 1343 1221 1378 Vind.
1250 1343 1279 1376 1.
1301 1343 1332 1377 6
1356 1345 1433 1376 Par.
1451 1345 1584 1377 EFW.

232 1388 323 1420 Flor.
342 1388 363 1419 f.
383 1399 408 1420 s.
426 1399 459 1420 x.
473 1389 640 1431 probante
657 1388 984 1430 Schleiermachero,
1008 1390 1118 1429 Astro,
1131 1389 1341 1422 Hermanno
1359 1400 1392 1422 v.
1408 1390 1585 1432 interpret.

301 1477 338 1510 C.
388 1476 405 1509 ὁ
419 1490 482 1510 τ’τι
496 1490 571 1510 rao
588 1482 636 1510 ὗν
660 1476 746 1520 ἄγω
764 1477 809 1521 zu]
835 1478 982 1513 Bekker.
1008 1476 1182 1511 ὁντινοῦν.

945 1613 1069 1644 τέκτων
1099 1631 1141 1635 -
1180 1611 1322 1651 κάμνων
1362 1610 1457 1654 ἀξιοῖ
1491 1612 1583 1654 παρὰ

230 1616 328 1654 putat
354 1611 373 1655 ἢ
397 1618 512 1651 τειιεῖτ
536 1614 590 1644 καὶ
617 1616 751 1644 καῦσαι.
785 1613 873 1644 Nam

944 1661 1004 1690 τοῦ
1027 1658 1149 1697 ιατοοῦ
1176 1657 1361 1698 φάρμακον
1396 1657 1486 1690 :ndu
1509 1657 1582 1699 ἑξε-

230 1663 306 1699 post
342 1658 545 1700 scalpellum
577 1657 786 1697 adhibitum,
823 1659 873 1689 in-

231 1704 315 1744 quit,
339 1703 465 1735 vulnus
489 1704 576 1736 ferro
599 1703 765 1735 candente
780 1683 873 1735 ufftu-

231 1749 368 1780 labatur
391 1749 434 1780 ad
458 1749 637 1791 sanguinis
668 1749 873 1790 profluvium

232 1793 472 1826 cohibendum.
544 1795 589 1825 Et
627 1795 778 1836 profecto
824 1794 873 1825 ita

231 1839 431 1880 plerumque
471 1839 631 1881 seriptum
662 1839 798 1882 legitur.
823 1839 870 1889 pf.

231 1884 321 1915 infra
345 1895 380 1935 p.
402 1883 478 1917 480.
504 1884 547 1915 C.
586 1882 872 1936 andegav—llis·-

234 1940 296 1969 ,τεο
347 1928 481 1968 τέμιειν
523 1929 579 1960 καὶ
618 1928 715 1961 κάειν
754 1941 870 1971 ιατρω.

232 1975 320 2005 Tim.
379 1973 465 2007 .65.
490 1975 528 2006 Β
552 1975 643 2006 Prot.
673 1972 806 2016 p.354.
830 1976 871 2005 A

230 2019 419 2061 Xenoph.
458 2019 609 2051 Anabas.
640 2020 696 2059 V,
730 2018 768 2059 8,
808 2017 870 2051 18:

231 2062 376 2107 καὶγὰρ
411 2076 443 2095 οι
467 2064 590 2119 ἰατροὶ
625 2064 785 2095 τέμνουσι
816 2064 870 2096 καὶ

230 2120 390 2141 καιουσιν
423 2107 473 2141 ἐπ’
505 2108 548 2152 ἀγ
551 2110 643 2152 αθῳ.
673 2110 814 2141 Memor.
844 2110 871 2149 Ι,

231 2154 270 2193 2,
302 2154 356 2188 54.
395 2155 502 2186 Plura
529 2122 628 2187 dabit
665 2154 870 2186 Gataker.

230 2199 272 2231 ad
310 2200 414 2231 Mare.
449 2201 614 2234 Antonin.
645 2200 687 2231 V.
725 2211 756 2241 p.
795 2198 869 2233 193.

230 2245 374 2277 Accedit
405 2245 496 2286 quod
521 2243 540 2287 ἢ
572 2249 605 2277 et
629 2248 689 2276 καί
714 2245 871 2286 frequen-

229 2291 359 2322 tissime
383 2290 420 2321 in
443 2290 541 2322 libris
566 2294 756 2332 permutata
781 2294 869 2321 sunt.

228 2345 260 2366 v.
276 2336 421 2377 interpp.
447 2335 490 2367 ad
509 2336 650 2378 Gregor.
668 2335 820 2368 Corinth.
837 2345 869 2376 p.

229 2378 306 2412 384.
341 2379 418 2413 410.
447 2379 524 2412 419.
551 2381 595 2413 al.
656 2380 721 2413 Sed
754 2390 870 2422 quam·

228 2426 280 2456 vis
315 2426 549 2467 exemplorum
581 2426 681 2468 copia
712 2436 772 2467 pro
803 2425 870 2456 viri

229 2469 417 2502 doctissimi
443 2472 613 2502 sententia
643 2480 797 2512 pugnare
821 2470 869 2500 vi-

229 2515 368 2555 deatur,
399 2520 525 2555 tamen,
557 2516 717 2557 quoniam
750 2515 785 2547 τὸ
818 2526 868 2546 τε-

228 2564 305 2599 μεῖν
337 2564 370 2591 et
402 2558 436 2591 τὸ
473 2564 596 2592 καῦσαι
628 2572 696 2593 non
734 2570 865 2602 semper

229 2606 450 2637 coniunctum
475 2606 549 2644 fuit,
573 2605 738 2637 librorum
761 2606 867 2637 omni-

228 2660 286 2681 um
309 2650 491 2682 lectionem
513 2651 726 2683 retinendam
755 2661 867 2682 cense-

228 2705 314 2726 mus.
338 2696 391 2728 De
414 2694 559 2738 Republ.
585 2696 646 2728 ΙΙΙ.
670 2706 703 2738 p.
719 2694 794 2728 466.
817 2696 866 2727 D:

944 1703 1040 1741 ιιὲσαι
1067 1702 1102 1735 τὸ
1129 1701 1262 1745 ιόσημα
1290 1701 1310 1746 ἢ
1334 1701 1421 1735 κάτω
1447 1704 1581 1745 καθαρ-

944 1749 1022 1782 θεὶς
1061 1746 1081 1791 ἢ
1106 1747 1224 1780 καύσει
1250 1747 1269 1791 ἢ
1295 1752 1377 1791 τοιιῇ
1412 1747 1582 1791 χρησάμε-

942 1805 999 1827 zos
1024 1791 1253 1836 ἀπηλλάχθαι,
1283 1794 1345 1825 ubi
1368 1793 1484 1826 nullus
1509 1794 1581 1826 cod.

943 1839 997 1870 καὶ
1037 1850 1127 1881 tour.
1165 1839 1310 1891 ”Politia
1349 1850 1382 1881 p.
1421 1837 1497 1871 293.
1534 1839 1580 1870 B:

943 1883 1121 1923 τέμιηοιτες
1159 1882 1179 1926 ἢ
1220 1882 1360 1916 κάοντες
1410 1884 1582 1916 Maxim.

942 1930 1043 1971 Tyr.
1066 1930 1159 1960 Diss.
1185 1929 1263 1968 XII,
1287 1928 1325 1961 2:
1364 1926 1384 1971 ἢ
1409 1939 1538 1962 καυσας
1564 1927 1584 1971 ἢ

941 1986 1061 2013 τειιων.
1095 1974 1304 2006 Themist.
1337 1973 1431 2008 Orat.
1456 1974 1518 2008 XI.
1548 1985 1582 2016 p.

942 2005 1017 2051 149.
1041 2019 1092 2050 A:
1137 2018 1172 2051 τὸ
1199 2018 1237 2050 δὲ
1269 2016 1402 2061 αἰάγκη
1428 2018 1583 2057 ἐκτεμεῖν

942 2062 961 2106 ἢ
986 2063 1184 2096 ἑπικαῦεσαι
1214 2074 1295 2096 nam
1319 2065 1368 2096 ita
1391 2064 1485 2107 vulg.
1511 2063 1582 2096 ἑπι-

941 2107 1006 2142 κόιῑ
1011 2121 1044 2140 αι
1061 2109 1237 2141 verissime
1255 2109 1455 2196 emendavi&
1464 2110 1581 2186 1Pier-

941 2166 1027 2187 son.
1051 2154 1095 2186 ad
1118 2155 1225 2186 Moer.
1281 2153 1389 2187 ,232
1483 2165 1580 2197 ppo-

941 2204 1044 2231 crat.
1068 2201 1120 2231 De
1145 2165 1277 2231 medicp
1294 2209 1328 2240 p.
1358 2197 1410 2231 13.
1419 2155 1495 2232 18.
1528 2199 1579 2233 ed.

939 2245 1036 2276 Bas.:
1079 2243 1134 2276 ἐπὶ
1170 2244 1209 2276 δὲ
1240 2247 1307 2276 τῶν
1337 2248 1577 2286 χειοουργιῶι,

941 2289 1017 2322 ὅσαι
1043 2289 1098 2321 διὰ
1124 2292 1225 2332 τομῆς
1257 2299 1350 2320 εισιι
1382 2287 1401 2331 ἢ
1427 2288 1578 2322 nudatos.

939 2335 1006 2367 Sed
1022 2335 1105 2366 satis
1123 2334 1369 2376 exemplorum,
1394 2345 1437 2366 ex
1453 2334 1578 2376 quibus

938 2380 1067 2421 liqueat
1112 2390 1181 2411 non
1227 2380 1458 2411 necessariam
1506 2390 1579 2411 esse

938 2424 1219 2457 Blomfieldii
1243 2425 1499 2457 correctionem.
1511 2425 1579 2466 Op-

936 2475 1082 2512 portune
1126 2479 1207 2501 vero
1254 2470 1432 2502 annotavit
1477 2471 1579 2502 Rou-

937 2515 1057 2546 thius
1087 2519 1219 2546 veteres
1243 2514 1394 2546 medicos
1417 2525 1575 2556 χειρουρ

934 2557 1032 2602 γικὴι
1079 2564 1112 2591 et
1160 2557 1440 2602 ᾳαραακευτικὴι·
1486 2561 1577 2602 ipsos

936 2605 1128 2637 exercuisse
1164 2615 1275 2646 neque
1305 2605 1396 2636 hanc
1426 2615 1577 2646 unquam

936 2649 979 2681 ab
1004 2649 1065 2681 illa
1089 2660 1276 2691 separasse.
1306 2649 1374 2681 vid.
1406 2649 1446 2681 G.
1471 2650 1531 2680 Vo
1547 2660 1577 2680 s-

938 2695 1034 2728 sius
1059 2695 1112 2726 De
1137 2700 1260 2727 natura
1284 2695 1406 2726 artium
1430 2694 1471 2728 V.
1498 2704 1524 2726 e.
1540 2692 1576 2726 ⁷8.
