1687 2969
220 174 296 209 100

759 173 1020 212 PLATONIS

217 279 288 320 καί
305 310 315 327 ,
344 278 383 319 εἴ
408 294 446 319 τι
475 278 557 333 ἐγὼ
587 280 785 333 συνίημι,
814 280 970 334 λέγεις,
1010 281 1073 322 ὅτι
1101 285 1283 329 πειθοῦς
1311 282 1572 336 δημιουργός

219 343 332 385 ἐστιν
358 344 386 397 ἦ
415 344 643 399 ῥητορική,
683 344 752 386 καὶ
781 346 809 400 ἡ
845 346 1109 400 πραγματεία
1151 346 1279 399 αὐτῆς
1317 347 1460 388 ἅπασα
1503 345 1575 388 καὶ

218 409 266 450 τὸ
296 410 533 462 κεφάλαιον
572 411 629 459 εἰς
656 417 781 452 τοῦτο
822 415 1006 464 τελευτᾷ.
1050 411 1075 464 ἢ
1112 409 1215 465 ἔχεις
1253 427 1292 451 τι
1329 411 1469 465 λέγειν
1509 410 1577 453 ἐπὶ

220 473 350 516 πλέον
378 473 457 528 τὴν
499 474 729 529 ῥητορικὴν
758 476 974 516 δύνασθαι
1003 476 1028 529 ἢ
1060 475 1196 517 πειθὼ
1225 479 1314 525 τοῖς
1343 477 1579 518 ἁκούουσιν

223 539 268 581 ἐν
296 547 347 593 τῇ
378 546 493 594 ψυχῇ
524 544 683 590 ποιεῖν,-

221 674 343 711 λαιον
371 671 514 723 αὐτῆς,

729 543 769 581 Γ
771 542 854 581 ΟΡ.
885 541 1108 594 Οὐδαμῶς,
1142 535 1174 581 ὦ
1204 541 1443 593 Σώκρατες,
1473 541 1579 582 ἄλλα

221 621 292 658 μοι
322 605 459 653 δοκεῖς
498 604 654 653 ἱκανῶς
683 605 920 656 ὁρίζεσθαι·

962 604 1045 646 ἔστι
1085 606 1166 659 γὰρ
1205 610 1333 647 τοῦτο
1372 606 1419 647 τὸ
1450 607 1577 658 κεφά-

571 671 671 710 ΣΩ.
690 666 905 711 ’Ἄκουσον
933 671 996 724 δή,
1030 664 1062 711 ὦ
1092 671 1265 724 Γοργία.
1309 669 1390 724 ἐγὼ
1418 669 1500 724 γὰρ
1530 667 1576 711 εὗ

153 749 190 791 Β
222 731 306 776 ἴσθ’
337 736 412 786 ὅτι,
446 736 502 783 ὡς
532 734 715 787 ἐμαυτὸν
744 736 905 784 πείθω,
949 735 1064 787 εἴπερ
1094 751 1155 784 τις
1184 738 1309 784 ἄλλος
1346 738 1458 790 ἄλλῳ
1487 736 1575 776 δια-

223 799 384 852 λέγεται
414 800 677 853 βουλόμενος
706 799 860 841 εἰδέναι
889 801 992 841 αὐτὸ
1021 805 1172 851 τοῦτο,
1202 799 1297 853 περὶ
1326 800 1428 841 ὅτου
1460 801 1482 842 ὁ
1511 802 1577 841 λό-

184 880 297 918 ..γος

338 863 445 913 ἐστί,
485 865 555 906 καὶ
595 863 664 918 ἐμὲ
704 861 815 906 εἶναι
854 866 1019 906 τούτων
1058 864 1155 907 ἕνα·

1197 866 1299 916 ἀξιῶ
1338 866 1382 907 δὲ
1419 866 1489 907 καὶ
1519 864 1577 907 σέ.

224 931 351 972 ΓΟΡ.
402 930 452 970 Τί
489 926 570 970 οὖν
606 930 680 984 δή,
723 925 756 970 ὦ
785 931 1034 982 Σώκρατεςς
1076 932 1178 972 Σῼ.
1209 926 1322 983 Ἐγὼ
1361 930 1444 983 ἐρῶ
1481 938 1575 972 νῦν.

292 1064 329 1094 Ρ.
361 1061 438 1095 453.
486 1061 631 1104 λέγειν
663 1062 729 1094 ἐπὶ
764 1062 912 1106 πλέον]
947 1064 991 1095 ἔτι
1022 1064 1098 1095 Par.
1130 1064 1197 1095 IV.
1235 1063 1326 1096 Flor.
1351 1063 1384 1096 b.
1416 1074 1493 1095 cum
1525 1063 1577 1096 ed.

224 1109 304 1140 Bas.
327 1106 357 1140 2.
399 1108 464 1139 Pro
489 1105 510 1149 ἡ
535 1108 616 1148 ἔχεις
644 1107 759 1140 Clark.

793 1103 812 1150 ἦ
838 1110 931 1150 ἔχεις,
957 1113 991 1141 et
1015 1108 1136 1141 deinde
1163 1109 1285 1140 πειθώ.

292 1177 330 1207 Β.
378 1175 507 1216 εἴπερ
536 1187 598 1209 τις
622 1173 766 1219 ἄλλος]
793 1176 891 1217 εἴπερ
920 1188 966 1210 τις
991 1177 1045 1208 καὶ
1071 1174 1168 1209 ἄλλος
1192 1177 1270 1209 Par.
1295 1177 1320 1208 Ι.

295 1242 393 1282 περὶ
426 1239 527 1273 ὅτου
562 1240 580 1273 ὁ
604 1241 739 1296 λόγος
765 1242 876 1286 ἐστι’]
911 1241 929 1274 ὁ
956 1254 1020 1278 om.
1047 1244 1124 1277 Vat.
1150 1244 1195 1275 A.
1227 1244 1314 1276 Ven.
1341 1243 1380 1276 Σ.
1405 1248 1438 1276 et
1460 1255 1509 1287 pr.
1537 1243 1575 1276 Ξ.

227 1287 328 1319 Vind.
354 1286 385 1319 2.
412 1285 441 1319 7.
468 1287 547 1329 περὶ
575 1281 616 1319 οὗ
641 1285 659 1318 ὁ
686 1290 713 1320 λ.
746 1289 835 1331 Aug
861 1290 1001 1321 Meerm.
1026 1292 1059 1321 et
1082 1289 1224 1321 Routhii
1247 1289 1345 1321 Bodl.

274 1400 312 1430 P.
334 1397 410 1431 453.
436 1399 501 1433 εἰς
528 1403 653 1431 τοῦτο
680 1399 867 1442 τελευτᾷ]

228 1444 341 1476 Intell.
368 1444 419 1477 εἰς
444 1444 479 1476 τὸ
498 1446 644 1476 πείθειν.
691 1445 868 1477 Sententia

228 1489 314 1521 haec
343 1494 411 1521 est:
443 1490 560 1522 dicis
596 1490 869 1522 rhetoricam

230 1545 325 1567 esse
350 1535 642 1576 persuadendi
662 1536 869 1577 opificem

230 1591 486 1621 omnemque
544 1580 643 1612 eius
695 1591 867 1622 operam

229 1630 356 1666 atque
378 1635 579 1657 summam
600 1625 650 1657 ad
673 1626 751 1657 hoc
772 1630 869 1658 tam-

230 1681 352 1712 quam
391 1671 443 1702 ad
476 1671 613 1702 finem
653 1681 773 1702 suum
812 1682 870 1702 re-

230 1717 354 1755 ferri,
386 1720 434 1747 ut
457 1715 566 1747 aliis
600 1716 869 1758 persuadere

230 1761 449 1803 possimus
474 1760 588 1802 quod
613 1761 869 1793 volumus.—

232 1805 300 1837 ἐπὶ
328 1804 524 1837 πλέον-
550 1804 791 1845 δύνασθαι,
818 1817 869 1838 an

232 1855 359 1892 potes
407 1850 555 1882 dicere
602 1850 651 1882 ad
698 1850 869 1893 aliquid

231 1896 331 1937 plus
377 1895 528 1927 valere
586 1896 868 1936 rhetoricam,

231 1951 355 1982 quam
403 1945 449 1972 ut
496 1941 654 1972 animis
693 1941 870 1973 audien-

230 1986 345 2017 tium
384 1985 722 2027 persuadeatur?
783 1987 870 2018 Nam

232 2030 303 2062 ἐπὶ
332 2029 871 2072 πλέοι’θεῒρ]1ιε.ν.80113,ο-

231 2076 310 2107 fer.
352 2075 396 2107 ad
441 2075 563 2107 Lamb.
601 2077 679 2108 Bos.
722 2087 754 2117 p.
793 2075 869 2108 552.

230 2119 418 2153 Lobeck.
451 2120 494 2152 ad
526 2121 684 2162 Sophocl.
709 2121 805 2152 Aiac.
838 2132 870 2153 v.

231 2165 329 2198 1255.
361 2165 586 2197 Heindorf.
612 2166 654 2197 ad
678 2166 711 2197 h.
736 2166 757 2197 1.
778 2170 811 2198 et
827 2166 870 2198 ad

230 2210 405 2242 Phaedon.
442 2221 475 2252 p.
506 2209 559 2243 93.
592 2211 628 2242 B.
692 2211 871 2252 Loquendi

229 2266 339 2298 genus
363 2266 468 2297 quum
492 2255 587 2294 alibi,
612 2261 684 2287 tum
702 2257 768 2288 hoc
793 2257 869 2288 loco

231 2302 322 2332 viros
347 2300 462 2332 doctos
492 2301 632 2340 fefellit,
665 2312 809 2342 quorum
832 2302 868 2332 in

230 2356 371 2377 numero
402 2346 540 2377 fuerunt
571 2346 629 2387 qui
667 2347 870 2388 scripturam

233 2391 277 2421 ἔτι
317 2390 395 2421 πλὲο
403 2403 420 2420 1¹
458 2390 650 2432 probarent.
711 2391 802 2423 Illud
843 2404 869 2422 τι

232 2436 378 2477 pertinet
412 2435 454 2467 ad
487 2436 570 2476 ἔχεις
601 2435 730 2478 λέγειι,
773 2447 795 2468 11
806 2447 867 2468 11111

233 2490 313 2522 qua
337 2480 470 2511 habes
495 2481 666 2512 dicere?

603 2525 620 2556 ι’
626 2535 645 2556 ο
656 2523 688 2556 θ’
724 2523 742 2556 ὅ
754 2538 788 2557 τι
822 2544 865 2548 -

278 2521 360 2567 ἐγώ
392 2522 473 2579 γὰρ
516 2537 561 2556 ευ

232 2571 301 2600 καὶ
329 2568 405 2607 ἐμὲ
429 2581 466 2600 ει
484 2581 549 2601 ναι
582 2582 750 2602 τουτω]
775 2570 792 2601 ἕ
805 2583 822 2601 ι
834 2569 867 2624 α]

229 2614 392 2667 Vulgaris
424 2614 511 2646 ratio
518 2615 696 2668 exigebat
720 2615 775 2646 καὶ
801 2613 867 2658 ἐγώ

228 2659 297 2698 εἰμι
329 2657 461 2690 τούκτωι
493 2654 554 2692 εἷς.
603 2660 668 2692 Sed
701 2661 867 2692 aecusati-

227 2715 308 2736 vum
332 2714 409 2736 cum
432 2704 603 2736 infinitivo
622 2709 699 2747 post
722 2704 771 2737 ὅτι
795 2716 864 2738 non

936 1410 1013 1432 raro
1038 1400 1155 1432 inferri
1186 1400 1288 1432 hodie
1319 1400 1402 1432 satis
1433 1403 1578 1433 constat.

937 1456 970 1477 v.
995 1450 1108 1477 annot.
1135 1445 1178 1477 ad
1201 1445 1375 1477 Phaedon.
1401 1456 1432 1488 p.
1459 1444 1512 1478 63.
1538 1446 1577 1478 C.

937 1491 1088 1523 Matth.
1106 1491 1164 1522 Gr.
1181 1490 1296 1529 §.538
1321 1491 1435 1522 Rost.
1461 1489 1577 1530 §.122

938 1541 1006 1568 not.
1037 1534 1067 1568 3.
1131 1536 1206 1567 Nisi
1244 1536 1330 1568 forte
1367 1536 1576 1567 infinitivum

938 1586 1057 1623 putare
1088 1581 1250 1612 malueris
1282 1592 1325 1613 ex
1357 1579 1403 1615 ὥς
1429 1579 1578 1620 ἐμαυτὸν

938 1626 1052 1657 πείθω
1084 1636 1158 1658 esse
1189 1637 1410 1668 suspensum,
1446 1626 1486 1658 de
1511 1637 1579 1668 qua

939 1672 1189 1703 constructione
1229 1682 1261 1703 v.
1305 1671 1347 1703 ad
1384 1671 1578 1703 Phaedrum

995 1715 1072 1748 272.
1092 1717 1133 1747 D.
1182 1717 1371 1758 Utrumque
1387 1721 1487 1749 recte.
1510 1717 1577 1748 De-

938 1727 1017 1792 inde
1049 1761 1137 1800 vide,
1170 1771 1215 1792 an
1248 1772 1366 1793 verum
1399 1762 1444 1793 sit
1475 1762 1575 1803 εἰπερ

940 1818 985 1839 τις
1010 1806 1080 1837 καὶ
1106 1804 1205 1840 ἄλλος
1230 1803 1318 1848 ἄλλο)
1348 1806 1375 1838 δ.
1401 1807 1575 1839 Phaedon.

938 1862 971 1892 p.
1007 1850 1061 1883 66.
1085 1852 1133 1883 A:
1168 1844 1221 1892 ἆρ’
1253 1849 1318 1907 οιξχ
1349 1845 1449 1885 οὗτόδἸ
1484 1850 1576 1883 ἐστι]

938 1914 982 1919 ——
1005 1897 1104 1936 εἴπερ
1133 1907 1179 1929 τις
1204 1897 1258 1927 καὶ
1283 1894 1392 1935 ἄλλος,
1419 1894 1438 1928 ὁ
1460 1895 1576 1937 τευξό-

938 1952 1043 1980 μενος
1076 1945 1135 1972 τοῦ
1166 1938 1281 1980 ὅντος;
1313 1941 1374 1972 ubi
1403 1952 1435 1972 v.
1461 1946 1576 1974 annot.

939 1986 1017 2018 coll.
1063 1986 1326 2018 Valckenar.
1373 1986 1415 2018 ad
1459 1987 1576 2029 Eurip.

938 2032 1116 2065 Phoeniss.
1142 2042 1172 2066 v
1198 2030 1286 2064 1589
1311 2042 1379 2072 seq.

984 2076 1022 2108 C.
1035 2088 1078 2107 το
1094 2080 1114 2108 ῦ
1139 2077 1219 2108 οὐν
1245 2076 1293 2108 ἓν
1304 2072 1575 2109 ena—azizos

939 2123 955 2152 λ
966 2120 1008 2162 ἐγ
1020 2133 1045 2152 ω
1058 2120 1080 2163 ,·]
1096 2123 1147 2153 De
1163 2122 1428 2176 interrogatione
1445 2132 1475 2152 v.
1488 2121 1577 2152 infra

938 2177 971 2207 p.
996 2164 1072 2198 457.
1096 2167 1146 2198 E:
1182 2170 1240 2198 τοῦ
1276 2165 1317 2208 δὴ
1358 2166 1459 2198 ἕνεκα
1491 2165 1575 2208 λέγω

940 2213 1059 2244 rafim:
1085 2210 1133 2243 ὅτι
1161 2215 1226 2243 1132
1242 2210 1316 2250 ἐμοὶ
1339 2210 1452 2244 δοκεῖς
1472 2223 1500 2242 κ.
1514 2223 1537 2242 τ.
1550 2211 1577 2242 λ.

938 2256 1096 2297 Lysias
1123 2256 1198 2288 adv.
1223 2257 1363 2298 Agorat.
1389 2267 1418 2298 p.
1445 2254 1498 2287 99.
1523 2255 1575 2287 ed.

937 2301 1162 2333 B1em121013
1186 2299 1213 2333 δ’
1240 2301 1341 2333 ἑίεκα
1367 2304 1468 2333 ταῦτα
1491 2300 1575 2343 λέγω

939 2342 1042 2384 ὑμῑ1;
1077 2344 1119 2377 ἱ”ἰ
1153 2345 1231 2388 είῆδ
1236 2357 1268 2377 τε
1299 2359 1325 2378 κ.
1364 2358 1388 2378 τ.
1421 2348 1446 2377 λ.
1496 2347 1576 2377 Ρ1·-ο

937 2394 1043 2433 tagox.
1077 2401 1107 2432 p.
1132 2359 1231 2423 343.η
1233 2392 1271 2422 Β.
1297 2393 1434 2423 Menon.
1467 2402 1498 2432 p.
1523 2389 1577 2422 97.

936 2436 975 2467 E.
1000 2436 1103 2478 Legg.
1130 2436 1188 2467 IV.
1213 2447 1244 2477 p.
1270 2434 1344 2468 722.
1368 2437 1411 2468 D.
1443 2435 1575 2467 Politic.

936 2491 968 2522 p.
999 2479 1075 2512 264.
1116 2481 1153 2512 C.
1219 2481 1351 2520 Quibus
1386 2481 1507 2520 addas,
1547 2481 1576 2511 si

936 2525 1067 2566 placet,
1111 2535 1197 2566 quae
1231 2525 1274 2557 ab
1309 2525 1576 2558 Heindorfio

937 2569 980 2601 ad
996 2569 1139 2601 Phaedr.
1164 2581 1194 2612 p.
1213 2569 1290 2603 237.
1307 2571 1350 2603 D.
1375 2575 1408 2602 et
1431 2582 1451 2602 a
1474 2569 1574 2602 nobis

936 2615 978 2646 ad
1004 2614 1160 2656 Sympos.
1191 2626 1223 2657 p.
1247 2614 1320 2648 178.
1354 2616 1397 2647 D.
1430 2615 1574 2647 collecta

936 2664 1025 2691 sunt.
1044 2678 1088 2683 —
1113 2658 1167 2692 ὥς
1192 2658 1357 2699 μάλιστ’
1383 2658 1433 2691 ἂν
1458 2657 1517 2702 ἡμ.
1544 2672 1571 2690 κ.

937 2709 1080 2743 ποιοῖ,
1122 2705 1184 2737 uti
1225 2705 1354 2738 nobis
1388 2705 1573 2737 maxime
