1687 2969
457 153 872 198 PHAEDRUS.
906 155 954 195 P.
989 157 1065 196 :³51
1101 155 1163 199 St.
1372 157 1444 195 lll

108 294 183 319 νει.
227 273 457 330 δεξάμενος
500 270 586 329 γὰρ
633 273 709 316 τοῦ
754 271 943 322 κάλλους
990 270 1072 325 τὴν
1105 269 1342 331 ἀποῤῥοὴν
1378 272 1449 315 διὰ

106 358 191 385 των
235 339 469 398 ὀμμάτων7
525 338 796 395 ἐθερμάνθη
852 357 877 399 1J
921 336 949 391 ἡ
997 341 1076 381 τοῦ
1117 341 1279 395 πτεροῦ
1323 338 1451 399 ([ύσις

105 408 304 466 ἄρδεται.
353 410 697 465 θερμανθέντος
732 408 776 448 δὲ
814 404 947 458 ἐτάκη
984 403 1040 448 τὰ
1076 423 1172 462 περι
1207 404 1288 459 τὴν
1323 411 1450 467 &aqv-

102 492 188 532 σιν,
224 474 253 518 ἃ
289 473 428 519 παλαι
462 471 547 517 ὑπὸ
585 471 879 530 σκληρότητος
912 471 1218 529 συμμεμυκότα
1251 472 1361 530 εἷρςε
1389 474 1449 530 μὴ

102 541 383 599 βλαστανειν.
421 538 694 599 ὲπιῤῥυείσης
726 543 770 583 δὲ
809 542 887 593 τῆς
921 542 1091 598 τροφῆς
1126 538 1260 595 ᾤδησέ
1295 559 1338 584 τε
1376 544 1449 584 καὶ

102 609 276 666 ὥρμησε
314 607 515 670 φύεσθαι
549 605 638 651 ἀπὸ
677 610 754 660 τῆς
788 606 907 664 ῥιζης
942 607 964 650 ὸ
1003 610 1080 650 τοῦ
1103 609 1266 662 πτεροῦ
1285 606 1450 658 καυλὸς

102 675 187 721 ὑπὸ
227 679 318 720 πᾶν
353 674 403 719 τὸ
440 677 519 728 τῆς
552 676 697 735 ψυχῆς
733 674 864 725 εἶδος·
907 676 1029 717 πᾶσα
1065 672 1149 731 γὰρ
1188 674 1240 728 ὴν
1276 673 1325 718 τὸ
1364 693 1448 718 πα-

100 748 173 787 hm
210 741 423 800 πτερωτή.
493 739 851 802 Ca1›.XXXll.
905 744 964 795 ζεῖ
997 759 1077 785 ουν
1107 748 1153 785 ὲν
1189 740 1331 797 τούτῳ
1367 741 1447 795 ὅὶη

99 813 183 865 καὶΙ
208 810 451 864 ἀνακηκίει,
488 811 561 852 καὶ
596 807 703 865 ὅπερ
739 807 789 852 τὸ
826 811 914 852 τῶν
950 808 1450 868 odovtocpvouvzwvmz'-

100 883 190 929 θος
236 880 332 936 περὶ
377 874 481 926 τοὺς
522 874 711 927 ὀδόντας
744 879 962 931 γίγνεται,
1009 874 1121 920 ὅταν
1156 873 1258 935 ἄρτι
1294 875 1451 936 (pumat,

193 1009 232 1043 Β.
279 1012 297 1050 jJ
326 1006 343 1050 ἡ
370 1011 451 1039 τοῦ
476 1006 562 1050 ππ]
591 1009 610 1049 ῃ
639 1017 706 1040 om.
737 1006 833 1040 Bodl.
861 1006 934 1040 Vat
964 1007 1270 1041 ven.11.GPT.

190 1055 229 1089 C.
278 1055 341 1094 ζεῖ
376 1049 474 1096 ουί]
508 1052 546 1094 ζῆ
586 1052 686 1087 Bodl
723 1052 796 1087 Vat.
830 1053 983 1085 AIIFG
1021 1057 1055 1086 et
1092 1064 1141 1096 pr.
1169 1055 1238 1086 ΨΒ
1264 1056 1306 1106 al.
1331 1055 1452 1087 vitiose

98 1112 106 1130 ι
122 1100 245 1134 uideni.

108 1110 117 1141 l
191 1146 298 1179 ὃίιιν
335 1144 436 1186 ἄρτι
468 1143 522 1187 (pii
533 1158 556 1175 υ
547 1143 628 1186 σι]
663 1147 774 1185 qadim.
805 1144 957 1176 scribunt
989 1144 1327 1186 AHDGOPTN‚
1363 1146 1452 1178 unde

101 1192 277 1224 Bekkerus
310 1192 474 1233 reposuit.
515 1190 613 1224 Bodl.
640 1194 781 1223 accentu
807 1194 913 1222 caret.
966 1191 1087 1223 Verum
1114 1195 1168 1222 est
1199 1191 1331 1233 φύωσι,
1358 1192 1449 1233 quod

98 1243 214 1270 tamen
238 1247 347 1278 nuper
371 1237 473 1269 etiarn
497 1235 632 1270 Turicc.
666 1236 838 1268 muta‘runt
872 1236 903 1267 in
928 1240 1046 1277 φυώσι.
1094 1236 1179 1268 Dein
1205 1238 1234 1269 A
1250 1239 1451 1269 IIE'DDG

97 1283 297 1317 HNOPT
328 1282 383 1315 alii
413 1283 553 1323 κίνησις,
589 1282 679 1322 quod
707 1283 821 1323 placet
851 1281 1128 1315 Winckelmanuo
1160 1283 1202 1315 ad
1242 1284 1327 1315 Plut.
1354 1283 1452 1318 Erot.

97 1340 128 1372 p.
153 1328 232 1364 224.
281 1332 326 1362 At
352 1338 384 1360 v.
411 1331 528 1360 nostra
559 1327 602 1359 ad
630 1327 761 1360 Pliileb.
788 1338 820 1369 p.
846 1326 901 1362 46.
929 1328 966 1362 Ε.
992 1339 1035 1359 Ξ
1060 1327 1138 1362 269,
1165 1330 1216 1363 ed.
1245 1329 1350 1363 Goth.
1374 1331 1451 1364 coll.

97 1375 281 1418 Spauliem.
307 1374 351 1407 ad
378 1374 481 1407 Arist.
506 1373 597 1406 Plut.
623 1384 652 1406 ν.
677 1373 753 1408 974.
773 1374 876 1407 obss.
897 1374 996 1408 Misc.
1013 1373 1054 1408 Τ.
1074 1384 1104 1409 ν.
1123 1385 1154 1417 p.
1176 1376 1231 1409 57.
1253 1376 1305 1408 vl.
1325 1375 1450 1418 [2302.

96 1466 233 1507 πόθον,
271 1464 407 1508 εἷςάγων
451 1466 607 1509 γλυκεῖαν
644 1468 742 1510 ψυχᾷ

93 1511 205 1555 χάριν.
228 1511 436 1554 Sopliocl.
465 1514 577 1553 Antig.
602 1521 632 1542 v.
661 1513 738 1545 795.

97 1559 192 1592 Aiac.
225 1567 256 1592 v,
294 1558 367 1592 140.
402 1559 500 1592 1266.
539 1557 738 1599 Aescliyl.

95 1605 216 1645 Agam.
236 1614 266 1637 v.
283 1602 361 1638 419.
394 1603 527 1636 Locum
548 1603 738 1635 imitatione

96 1649 265 1692 expressit
275 1649 413 1682 sedulus
434 1649 738 1682 flosculorumPla-

96 1696 289 1727 touicorum
307 1698 463 1737 captator
482 1699 507 1727 A
521 1695 579 1727 ris
591 1698 631 1726 ta
643 1706 660 1726 e
671 1704 690 1725 n
701 1705 737 1725 e-

96 1745 169 1773 tus
203 1740 311 1821 lipist.
338 1741 379 1775 ll.
409 1741 468 1782 18,
494 1741 550 1773 ubi
574 1751 605 1774 v.
631 1741 738 1783 intpp.

143 1855 183 1890 B.
217 1857 235 1896 ᾗ
265 1852 283 1896 rJ‘
310 1858 390 1887 τοῦ
414 1857 584 1898 πτεροῦ
607 1866 741 1897 φυσις

95 1899 303 1944 ἄρδεται]
340 1901 488 1934 Astius
522 1900 586 1933 etsi
611 1904 664 1933 ter
688 1900 740 1933 di-

96 1947 202 1980 versis
228 1948 442 1989 temporibus
463 1947 642 1980 affirmavit
657 1946 742 1979 haec

95 1993 198 2025 verba
229 1993 294 2025 sibi
327 1993 433 2026 videri
475 1993 619 2025 insiticia
663 2004 742 2026 esse

95 2042 155 2071 aut
178 2039 288 2070 alieno
314 2040 390 2071 loco
416 2039 598 2078 collocata,
627 2042 742 2071 tamen

95 2084 294 2126 suspicionis
332 2095 473 2117 causam
508 2084 664 2118 idoneam
700 2095 742 2117 ne

97 2131 205 2162 semel
230 2129 368 2171 quidem
386 2129 546 2174 prodidit.
585 2130 659 2163 Nec
677 2142 717 2172 eg„
708 2141 744 2162 o

97 2177 201 2208 ullam
218 2177 320 2234 potui
338 2177 509 2219 indagare.
539 2176 652 2209 Certe
668 2176 742 2218 qui-

96 2222 174 2253 dem
212 2225 255 2268 ᾑ,
295 2232 375 2264 qua
415 2223 615 2262 ratione,
664 2221 741 2254 nihil

96 2266 198 2299 habet
231 2268 421 2301 molestiae.
484 2268 651 2310 Deinceps
691 2272 742 2300 ta

97 2322 174 2345 men
211 2313 357 2346 fortasse
406 2315 527 2356 aliquis
576 2315 740 2356 scriptum

96 2359 214 2391 vellet·
246 2361 510 2402 θερμανθέντος
524 2359 570 2402 γὰ
586 2373 604 2400 ρ
625 2360 738 2400 ἐτάκη,

95 2404 283 2437 inserviunt
330 2405 416 2439 enim
464 2405 549 2438 haec
591 2406 739 2439 uberiori

96 2449 309 2492 explicationi
341 2451 634 2484 antecedentium:
667 2465 687 2497 ῃ
717 2450 734 2492 ἡ

96 2507 156 2527 του
185 2498 315 2538 πτεροῦ
340 2495 439 2537 φύσις
463 2497 616 2541 ἄρδεται,

139 2563 259 2605 εἶργε
299 2561 355 2606 μὴ
386 2564 737 2607 βλαστάνειν]

94 2608 209 2642 Scha
223 2609 287 2642 ese
298 2619 324 2654 r.
350 2610 392 2641 ad
414 2610 588 2645 Demosth.
611 2614 738 2654 Appar.

93 2655 245 2697 T.1v.p.
264 2654 337 2690 164.
363 2656 492 2696 „Verbi
506 2656 596 2699 εἶργε
613 2658 665 2689 vis
685 2661 739 2689 est

93 2711 301 2743 praegnans,
335 2711 436 2742 quam
469 2703 569 2744 vulgo
602 2702 737 2735 dicunt:

93 2746 220 2789 quippe
263 2747 353 2781 valet
394 2748 549 2791 εἴργοντα
593 2749 737 2783 guntem-

809 1465 1055 1507 Copiosissime
1097 1464 1160 1497 lioc
1194 1467 1351 1500 Graecae
1390 1468 1453 1500 lin-

808 1522 898 1552 guae
923 1510 1049 1543 idioma
1074 1512 1255 1545 illustravit
1289 1514 1450 1547 ssuttm.

806 1557 950 1589 Excurs.
978 1557 1016 1591 ll.
1050 1557 1092 1589 ad
1123 1558 1365 1591 Demosthenis
1390 1560 1450 1593 Or.

806 1602 889 1636 Mid.
917 1614 948 1645 p.
976 1602 1039 1636 142
1064 1613 1138 1644 sqq.
1173 1609 1207 1636 et
1231 1615 1338 1646 nuper
1364 1605 1452 1637 We-

808 1648 904 1680 xius
947 1648 989 1679 ad
1024 1649 1186 1690 Sopliocl.
1222 1653 1381 1692 Antigou
1417 1662 1448 1693 p.

810 1692 883 1727 140.
925 1693 951 1725 1
956 1695 1045 1725 utine
1076 1695 1216 1727 dixeris.
1246 1707 1353 1737 quae
1379 1696 1452 1729 (lu-

806 1739 900 1771 dum
928 1744 1155 1782 propter
1189 1741 1449 1775 duritiem

806 1797 821 1818 5
837 1795 928 1818 uam
947 1787 1125 1818 occlusa
1146 1785 1450 1828 prohibebant.

804 1841 856 1863 ne
904 1832 1013 1864 illae
1054 1834 1336 1873 pullularent.
1401 1835 1452 1866 De

806 1877 946 1909 aorlstis
968 1878 1079 1920 ῴόησέ
1100 1890 1135 1909 τε
1158 1878 1355 1923 καὶιῖἷρμησε
1385 1879 1450 1913 vid.

810 1932 884 1957 ann.
913 1923 955 1955 ad
982 1934 1013 1966 ρ.
1029 1923 1106 1958 232.
1134 1924 1173 1958 E.
1192 1944 1235 1948 —
1259 1924 1342 1957 ὑπὸ
1370 1929 1452 1957 πᾶν

810 1968 854 2001 τὸ
905 1973 977 2010 τῆς
1024 1979 1061 2010 ψ.
1110 1969 1245 2011 εἶδος,
1296 1972 1452 2004 subter

811 2015 1060 2048 universam
1096 2017 1223 2049 animi
1253 2018 1454 2059 speciem.

858 2061 896 2092 C.
928 2059 1032 2092 ὅταν
1058 2061 1161 2104 ἄρτι
1186 2061 1339 2106 φύωσι]
1360 2064 1453 2096 Con—

810 2106 946 2138 iunctivi
964 2107 1202 2150 ΐυῐηιθφυῶσι,
1215 2108 1317 2140 ducta
1334 2110 1386 2141 illa
1410 2110 1453 2141 ab

811 2153 940 2185 aoristo
958 2152 1077 2194 ἐῳι,ἠν,
1096 2157 1235 2195 φυῆναι,
1261 2156 1370 2195 «pinse,
1395 2156 1453 2196 qui

811 2198 957 2230 citeriori
989 2199 1178 2231 Graecitati
1211 2200 1369 2241 proprius
1401 2200 1452 2232 vi-

809 2245 919 2283 detur,
947 2244 1037 2286 apud
1064 2245 1243 2278 Platonem
1270 2249 1338 2277 tam
1366 2247 1454 2278 mul-

808 2291 850 2322 tis
876 2289 957 2322 locis
983 2290 1081 2322 obvia
1111 2294 1181 2329 est,
1217 2295 1255 2322 ut
1283 2291 1450 2333 piaculum

806 2336 961 2368 videatur
989 2339 1107 2367 contra
1141 2336 1296 2369 codicum
1329 2342 1451 2370 aucto-

807 2383 941 2414 ritatem
973 2381 1098 2422 ubique
1132 2381 1243 2423 φύωσι
1267 2384 1449 2426 corrigere..

806 2438 836 2459 v.
854 2437 940 2468 quos
957 2428 1050 2460 locos
1066 2428 1214 2460 laudavit
1228 2428 1419 2462 Matthia
1432 2442 1451 2463 e

806 2474 866 2505 Gr.
903 2471 944 2505 Τ.
974 2473 998 2504 l.
1029 2483 1060 2515 p.
1086 2472 1173 2514 4915,
1207 2474 1330 2515 quibus
1361 2475 1450 2509 adde

806 2518 905 2560 Reip.
943 2517 978 2551 V.
1006 2529 1038 2560 p.
1062 2518 1141 2553 473.
1168 2520 1207 2554 D.
1233 2520 1278 2553 X.
1305 2521 1384 2556 597.
1410 2523 1450 2555 C.

807 2565 885 2596 Hoc
915 2566 1029 2596 tamen
1065 2566 1141 2597 loco
1176 2565 1290 2608 ‹pv'cmn
1320 2569 1373 2600 vel
1400 2568 1451 2600 in-

806 2610 883 2641 vitis
902 2609 1000 2641 codd.
1018 2611 1212 2646 tenendum.
1261 2612 1338 2644 Non
1364 2615 1450 2646 enim

806 2657 840 2687 οἱ
878 2653 1018 2692 ὀδόντες
1062 2656 1338 2699 intelligendum,
1388 2659 1449 2691 sed

806 2701 994 2734 subiectum
1035 2706 1089 2734 est
1126 2704 1160 2734 οἱ
1192 2702 1450 2746 ὀδοντοφυοῦν-

807 2758 882 2787 τες,
915 2746 960 2779 ita
994 2751 1030 2780 ut
1053 2747 1096 2780 ad
1121 2747 1234 2793 ‹pv'onn
1259 2749 1450 2792 intelligen-
