1687 2969
211 198 262 233 92
749 195 958 233 PLATON
962 196 1012 233 IS

156 316 179 333 Υ
209 300 316 343 ε’νιαι
344 303 493 356 σχεδόν
520 318 559 343 τι
587 304 707 351 ἴσους
734 299 835 351 τοὺς
871 304 1026 356 λόγους
1053 300 1195 356 ἔχουσι
1223 307 1314 352 ταῖς
1342 304 1555 356 πράξεσιν,

209 383 252 408 αι
278 366 323 407 δὲ
351 367 502 408 πολλαὶ
542 368 714 416 πλείους
751 384 821 409 και
858 367 906 409 τὸ
947 370 1151 420 παράπαν
1189 375 1304 409 πάσα
1341 369 1370 423 ἦ
1409 369 1558 421 πρᾶξις

141 422 179 464 Ε
209 432 280 474 καὶ
308 433 355 473 τὸ
374 435 517 485 κῦρος
547 429 695 481 αὐταῖς
723 433 791 474 διὰ
820 434 963 486 λόγων
992 432 1088 474 ἐστί
1117 436 1203 474 τῶν
1231 435 1438 475 τοιούτων
1465 435 1560 475 τινά

98 952 177 993 451

209 513 281 551 μοι
309 497 447 546 δοκεῖς
474 496 610 549 λέγειν
638 498 716 551 τὴν
755 498 997 551 ῥητορικήν.
1055 500 1183 539 ΓΟΡ.
1218 494 1388 552 Ἀληθῆ
1417 497 1560 551 λέγεις.

210 563 311 603 ER.
338 558 450 603 Ἀλλ’
482 565 600 604 οὔτοι
628 563 791 604 τούτων
820 577 864 615 γε
887 563 1095 616 ου’ὄεμίαν
1119 560 1239 616 οἶμαί
1260 573 1304 604 σε
1330 564 1562 615 βούλεσθαι,

211 627 440 681 ῥητορικὴν
468 631 634 677 καλεῖν,
675 625 752 681 οὐχ
782 628 845 669 ὅτι
882 633 940 686 τῷ
971 629 1123 682 ῥήματι
1163 628 1297 677 οὕτως
1326 625 1457 677 εἶπες,
1498 625 1563 669 ὅτι

209 693 237 746 ἦ
265 693 334 733 διὰ
362 693 494 745 λόγου
523 694 570 733 τὸ
609 697 742 744 κῦρος
780 691 933 746 ἔχουσα
972 693 1172 747 ῥητορική
1217 693 1323 745 ἐστι,
1363 693 1432 735 καὶ
1459 693 1563 735 ὑπο-

209 758 334 810 λάβοι
361 761 416 799 ἄν
443 773 524 806 τις,
567 758 602 798 εἰ
640 759 838 809 βούλοιτο
877 758 1163 811 δυςχεραίνειν
1205 757 1251 799 ἐν
1289 761 1378 807 τοῖς
1407 759 1561 811 λόγοις,

220 822 309 876 Τὴν
338 822 624 876 ἀριθμητικὴν
652 826 735 875 ἄρα
764 823 1002 877 ῥητορικήν
1035 824 1067 863 ὠ
1092 823 1266 875 Γοργιά.
1295 821 1448 875 λέγεις;
1478 818 1564 864 ἀλλ’

210 885 290 928 οὐκ
319 889 437 941 οἰμαί
465 898 509 928 σε
539 891 635 929 οὔτε
670 887 746 941 τὴν
775 888 1060 943 ἀριθμητικὴν
1082 891 1177 930 οὔτε
1206 885 1287 961 τὴν
1307 889 1564 941 γεωμετρίαν

211 952 439 1007 ῥητορικην
466 951 615 1006 λέγειν.

211 1017 280 1059 καὶ
309 1019 481 1067 δικαίως
508 1019 834 1072 ὑπολαμβάνεις.

674 956 714 994 Γ
715 955 798 994 ΟΡ
824 950 998 1006 Ὀρθῶς
1025 954 1108 1007 γὰρ
1138 953 1228 999 οίει
1260 954 1292 993 ω
1322 954 1561 1006 Σώκρατες,

279 1158 393 1189 ἔνιαι
421 1156 577 1198 σχεδόν
603 1170 638 1189 τι
663 1156 814 1200 ἴσους]
842 1158 881 1189 V.
907 1169 945 1200 γε
971 1158 1071 1191 ἴσους
1095 1158 1216 1190 invitis
1241 1156 1341 1190 codd.

278 1225 317 1256 E.
365 1223 508 1267 λέγειν
542 1222 617 1267 τὴν
651 1222 910 1268 ῥητορικήν]
944 1225 1055 1268 λέγειν
1080 1225 1135 1257 καὶ
1162 1222 1222 1268 τὴν
1249 1222 1277 1266 ρ’.

211 1270 306 1303 codd.
332 1280 449 1302 omnes
474 1275 607 1312 praeter
632 1270 716 1302 Ven.
744 1270 781 1303 Ξ.

1327 1223 1393 1256 Sed
1417 1224 1471 1256 καὶ
1498 1235 1563 1256 om.

279 1335 375 1370 Ἀλλ’
409 1335 530 1369 οὗτοι
563 1336 731 1370 τούτων
763 1337 830 1380 γε]
864 1338 905 1369 V.
937 1335 1020 1369 οὔτι.
1069 1337 1136 1370 Sed
1169 1335 1261 1369 οὔτοι
1293 1338 1369 1369 Par.
1394 1338 1440 1377 I.,
1475 1336 1567 1378 quod

212 1383 306 1415 dedit
335 1383 483 1415 Bekker.
529 1384 643 1414 Recte.

281 1450 437 1491 ὃυςχερ
452 1452 568 1481 αιίἐι
583 1463 600 1480 ι’
634 1449 681 1481 εἰ·
714 1454 800 1483 τοῖς

278 1519 315 1550 P.
339 1517 415 1551 451.

211 1650 383 1695 γιστικὴ
415 1664 443 1683 κ.
477 1664 501 1683 τ.
534 1651 579 1694 L]
629 1652 763 1683 Artium
797 1662 855 1683 no-

211 1698 306 1729 mina
336 1698 479 1729 articulo
512 1707 627 1729 carere
652 1708 751 1739 posse
776 1701 857 1729 nota

212 1743 314 1774 hodie
357 1753 410 1774 res
456 1747 516 1774 est.
564 1754 595 1774 v.
634 1742 820 1774 Schaefe
830 1754 855 1774 r.

212 1788 329 1820 Melet.
355 1789 429 1819 crit.
450 1799 481 1829 p.
505 1787 537 1819 5.
560 1787 789 1819 Heindorf.
814 1787 857 1819 ad

215 1833 362 1874 Sophist.
394 1843 426 1874 p.
449 1831 525 1865 442.
585 1833 728 1864 Plurimi
764 1833 856 1873 iique

215 1878 334 1919 optimi
365 1878 462 1911 codd.
497 1888 573 1908 eum
606 1878 682 1909 voci
706 1875 855 1919 ἀριθμη-

216 1921 287 1965 τικὴ
305 1924 535 1964 praemittunt,
560 1928 639 1954 ante
664 1929 774 1954 cetera
799 1934 857 1953 no-

214 1969 307 1999 mina
346 1969 522 2004 omittunt,
563 1967 726 2009 probante
759 1968 855 1999 Bek-

215 2013 328 2044 kero.
352 2031 395 2035 —
421 2012 520 2052 Quod
542 2023 620 2044 vero
642 2013 769 2044 dieitur
799 2014 854 2044 καὶ

217 2055 410 2101 πεττευτική
425 2069 473 2100 γε,
498 2059 626 2089 mentio
650 2059 752 2089 huius
776 2059 857 2089 artis

215 2103 290 2134 ideo
315 2103 501 2142 extollitur,
527 2104 606 2144 quia
631 2103 687 2134 vel
712 2104 857 2134 maxime

215 2159 292 2180 cum
341 2150 476 2180 actione
521 2149 704 2179 coniuncta
748 2148 858 2179 videri

214 2193 332 2235 possit.
378 2194 430 2225 De
455 2194 509 2224 καὶ
527 2212 570 2216 -—
587 2205 624 2235 γε
650 2194 684 2224 in
708 2193 857 2234 plurium

215 2249 326 2270 rerum
360 2239 615 2270 enumeratione
640 2243 801 2280 usurpato
825 2249 857 2270 v.

216 2283 258 2315 ad
282 2284 386 2337 Hipp.
411 2284 494 2315 Mai.
523 2295 555 2324 p.
579 2282 655 2315 301.
681 2284 720 2314 Α.

272 2328 338 2359 καὶ
397 2327 437 2359 τὸ
494 2332 623 2369 κῦρος
678 2326 853 2368 αιταῖς]

218 2373 460 2425 Olympiod.
497 2375 561 2404 Ms.
594 2371 698 2410 ιδοιῖ,
716 2371 859 2426 ἐπειδὴ

220 2416 407 2459 ,Summum
429 2414 446 2449 ὁ
470 2418 578 2460 λέγω]
604 2415 666 2449 οὖν.
691 2413 768 2449 εἶπε
792 2416 856 2448 nz'-

221 2474 238 2503 ρ
249 2474 274 2494 ω
288 2473 305 2493 ο
316 2475 325 2493 ι
338 2474 352 2495 5·
378 2463 481 2504 (quod
497 2467 568 2494 elat
588 2463 781 2494 Siculorum
795 2463 858 2493 lin-

217 2518 303 2550 guae
327 2508 525 2549 proprium),
548 2505 629 2539 αλλὰ
654 2511 790 2548 κῦρος.

262 2554 302 2585 Ε.
358 2550 459 2583 ’'Am
510 2551 639 2584 οὗτοι
687 2550 858 2583 τοιμτωι

217 2609 265 2639 γε
290 2610 307 2629 ο
324 2595 404 2640 ὐδ]
436 2597 582 2638 Neque
607 2602 746 2629 tamen
772 2608 858 2639 pro-

217 2643 336 2674 fecto
369 2642 520 2673 harum
554 2642 691 2674 ullam
726 2646 763 2673 te
796 2653 859 2674 ex-

218 2688 369 2719 istimo
426 2687 542 2718 velle
595 2687 857 2718 rhetoricam

219 2743 388 2765 vocare.
453 2733 504 2764 De
544 2730 636 2763 οὗτοι
674 2751 718 2756 -—
749 2743 787 2774 γε
826 2743 857 2766 v.

834 1449 874 1491 L]
909 1449 948 1481 ἐν
980 1449 1095 1482 addidi
1127 1460 1170 1481 ex
1195 1450 1272 1481 Par.
1299 1450 1324 1480 Ι.
1356 1453 1390 1481 et
1413 1449 1506 1481 Flor.
1531 1460 1565 1480 x·

457 1516 537 1549 Ἴθι
576 1530 592 1547 1'
609 1521 656 1548 ὒν
688 1518 754 1549 καὶ
791 1515 862 1559 σὺ]
897 1517 1044 1549 Bekker.
1077 1528 1120 1549 ex
1152 1528 1221 1548 uno
1246 1518 1322 1549 Par.
1346 1517 1372 1548 I.
1397 1516 1490 1549 dedit
1514 1517 1569 1548 ἴθι

925 1652 1151 1682 Hermann.
1177 1650 1219 1682 ad
1236 1651 1349 1692 Viger.
1369 1661 1401 1692 p.
1418 1649 1569 1692 803seq.

926 1715 968 1719 -
986 1694 1138 1737 οῑχὸτι
1163 1699 1214 1738 τῷ
1236 1693 1404 1738 ῥήματι,
1429 1706 1568 1737 quam-

927 1752 1052 1783 quam
1103 1741 1253 1772 verbis
1296 1742 1356 1772 ita
1396 1741 1568 1781 dixisti,

926 1792 963 1818 ut
979 1790 1068 1818 recte
1085 1787 1326 1828 interpretatur
1342 1786 1421 1817 Hei
1432 1785 1569 1818 ndors.

925 1851 969 1855 -—
993 1833 1045 1863 De
1064 1829 1125 1872 οὐχ
1149 1831 1209 1869 ὅτι,
1236 1841 1508 1872 quamquam,
1534 1842 1566 1863 v.

926 1877 1152 1909 Schaefer.
1196 1876 1239 1907 ad
1279 1877 1449 1907 Lambert.
1488 1877 1568 1908 Bos.

926 1933 956 1963 p.
984 1921 1048 1954 775
1072 1932 1142 1962 seq.
1176 1921 1327 1953 Matth.
1352 1921 1409 1953 Gr.
1436 1922 1466 1960 ᾖ.
1490 1920 1565 1954 6-24.

925 1966 957 1999 3.
995 1978 1021 1998 c.
1094 1966 1253 1999 Formula
1309 1970 1362 2008 τῷ
1413 1963 1567 2007 ῥήματι

925 2011 1108 2053 respondet
1130 2017 1246 2043 nostro
1270 2011 1344 2042 clem
1369 2010 1570 2043 Ausd‘rucke

925 2057 1032 2096 nach,
1065 2057 1130 2088 den
1164 2056 1295 2088 Worten
1325 2055 1430 2096 nach,
1468 2060 1569 2097 atque

927 2102 1108 2144 opponitur
1150 2105 1194 2133 zo]
1230 2099 1365 2143 ἀληθεῖ.
1427 2101 1567 2133 Theaet.

926 2158 958 2189 p.
984 2146 1058 2179 166.
1084 2148 1136 2178 D:
1175 2144 1233 2178 τὸ]
1266 2145 1304 2178 δὲ
1328 2143 1431 2199 λόγοι
1455 2146 1498 2178 αὐ
1510 2143 1569 2190 μὴ

928 2205 971 2223 τω
1001 2189 1125 2234 ῥήματί
1152 2203 1217 2231 μοι
1245 2190 1364 2227 δίωκε,
1403 2188 1470 2222 ἀλλ’
1497 2186 1566 2222 ὧδε

926 2237 971 2269 ἑτι
1009 2236 1228 2277 οαφέστεοοι
1258 2234 1367 2274 μάθε,
1410 2248 1437 2266 u
1471 2235 1565 2278 λέγω.

928 2283 1019 2314 Infra
1062 2293 1091 2323 p.
1129 2280 1205 2313 489.
1244 2282 1280 2312 B.
1350 2280 1570 2322 Comparavit

927 2327 1218 2413 Heinp·d01fius
1253 2329 1427 2366 plaeterea
1460 2326 1568 2357 Phae-

928 2372 1003 2403 don.
1061 2370 1169 2403 ..102
1195 2372 1232 2402 B.
1279 2371 1332 2401 De
1366 2371 1507 2412 Republ.
1544 2371 1569 2401 I.

927 2428 958 2458 p.
976 2382 1056 2449 340p
1069 2417 1110 2447 D.
1149 2416 1204 2447 Sic
1222 2414 1431 2460 Euthydem.
1444 2426 1474 2457 p.
1492 2414 1569 2447 304.

926 2463 975 2494 Ε.
1011 2459 1052 2492 οὕ
1058 2472 1099 2492 τω
1125 2459 1189 2502 γάο
1218 2471 1288 2493 πως
1315 2460 1369 2491 καὶ
1396 2461 1473 2492 εἰπε
1498 2464 1567 2493 τοῖς

928 2504 1107 2544 ὀνόμασιν,
1133 2505 1193 2536 ubi
1210 2516 1240 2536 v.
1259 2516 1338 2536 ann.
1378 2505 1492 2537 Aliam
1514 2516 1570 2536 ex-

927 2551 1123 2593 plicationis
1140 2551 1307 2582 rationem
1324 2550 1402 2581 iniit
1417 2551 1544 2581 Astiu
1555 2560 1570 2581 s

927 2597 970 2628 ad
993 2596 1096 2627 Polit.
1125 2606 1159 2637 p.
1181 2594 1277 2634 363.,
1313 2595 1371 2636 qui
1402 2595 1446 2626 in
1478 2595 1570 2626 uni-

927 2651 1113 2680 versum,
1138 2641 1184 2672 im
1208 2640 1443 2682 Adqemeinen,
1468 2641 1570 2671 inter-

926 2690 1087 2729 pretatur.
1531 2724 1535 2726 Ἴ

973 2731 1013 2763 εί
1030 2728 1235 2772 βούλοιτο
1255 2729 1272 2761 ὃ
1288 2730 1570 2770 υςχεραιί·ειν
