1687 2969
486 195 730 234 GORGIAS.
760 197 802 235 P.
837 198 930 234 515.
961 197 1020 235 ed.
1053 197 1109 236 St.
1397 198 1475 235 307

128 299 257 355 ἔγωγε
285 302 444 350 ἀκούω,
485 302 696 356 Περικλέα
723 303 999 358 πεποιηκέναι
1022 300 1289 358 Ἀθηναίους
1317 302 1479 358 ἀργοὺς

127 366 193 408 καὶ
217 367 381 416 δειλοὺς
404 367 474 409 καὶ
494 371 650 418 λάλους
671 369 742 410 καὶ
771 371 1067 422 φιλαργύρους
1096 370 1154 418 εἰς
1182 371 1477 424 μισθοφορίαν

127 435 299 484 πρῶτον
320 436 652 488 καταστήσαντα.
712 436 848 476 ΚΑΛ.
888 437 984 475 Τῶν
1012 434 1063 475 τὰ
1094 429 1180 475 ὦτα
1209 437 1478 488 κατεαγότων

126 496 295 545 ἀκούεις
335 504 489 546 ταῦτα.
532 493 565 540 ὦ
605 495 844 551 Σώκρατες.
901 501 1001 540 Σῼ.
1040 495 1172 540 Ἀλλὰ
1210 500 1308 541 τάδε
1337 500 1478 541 οὐκέτι

126 561 290 611 α’κούω,
331 559 417 603 ἀλλ’
455 560 553 604 οἶδα
592 566 740 616 σαφῶς
779 563 849 605 καὶ
891 564 972 618 ἐγὼ
1010 563 1079 604 καὶ
1118 565 1190 613 σύ,
1233 562 1297 606 ὅτι
1325 565 1372 606 τὸ
1401 565 1478 618 μὲν

125 628 297 678 πρῶτον
332 627 550 681 ηὐδοκίμει
580 630 791 682 Περικλῆς
820 629 888 669 καὶ
917 629 1120 682 οὐδεμίαν
1149 629 1328 682 αἰσχρὰν
1356 630 1478 682 δίκην

126 693 472 745 κατεψηφίσαντο
515 694 650 734 αὐτοῦ
689 689 941 747 Ἀθηναῖοι,
982 694 1109 747 ἡνίκα
1150 696 1316 747 χείρους
1348 691 1476 748 ἦσαν·

193 836 232 868 Ε.
281 837 350 868 καὶ
385 835 558 880 λάλους]
598 835 746 872 ἀλάλους
778 838 894 871 Clark.
926 839 1003 870 Vat.
1037 838 1141 871 Coisl.
1174 839 1275 871 Vind.
1308 839 1337 872 6.
1387 840 1476 871 Dein

126 881 231 924 vulgo
255 881 487 924 μισθοφορὰν
509 888 644 925 praeter
668 885 904 915 auctoritatem
928 883 1093 916 librorum
1119 895 1197 916 mss.

193 968 428 1013 ηὐδοκίμει
462 972 701 1016 Περικλῆς]
742 974 800 1006 Sic
826 974 942 1006 Clark.
969 974 1045 1006 Vat.
1078 984 1138 1016 pro
1170 974 1264 1016 vulg.
1291 972 1476 1013 εὐδοκίμει.

125 1016 204 1049 Vid.
227 1027 259 1059 p.
285 1016 362 1050 514.
387 1019 431 1050 D.

124 1150 216 1192 bere,
245 1156 284 1184 ut
307 1152 399 1183 cives
423 1162 526 1194 quam
551 1154 670 1194 optimi
694 1153 766 1185 red-

125 1196 259 1229 dantur.
295 1197 453 1229 Ceterum
478 1203 589 1230 exstat
614 1199 765 1231 Aristi-

125 1242 192 1274 dis
227 1242 401 1284 sophistae
436 1253 506 1274 non
540 1254 609 1275 una
645 1245 765 1283 oratio,

125 1298 193 1328 qua
230 1287 400 1319 Periclem
439 1292 637 1330 ceterosque
674 1291 764 1321 viros

126 1333 160 1364 in
191 1332 371 1374 republica
401 1332 514 1365 claros
546 1338 663 1366 contra
686 1335 766 1366 Pla-

125 1382 240 1410 tonem
256 1377 416 1410 defendit.
441 1379 524 1410 Rem
539 1379 678 1410 uberius
691 1390 764 1422 per-

125 1426 290 1464 sequutus
325 1427 377 1455 est
405 1423 515 1455 Imm.
549 1424 765 1466 Ogienski

125 1469 159 1499 in
212 1472 428 1500 commentat.
474 1470 674 1501 Pericles
725 1475 765 1501 et

126 1513 272 1553 Plato,
297 1513 483 1545 Uratislav.
508 1513 606 1546 1838.
630 1513 673 1553 8.,
705 1516 764 1546 ubi

125 1558 288 1590 consulas
322 1559 490 1600 imprimis
530 1570 562 1601 p.
596 1557 640 1591 93
671 1570 763 1601 seqq.

126 1603 366 1644 Eloquentiam
399 1603 544 1635 Periclis
586 1604 668 1635 artis
707 1615 765 1636 no-

124 1649 215 1680 mine
238 1648 356 1680 laudat
377 1648 602 1691 philosophus
620 1649 763 1683 Phaedr.

126 1704 157 1735 p.
182 1692 259 1726 269.
283 1694 323 1726 Ε.

170 1782 236 1817 εἰς
267 1784 455 1823 μισθοφ.
488 1795 551 1823 πρ.
588 1784 764 1827 naraon]

125 1827 296 1869 „Hgnficos
309 1827 440 1862 ἐκεῖνος
453 1829 571 1870 (verba
587 1830 765 1871 Ulpiani

126 1879 206 1905 sunt
243 1874 284 1905 de
322 1873 454 1906 Pericle
489 1874 531 1906 ad
568 1875 662 1907 Orat.
698 1876 766 1906 De-

124 1919 293 1951 mosthen.
325 1920 405 1960 περὶ
435 1917 644 1962 συντάξεως)
672 1920 766 1960 ἔταξε

125 1962 354 2004 μισθοφορὰν
382 1963 437 1996 καὶ
465 1963 572 1996 ἔδωκε
598 1968 642 2008 τῷ
669 1964 764 2008 δήμῳ

127 2009 398 2051 στρατευομένῳ.
423 2019 456 2050 p.
477 2009 530 2042 50.
555 2009 635 2042 edit.
667 2011 765 2043 Base:

124 2051 234 2087 Ἰδίως
255 2053 314 2085 τὸν
329 2054 462 2092 μισθὸν
487 2058 555 2086 τῶν
581 2065 764 2096 στρατειο-

125 2097 243 2137 μένων
284 2098 319 2131 οἱ
359 2099 494 2130 παλαιοὶ
534 2099 766 2140 μισθοφορὰν

125 2142 284 2175 ἐκάλουν.
321 2143 486 2176 Suidas
518 2155 544 2176 s.
575 2156 608 2177 v.
640 2146 765 2184 μισθο-

127 2186 232 2228 φορά.
287 2188 353 2221 Sed
394 2188 460 2221 hoc
498 2189 654 2222 Platonis
689 2190 766 2221 loco

127 2233 333 2275 stipendium
362 2233 539 2275 quodlibet
561 2235 602 2266 de
626 2234 766 2276 publico

128 2284 306 2321 acceptum
322 2278 496 2321 designari
517 2283 642 2321 putem.
679 2280 767 2311 Ari-

129 2324 275 2356 stotel.
304 2324 407 2356 Polit.
436 2324 458 2358 l.
483 2325 527 2356 ΙΙ.
558 2335 587 2357 c.
611 2325 693 2356 ult.:
730 2323 767 2356 τὰ

129 2367 329 2410 δικαστήρια
356 2367 562 2409 μισθοφόρα
586 2369 767 2410 κατέστησε

132 2412 315 2456 Περικλῆς,
340 2413 400 2445 ubi
422 2414 466 2446 ad
492 2415 552 2445 τὸν
573 2412 767 2446 δικαστικὸν

129 2457 278 2497 μισθόν,
313 2469 414 2500 quem
437 2459 480 2491 ob
505 2460 559 2491 ius
583 2459 766 2492 dicendum

129 2504 282 2561 accipere
305 2503 463 2535 solebant
486 2505 597 2544 cives,
629 2505 767 2546 respici—

129 2548 211 2580 tur.‘
234 2548 408 2582 ROUTH.
434 2567 476 2572 —
501 2549 552 2581 Cf.
576 2550 767 2581 Bekkeli

129 2593 295 2626 Anecdot.
320 2594 360 2625 T
386 2593 767 2635 1.p.158:.1110‘†0

129 2641 273 2679 φορῶ·
314 2638 446 2677 ιιισθοῦ
487 2637 709 2679 στρατεύοιιαι
748 2637 768 2681 ἢ

129 2680 298 2725 ὑπηρετῶ.
339 2684 405 2715 Res
422 2693 465 2714 ex
489 2683 630 2716 historia
654 2684 768 2715 lucem

127 2729 228 2770 capit.
285 2728 436 2760 Pericles
474 2729 564 2760 enim
603 2729 768 2771 populum

835 1164 940 1195 quum
980 1154 1058 1186 aliis
1088 1154 1343 1187 munificentiae
1375 1165 1476 1196 geue-

834 1198 940 1238 ribus,
965 1204 1037 1230 tum
1058 1201 1225 1241 imprimis
1250 1200 1403 1231 mercede
1427 1201 1476 1231 iu-

835 1244 952 1275 diciali
974 1249 1006 1276 et
1031 1245 1194 1288 θεωρικῷ
1220 1245 1384 1276 institutis
1410 1245 1477 1275 sibi

834 1290 1008 1321 devinxit:
1033 1301 1195 1331 quorsum
1212 1291 1269 1321 hic
1285 1291 1475 1332 respicitur.

886 1380 974 1412 Ττῦν
1000 1377 1044 1410 τὰ
1069 1374 1151 1410 ὦτα
1176 1378 1474 1423 κατεαγότων]

833 1425 945 1456 Locus
967 1430 1018 1456 est
1040 1425 1075 1456 in
1095 1426 1269 1467 Protagor.
1286 1436 1316 1466 p.
1333 1423 1410 1457 342.
1426 1426 1475 1463 B„

834 1470 892 1511 qui
916 1469 1002 1501 haec
1027 1470 1129 1511 plane
1153 1470 1314 1502 illustrat.
1352 1471 1475 1502 Narra-

834 1515 951 1546 turibi
969 1516 1093 1546 multos
1114 1516 1270 1547 homines
1294 1516 1330 1546 iu
1356 1517 1476 1547 ceteris

835 1560 1044 1591 Graecorum
1070 1560 1212 1591 urbibus
1236 1561 1384 1599 vixisse,
1417 1562 1476 1601 qui

834 1605 1077 1646 Spartanorum
1113 1616 1223 1637 mores
1256 1610 1288 1636 et
1320 1606 1477 1637 instituta

834 1651 956 1681 insano
989 1650 1101 1681 studio
1137 1651 1370 1682 imitarentur.
1408 1649 1477 1681 ώτά

835 1706 879 1731 τε,
913 1699 951 1726 ut
976 1695 1023 1726 ait
1048 1695 1216 1735 Socrates,
1248 1694 1475 1738 κατάγνυται

833 1751 1035 1778 Ιιιιιιοιμειοι
1072 1737 1115 1772 αι’
1121 1752 1208 1774 τοις.
1275 1741 1396 1782 Itaque
1433 1740 1475 1772 ad

834 1785 967 1816 λακωι·
944 1786 1028 1825 Ὗζω·
1033 1797 1088 1818 τας
1104 1786 1187 1817 istos
1204 1786 1371 1825 homines,
1389 1797 1475 1827 quos

834 1829 921 1861 ridet
982 1831 1083 1861 etiam
1145 1831 1474 1873 Aristophanes

834 1876 923 1905 Avv.
944 1885 976 1906 v.
998 1874 1093 1908 1‘281.
1118 1876 1348 1907 Ecclesiazus.
1370 1887 1400 1907 v.
1422 1875 1474 1908 74.

835 1920 959 1961 Vespp.
975 1918 1062 1960 473„
1080 1921 1200 1961 procul
1216 1921 1319 1953 dubio
1336 1922 1475 1962 respici-

834 1969 898 1996 tur.
943 1965 1056 1999 Sobol.
1093 1965 1135 1996 ad
1173 1966 1346 2008 Aristoph.
1383 1967 1473 2000 Plut.

834 2020 867 2041 v.
892 2008 946 2041 85.
979 2010 1230 2043 Grammaticus
1255 2011 1345 2053 apud
1370 2011 1474 2042 Bek-

835 2054 990 2086 kerum
1038 2055 1202 2087 Anecdot
1249 2057 1274 2088 I.
1318 2067 1348 2098 p.
1390 2056 1471 2088 116:

835 2098 1131 2139 Ὠτοκάταξιι·
1176 2098 1235 2131 τὸι
1275 2111 1472 2141 συνμιτετριιι

822 2143 941 2182 ἰιέιόν
961 2144 995 2176 τὸ
1017 2156 1090 2178 ovs.
1123 2143 1377 2187 'Aocozocfa'rsvp
1405 2145 1474 2177 Βα-

835 2189 1474 2245 ssilwv'hot':Olynipiod01us·v'7'

835 2233 883 2265 ὅτι
904 2233 942 2264 ἐν
964 2239 1035 2268 ταῖς
1049 2236 1271 2276 παλαίστραις
1287 2233 1475 2276 ὑπέτριβοι

838 2278 874 2310 τὰ
898 2273 967 2310 ὦτα
1000 2280 1289 2320 (Lacedaemones
1314 2281 1474 2312 videlicet

835 2324 1040 2365 imitantes),
1079 2323 1099 2368 ἢ
1134 2337 1230 2357 τοιτο
1264 2326 1349 2368 λέγει
1374 2326 1473 2365 πρὸ

836 2368 915 2401 τοὺς
948 2368 992 2410 ιιὴ
1026 2368 1244 2408 δι”.»ναμέιοις
1278 2369 1412 2402 ι’πεῖιτιι
1437 2369 1474 2402 τὰ

836 2414 905 2445 aira
929 2414 984 2445 καὶ
1008 2426 1095 2447 auor
1101 2425 1153 2446 σαι
1179 2427 1246 2447 τωι
1267 2416 1474 2457 Zeyopffi'rm.

836 2460 933 2490 Prior
963 2461 1131 2492 sententia
1165 2462 1267 2492 unice
1301 2472 1381 2492 vera
1413 2468 1472 2492 est.

836 2504 879 2535 ef.
898 2504 1054 2546 Prolegg.
1085 2505 1126 2537 ad
1145 2506 1262 2547 Remp.
1283 2506 1361 2537 CIV
1381 2517 1474 2546 seqq.

838 2549 969 2580 Acerbe
986 2555 1096 2581 autem
1115 2551 1181 2582 hoc
1198 2550 1380 2592 respondet
1397 2550 1474 2582 (¹21-

836 2593 953 2632 lieles;
997 2599 1130 2626 constat
1169 2596 1259 2626 enim
1300 2596 1473 2627 Socratem

837 2639 978 2680 eiusque
1010 2639 1198 2682 discipulos
1231 2640 1474 2682 Spartanorum

837 2685 1052 2716 severitatem
1106 2685 1208 2727 plane
1264 2685 1474 2726 probavisse.

836 2739 868 2760 v.
893 2728 935 2760 ad
961 2728 1088 2762 Criton.
1114 2741 1146 2772 p.
1169 2728 1223 2762 52.
1248 2731 1287 2761 E.

1135 2795 1206 2829 20*
