1687 2969
696 132 799 170 XLIX
871 150 911 156 —-

67 265 155 293 non
176 247 350 304 quidem
369 247 495 301 tales,
528 246 676 301 quales
699 245 832 301 vulgo
853 244 1025 300 scriptis
1055 244 1307 299 probantur,
1343 241 1419 283 sed

67 307 213 363 potius
233 306 356 347 vivos
379 311 422 346 et
437 303 664 355 animatos,
681 302 836 357 quibus
851 301 895 343 in
908 300 1061 342 animis
1083 299 1421 354 colloquentium

67 372 286 418 tamquam
345 361 445 403 viva
501 360 696 402 veritatis
753 358 934 400 scientia
997 364 1226 413 generetur
1291 362 1421 410 atque

69 421 223 462 alatur.
321 418 497 459 Etenim
568 416 675 457 nihil
732 417 931 471 profecto
999 420 1067 455 est
1142 412 1418 465 laudabilius,

68 477 176 519 nihil
205 475 502 527 excellentius,
534 473 642 515 nihil
672 472 857 526 denique
896 470 1258 527 magnificentius,
1293 485 1419 523 quam

69 535 107 576 si
154 533 251 588 quis
298 532 501 573 idoneum
549 536 702 572 nactus
745 529 967 585 ingenium
1006 542 1224 569 sermones
1272 527 1315 567 in
1369 543 1419 567 co

70 607 167 633 cum
226 588 408 631 scientia
466 598 602 641 serat,
663 586 737 641 qui
797 587 964 627 semina
1002 583 1189 626 reddant
1233 583 1421 625 fecunda

70 663 121 690 ac
177 646 391 703 frugifera.
482 643 556 686 Ad
609 660 738 699 quam
799 657 974 698 operam
1026 641 1199 683 minime
1247 655 1421 696 compa-

68 703 232 745 randus
283 708 351 744 est
397 702 520 743 labor
566 716 736 753 eorum,
801 700 872 753 qui
930 700 975 740 in
1037 696 1276 740 scribendis
1325 712 1420 738 ora-

69 760 261 803 tionibus
312 759 381 801 vel
429 758 549 800 libris
601 763 843 799 versantur.
931 757 1046 798 Nam
1095 770 1205 810 quae
1265 754 1421 795 litteris

71 824 175 860 sunt
231 815 497 873 perscripta,
566 815 734 856 etiamsi
790 813 966 855 valeant
1016 812 1072 853 ad
1123 811 1422 854 commonitio-

73 890 172 917 nem
221 880 264 915 et
305 871 526 914 vacillanti
574 872 803 913 memoriae
843 870 1124 923 subveniant,
1175 876 1319 910 tamen
1367 866 1422 908 ad

71 931 227 973 mentis
268 930 519 986 ingeniique
559 928 844 970 eruditionem
884 942 1035 983 parum
1066 942 1116 967 ac
1153 941 1289 982 prope
1317 925 1423 966 nihil

73 993 280 1044 prosunt3
343 985 395 1027 de
454 985 610 1040 quibus
659 986 788 1027 rebus
835 984 1133 1040 copiosissime
1183 983 1424 1039 explicatur

73 1043 263 1087 Phaedr.
294 1058 337 1099 p.
370 1043 465 1084 276.
495 1068 549 1072 —
581 1044 675 1084 279.
708 1040 757 1085 C.

187 1101 257 1142 En
297 1100 431 1141 habes
471 1098 556 1139 iam
606 1098 939 1154 descriptionem
976 1097 1196 1138 initiorum
1233 1094 1424 1151 philoso-

74 1157 227 1214 phiae,
270 1156 442 1212 qualem
486 1155 613 1197 Plato
653 1155 924 1207 informavit,
967 1168 1077 1208 quae
1107 1153 1176 1194 vel
1206 1153 1250 1193 in
1281 1153 1424 1193 animo

75 1215 247 1256 divinae
285 1213 479 1254 veritatis
520 1227 665 1254 amore
705 1212 834 1268 pleno
865 1212 934 1253 vel
965 1211 1007 1252 in
1039 1210 1142 1252 artis
1173 1209 1425 1251 dialecticae

73 1286 157 1314 usu
197 1277 326 1325 atque
365 1270 571 1311 facultate
610 1269 753 1326 posita
792 1284 887 1310 esse
928 1267 1232 1310 intelleximus.
1301 1265 1425 1319 Quae

75 1327 249 1384 quidem
295 1326 437 1368 omnia
489 1326 594 1381 quid
645 1326 852 1368 momenti
909 1325 1073 1366 faciant
1128 1323 1185 1365 ad
1234 1323 1427 1365 Phaedri

76 1384 333 1427 sententiam
388 1389 517 1438 atque
576 1390 711 1425 artem
750 1388 865 1424 recte
918 1381 1248 1438 intelligendam
1298 1387 1425 1436 atque

75 1440 410 1495 aestimandam,
441 1446 596 1497 postea
627 1440 866 1497 apparebit.
926 1439 1041 1481 Nam
1071 1439 1324 1495 priusquam
1357 1453 1426 1478 ac-

77 1498 283 1541 cedamus
316 1497 372 1539 ad
414 1497 542 1539 huius
582 1498 645 1539 rei
684 1496 1048 1553 disputationem,
1088 1496 1241 1552 paucis
1284 1495 1428 1536 adhuc

79 1554 382 1612 explicandum
420 1560 488 1596 est
519 1554 572 1596 de
602 1555 759 1596 studiis
791 1554 1044 1605 rhetoricis,
1086 1568 1196 1608 quae
1239 1552 1427 1594 Athenis

76 1613 323 1669 viguerunt,
365 1626 560 1666 quaeque
591 1611 636 1652 in
667 1610 870 1653 Phaedro
909 1610 1167 1666 reprehendi
1208 1616 1251 1651 et
1283 1610 1429 1666 exagi-

79 1669 163 1711 tari
201 1668 482 1711 meminimus.
548 1668 617 1710 De
650 1684 736 1723 qua
778 1667 951 1722 quidem
991 1683 1037 1709 re
1079 1667 1188 1708 haec
1226 1667 1315 1708 fere
1355 1682 1429 1708 ex-

78 1725 279 1782 posuisse
311 1725 414 1767 satis
447 1724 539 1766 erit.

193 1781 379 1824 Constat
404 1782 537 1837 igitur
567 1787 702 1823 artem
731 1780 992 1822 rhetoricam
1030 1781 1217 1822 Athenis
1247 1781 1430 1821 maxime

79 1838 179 1881 inde
220 1854 246 1880 a
292 1839 474 1880 Periclis
525 1844 665 1880 aetate
708 1838 923 1879 excultam
965 1853 1073 1880 esse.
1162 1837 1279 1880 Nam
1330 1838 1432 1879 licet

81 1895 329 1951 eloquentia
349 1895 511 1937 dudum
530 1896 642 1937 inter
672 1892 866 1937 Graecos
895 1894 1122 1951 viguisset,
1153 1900 1299 1936 tamen
1332 1895 1434 1936 olim

83 1967 133 1994 ea
161 1953 214 1995 ab
247 1952 338 1994 solo
366 1953 542 2009 ingenio
584 1953 779 2009 profecta
810 1952 912 1994 artis
943 1952 1063 1993 cultu
1093 1958 1315 2006 caruerat,
1359 1967 1434 1993 ne-

86 2024 186 2064 que,
216 2015 329 2051 teste
360 2008 638 2052 Cicerone
668 2009 710 2050 in
742 2008 880 2050 Bruto
920 2024 956 2050 c.
992 2011 1054 2062 7.‚
1104 2009 1292 2050 Athenis
1336 2015 1434 2050 ante

81 2066 295 2108 Periclem
331 2067 419 2108 ulla
467 2067 611 2108 littera
649 2066 812 2118 extitit,
864 2081 972 2121 quae
1009 2072 1206 2108 ornatum
1246 2066 1435 2120 aliquem

83 2122 264 2164 haberet
298 2129 342 2165 et
383 2124 565 2166 oratoris
605 2138 699 2165 esse
738 2123 971 2164 videretur.
1043 2123 1219 2165 Etenim
1263 2138 1317 2164 ex
1347 2138 1434 2177 quo

84 2185 277 2236 tempore
318 2180 471 2222 civitas
512 2180 778 2222 nobilissima
818 2180 1020 2236 populari
1056 2180 1254 2236 potentia
1295 2186 1337 2220 et
1368 2179 1435 2220 lit-

87 2241 275 2277 terarum
315 2237 470 2279 studiis
509 2237 664 2279 laetius
716 2237 870 2279 florere
903 2243 1119 2292 coeperat,
1161 2237 1322 2278 factum
1352 2242 1434 2290 est,

89 2297 138 2355 ut
168 2293 296 2334 etiam
332 2294 583 2349 eloquentia
622 2293 677 2335 ad
705 2295 912 2336 maiorem
951 2293 1169 2348 quandam
1206 2293 1436 2350 perfectio-

94 2363 160 2389 nls
196 2349 367 2392 laudem
408 2350 720 2406 perduceretur
751 2358 794 2392 et
830 2350 1039 2406 imprimis
1078 2366 1103 2391 a
1131 2351 1317 2403 Pericle,
1363 2350 1438 2405 qui

63 2437 73 2441 -
94 2419 198 2468 usus
237 2413 329 2448 erat
356 2407 645 2464 Anaxagorae
679 2407 946 2450 Clazomenii
979 2406 1209 2464 disciplina
1240 2415 1283 2450 et
1313 2407 1437 2449 insti-

91 2467 280 2516 tutlone,
321 2463 378 2505 ad
414 2465 622 2506 maiorem
651 2465 963 2507 sententiarum
1001 2464 1242 2507 ubertatem
1282 2479 1438 2522 prove-

91 2517 279 2560 heretur.
307 2536 347 2561 v.
377 2521 565 2563 Phaedr.
595 2537 638 2578 p.
670 2523 765 2564 278.
798 2522 852 2563 E.
884 2536 978 2575 sqq.
1037 2519 1174 2564 Cuius
1204 2522 1335 2564 aetati
1366 2521 1441 2575 qui

92 2573 267 2639 fuerunt
296 2590 518 2632 suppares,
569 2578 846 2632 Alcibiades,
896 2576 1078 2632 Critias,
1132 2579 1439 2625 Theramenes,

92 2629 208 2695 idem
247 2632 355 2673 1llud
393 2635 565 2689 sequuti
594 2642 718 2690 sunt,
760 2642 808 2676 ut
848 2634 1039 2676 inanium
1079 2636 1313 2680 verborum
1357 2638 1439 2679 flu-

93 2703 206 2730 mme
236 2694 455 2745 tamquam
484 2692 666 2735 inhibito
706 2707 886 2734 nervose
917 2691 1138 2746 dicerent,
1178 2711 1263 2750 quo
1306 2695 1443 2737 maior

1109 2825 1112 2829 ¹
1130 2762 1172 2802 D
