1687 2969
200 156 221 188 8
672 150 1028 188 PROLEGOMEN
1029 152 1065 186 A

202 269 291 301 ante
330 263 415 300 libri
454 263 674 308 lectionem,
725 263 806 300 sive
845 276 889 300 ea
926 263 1022 299 libro
1061 262 1138 298 iam
1177 261 1341 311 perlecto
1381 263 1426 299 ad
1464 275 1544 298 rem

202 324 440 369 praesentem
479 319 704 365 adhibeant,
756 319 923 369 aliquam
963 318 1126 366 gratiam
1164 318 1295 355 iniisse
1335 318 1543 355 videamur.

202 378 343 413 Verum
374 377 595 413 accedamus
625 380 806 424 protenus
837 376 882 412 ad
914 375 962 419 id,
995 375 1095 424 quod
1127 387 1237 422 agere
1266 375 1543 412 constituimus.

505 495 541 542 I.
588 496 847 543 Enarratio
885 495 1242 560 disputationis.

289 600 457 648 Gorgias,
488 600 617 637 rhetor
638 612 679 636 ac
698 599 869 648 sophista
898 600 1122 645 Leontinus,
1154 604 1192 636 ct
1221 599 1336 636 Polus
1359 599 1546 647 Agrigen-

204 657 319 705 tinus,
351 657 432 693 eius
456 656 663 705 discipulus
694 670 736 692 ac
754 656 962 697 tamiliaris,
993 656 1157 693 Athenis
1179 656 1423 693 deverterant
1447 656 1548 704 apud

205 713 418 757 Calliclem,
459 713 653 749 hominem
684 726 731 748 ex
763 712 889 761 aliquo
920 717 1089 760 tempore
1120 712 1170 761 (p.
1204 715 1294 749 515.
1326 711 1389 759 A.)
1420 725 1547 749 rerum

206 770 374 807 civilium
404 769 626 813 studiosum,
658 768 784 818 ibique
815 773 940 805 orator
970 768 1200 805 clarissimus
1221 781 1347 805 coram
1373 768 1547 818 pluribus

206 826 290 862 aliis
328 825 568 875 eloquentiae
607 838 697 861 suae
738 824 984 869 artificiosae,
1024 838 1146 873 nuper
1176 825 1328 861 demum
1368 838 1388 861 e
1419 825 1548 861 Sicilia

207 882 247 918 in
267 882 437 919 Atticam
458 882 608 925 allatae,
638 881 837 930 splendida
857 882 1043 931 quaedam
1062 882 1289 918 documenta
1309 881 1548 918 exhibuerat.

205 939 307 975 Eum
346 937 477 974 audire
517 938 718 975 voluerant
767 937 882 974 etiam
921 938 1093 974 Socrates
1142 937 1300 987 eiusque
1348 937 1548 974 familiaris

207 994 517 1043 Chaerephonff').
566 993 669 1033 Quos
701 993 764 1030 ubi
787 993 959 1030 Callicles
990 994 1237 1031 advenientes
1267 998 1326 1031 est
1353 1007 1373 1030 e
1401 994 1548 1041 longin-

206 1064 280 1101 quo
321 1050 580 1099 conspicatus,
629 1064 691 1087 eos
722 1055 810 1087 ante
841 1051 951 1087 aedes
991 1064 1079 1087 suas
1110 1051 1271 1096 salutat,
1312 1054 1427 1101 atque
1467 1063 1549 1087 sero

205 1108 305 1156 ipsos
327 1107 457 1145 venire
478 1120 634 1144 monens
663 1120 801 1154 magna
829 1120 915 1143 011111
945 1107 1091 1144 laetitia
1120 1111 1269 1153 narrat,
1299 1120 1413 1157 quam
1442 1120 1548 1156 prae-

206 1165 325 1200 claras
355 1164 465 1201 modo
495 1163 654 1211 Gorgias
685 1163 873 1200 orationes
902 1163 995 1200 artis
1026 1176 1116 1200 suae
1147 1164 1396 1201 ostentandae
1417 1176 1551 1200 caussa

205 1220 393 1257 habuerit.
452 1220 606 1257 Confert
636 1220 809 1257 Socrates
839 1220 951 1256 istius
981 1220 1172 1257 tarditatis
1210 1233 1299 1256 suae
1330 1220 1480 1269 culpam
1509 1220 1549 1256 in

206 1277 551 1325 Chaerephontem,
592 1276 657 1326 qui
688 1277 812 1325 ipsum
841 1276 941 1313 iusto
972 1277 1117 1314 diutius
1157 1277 1197 1312 111
1228 1277 1309 1313 foro
1338 1281 1550 1313 remoratus

205 1333 265 1370 sit.
315 1332 465 1382 Quippe
495 1336 576 1370 erat
597 1333 845 1381 Chaerephon
876 1333 1008 1382 111111110
1038 1345 1254 1369 sermonum
1275 1333 1551 1370 Socraticorum

207 1389 470 1435 avidissimus,
502 1393 544 1426 ut
566 1389 843 1426 existimandus
873 1389 921 1426 sit
941 1389 1166 1437 magistrum
1195 1402 1309 1440 quam
1338 1389 1552 1426 diutissime

206 1446 247 1482 in
284 1446 365 1482 foro
405 1459 491 1482 cum
531 1446 728 1494 opificibus
768 1446 927 1495 aliisque
967 1445 1003 1482 id
1034 1459 1153 1493 genus
1192 1446 1409 1482 hominibus
1440 1446 1551 1482 collo-

207 1508 391 1553 quentem
431 1502 562 1539 audire
604 1503 780 1539 voluisse.
840 1502 1053 1539 Confitetur
1083 1515 1173 1539 vero
1204 1502 1454 1551 Chaerephon
1483 1515 1553 1539 sua

207 1559 319 1607 culpa
358 1558 538 1595 accidisse
578 1559 623 1595 de
664 1559 803 1609 quibus
841 1559 1086 1609 conqueritur
1117 1559 1309 1604 Socrates3
1350 1559 1414 1596 sed
1452 1559 1552 1595 idem

207 1615 262 1652 ait
291 1616 472 1652 damnum
492 1615 671 1651 facillime
702 1628 812 1664 posse
842 1615 1037 1652 resarciri:
1069 1615 1249 1662 Gorgiam
1280 1615 1381 1652 enim
1410 1628 1477 1664 pro
1508 1628 1553 1652 ea

206 1685 305 1722 quae
336 1671 408 1708 sibi
437 1672 515 1708 iam
554 1684 639 1708 cum
670 1672 734 1708 1110
765 1672 976 1708 intercedat
1005 1671 1284 1717 familiaritate,
1324 1684 1551 1722 quocunque

206 1734 374 1777 tempore
405 1727 558 1765 libitum
586 1729 713 1773 fuerit,
746 1734 867 1765 artem
897 1741 1005 1765 suam
1026 1741 1107 1764 esse
1129 1732 1422 1765 ostentaturum.
1454 1729 1552 1765 Tum

206 1798 296 1821 vero
336 1784 508 1821 Callicles
549 1785 741 1821 Socratem
781 1791 819 1822 et
857 1785 1187 1832 Chaerephontem
1237 1785 1283 1820 ad
1322 1798 1361 1821 se
1398 1785 1551 1821 domum

206 1841 356 1886 invitat,
388 1844 431 1878 ut
452 1840 660 1889 sophistam
683 1841 841 1878 audiant
860 1841 1179 1878 declamitantem.
1210 1840 1295 1880 Qua
1323 1841 1550 1878 invitatione

206 1903 360 1946 accepta
381 1897 560 1934 continuo
582 1899 628 1933 ad
649 1911 735 1934 eum
756 1902 931 1945 pergunt,
954 1897 1053 1933 inter
1074 1897 1176 1934 viam
1196 1897 1326 1945 paucis
1347 1898 1392 1934 de
1412 1902 1551 1934 natura

206 1954 298 1991 artis
349 1953 655 1999 confabulantes,
704 1967 817 2003 quam
857 1954 1015 2000 Gorgias
1061 1953 1296 2001 profiteatur.
1377 1953 1550 1991 Socrates

206 2010 318 2055 enim,
355 2010 458 2046 Num
487 2023 588 2056 vero,
620 2024 640 2046 0
670 2010 834 2054 Callicle,
865 2009 1002 2060 inquit,
1033 2010 1192 2057 Gorgias
1221 2010 1419 2046 nobiscum
1446 2011 1551 2047 volet

206 2067 375 2103 conferre
406 2066 621 2103 sermones?
662 2066 764 2103 Scire
796 2065 897 2103 enim
928 2066 1059 2114 cupio,
1092 2079 1189 2116 quae
1219 2066 1269 2103 sit
1298 2066 1358 2103 vis
1388 2070 1426 2104 et
1453 2066 1551 2103 ratio

207 2123 299 2159 artis
330 2122 450 2167 illius,
491 2136 605 2173 quam
634 2123 807 2159 factitare
838 2123 944 2159 solet.
1002 2123 1101 2159 Nam
1131 2127 1253 2160 artem
1282 2122 1548 2159 declamitandi

207 2179 279 2215 alio
309 2183 478 2227 tempore
508 2179 618 2216 nobis
649 2182 851 2216 ostentato.
892 2179 1111 2227 Respondet
1132 2179 1305 2216 Callicles
1335 2179 1405 2215 hoc
1425 2179 1547 2227 ipsum

206 2249 288 2272 esse
318 2248 437 2271 unum
468 2235 649 2285 quiddam
680 2249 727 2271 ex
757 2235 822 2281 iis,
864 2234 902 2271 in
934 2235 1072 2285 quibus
1103 2235 1167 2272 ille
1207 2248 1247 2272 se
1277 2236 1550 2273 ostentaverit:

207 2304 295 2327 nam
324 2292 539 2339 professum
568 2292 677 2328 illum
709 2305 789 2329 0550
820 2296 933 2328 antea
964 2306 1002 2328 se
1034 2292 1079 2328 ad
1110 2291 1237 2328 omnia
1275 2305 1356 2328 esse
1395 2305 1549 2340 respon-

207 2361 349 2392 surum,
381 2348 426 2383 de
458 2348 597 2409 quibus
628 2348 790 2398 quisque
821 2361 1003 2397 quaeror(¹
1033 2348 1161 2385 101101.
1220 2348 1317 2384 Τ11111
1347 2362 1437 2385 vero
1467 2349 1550 2385 Cal-

206 2378 443 2440 1111151101115
472 2404 632 2451 ingressi
665 2418 788 2441 coram
820 2401 979 2450 1111157Ῥῆ
1010 2417 1094 2440 011111
1125 2417 1168 2441 eo
1198 2404 1328 2441 statim
1350 2405 1551 2461 ordiuntur

206 2459 448 2509 colloquium.

272 2602 304 2641 Δἢ)
330 2603 382 2633 De.
407 2601 559 2643 personis
576 2601 711 2644 dialogi
736 2613 765 2633 v.
782 2602 1008 2633 commentar.
1034 2600 1120 2643 adp
1125 2600 1221 2634 ..447
1247 2601 1289 2632 A.
1312 2605 1344 2632 11
1368 2612 1399 2642 p
1414 2600 1488 2633 448.
1507 2601 1548 2632 A.

272 2647 324 2683 W)
351 2647 438 2678 Nam
463 2645 563 2685 κωφὰ
590 2645 754 2687 πρόςωπα
780 2647 898 2679 adesse
923 2651 1017 2690 patet
1040 2658 1083 2679 ex
1100 2612 1149 2689 p.
1173 2645 1248 2680 458.
1275 2647 1311 2679 C.
1337 2647 1378 2678 D.
1408 2645 1483 2679 473.
1508 2647 1549 2678 Ε.

203 2691 281 2725 490.
307 2693 345 2724 Β.
371 2692 447 2724 0011,
470 2702 503 2734 p.
527 2690 603 2724 447.
628 2692 665 2724 C.
689 2691 765 2725 455.
791 2693 828 2725 C'.
