1687 2969
412 139 826 185 PHAEDRUS.
861 142 909 182 P.
945 142 995 183 25

200 261 303 303 ΣΩ,

1058 141 1121 184 St.
1371 143 1447 181 1423

973 142 1024 183 (TE

380 260 553 304 Οὐκοῦν
598 259 676 303 ἐὰν
722 262 802 314 μὲν
848 251 976 307 οὗτος
1021 262 1203 318 ἐμμένῃ,
1247 259 1452 313 γεγηθώς

100 331 332 384 (ἐπέρχεται
370 333 413 370 ἐκ
445 330 524 370 τοῦ
558 326 760 381 θεάτρου
796 323 818 368 ὁ
855 323 1061 377 ποιητής·
1098 323 1175 368 ἐὰν
1202 327 1246 368 δὲ
1272 324 1451 384 &gastum—l

1279 394 1296 401 ι,
1342 388 1387 418 ‘lb

103 398 174 438 καὶ
220 393 408 451 ἄμοιρος
452 400 629 450 γένηται
678 394 981 451 λογογραφίας·
1029 408 1072 434 τε
1108 394 1179 434 καὶ
1218 409 1297 435 του
1331 409 1452 444 αδιος

98 461 209 506 εἶναι
247 460 539 521 συγγράφειν,
573 463 734 504 πενθεῖ
769 459 906 510 αὐτός
943 476 986 502 τε
1021 463 1094 502 καὶ
1131 463 1172 502 οὶ
1205 463 1386 518 ἑταῖροι.

103 606 211 646 Vulgo
246 610 320 636 erat
353 604 484 645 ἐξαλειᾳ
493 607 553 644 θῇ.

615 603 704 635 Miro
738 608 930 635 commento
958 601 1340 645 Winckelmannus
1365 602 1453 634 coni.

98 651 155 682 ἐὰν
181 651 216 682 δὲ
243 651 441 694 διαγραφῇ,
468 651 591 682 πενθεῖ
614 648 722 687 αὐτός
747 654 812 683 etc.
840 648 959 681 eiectis
985 648 1133 689 reliquis.

100 775 131 806 in
180 783 370 816 pronomen
427 773 744 806 demonstrativum.

99 820 218 861 ltaque
250 830 316 851 non
351 822 443 859 erat,
475 829 534 851 cur
566 819 655 851 istud
690 821 746 850 καὶ

97 863 137 903 ὃς
163 865 234 898 εἶπε
267 865 519 898 sollicitaretur.
567 865 635 898 lam
663 876 744 898 vero

98 911 188 953 qnod
224 910 286 942 τὸν
321 909 444 942 ἔαυτόν
481 911 643 953 scripturn
678 916 743 951 est,

97 958 306 999 sinnificatur
329 956 447 988 addito
473 957 627 997 articulo,
654 957 744 989 eius-

98 1003 191 1035 modi
219 1002 410 1042 hominem,
437 1002 526 1034 fastu
555 1013 596 1034 ac
623 1013 743 1044 super-

99 1050 150 1080 bia
182 1049 344 1088 inflatum,
371 1053 482 1091 semet
508 1049 620 1090 ipsum
647 1049 743 1090 quasi

98 1095 205 1136 digito
230 1098 432 1128 monstrare.
481 1094 650 1128 Quocirca
680 1104 742 1126 nec

97 1140 152 1172 hic
164 1140 348 1181 quidquam
369 1139 630 1174 attrectandum
654 1140 741 1173 Nam

99 1187 301 1228 pronomina
333 1185 527 1227 personalia
557 1196 632 1218 cum
659 1187 741 1218 arti-

97 1233 174 1264 culo
199 1242 266 1263 non
289 1241 354 1263 uno
384 1231 488 1263 modo
514 1231 604 1273 iungi
631 1233 743 1264 solere

97 1281 229 1310 certum
273 1281 308 1309 et
343 1278 556 1318 exploratum
589 1276 743 1310 habetur.

97 1334 128 1358 v.
170 1326 309 1365 praeter
347 1322 662 1355 Heindorfium
700 1322 744 1355 ad

95 1369 127 1402 h.
154 1370 177 1401 l.
199 1372 315 1401 nostra
340 1368 383 1400 ad
409 1368 542 1403 Pliileb.
568 1379 602 1411 p.
618 1368 674 1402 20.
701 1369 743 1403 B.

97 1414 249 1457 Sophist.
267 1425 298 1457 p.
305 1413 384 1448 239.
404 1414 442 1447 Β.
464 1413 607 1449 Theaet
624 1426 656 1458 p
669 1414 743 1450 166

98 1465 139 1495 Α.
177 1461 233 1492 ubi
285 1460 530 1492 vindicavimus
579 1461 743 1494 librorum

97 1506 300 1539 lectionem·
326 1506 455 1549 γέλω-ια
477 1506 516 1547 δι]
544 1505 604 1537 τὸν
628 1508 642 1538 ἒ
644 1510 686 1550 μὲ
710 1508 745 1538 ἐν

97 1556 171 1588 τοῖς
188 1548 305 1593 λόγοις
322 1551 456 1587 (ἐπέδειξ’
458 1563 502 1583 εν.
528 1552 638 1594 Epist.
644 1523 745 1585 '‘Plat.

97 1598 171 1630 Vll.
189 1609 222 1640 p.
236 1596 314 1631 320.
334 1598 375 1631 D.
400 1597 514 1638 ibique
538 1608 626 1630 warr.
652 1600 743 1632 lectt.

99 1643 226 1675 Audias
264 1646 443 1684 praeterea
479 1643 674 1675 Grammat.
712 1645 744 1676 in

101 1689 216 1721 Beki<
231 1689 293 1720 eri
317 1687 499 1720 Anecd.ll.
520 1700 550 1731 p.
571 1689 648 1723 923.
669 1689 744 1721 Ἀτ-

98 1735 190 1766 uxot
220 1733 284 1776 γὰρ
321 1733 398 1765 τὸν
429 1736 507 1777 ἐμέ
542 1747 664 1777 φασιν,
700 1734 744 1772 ὦς

98 1780 153 1812 καὶ
184 1780 426 1822 Καλλίμαχος·
470 1779 539 1811 ναὶ
577 1780 631 1823 μὰ
668 1781 745 1813 τὸν

98 1824 236 1858 αὐτὸν
260 1826 349 1868 ἐμέ”
381 1825 438 1856 καί
461 1825 537 1859 τὸν
562 1829 602 1858 σὲ
629 1826 744 1869 Κρο-

97 1870 337 1912 τωπιάὸήν·
372 1870 420 1914 (v.
447 1871 669 1907 Ruhnken.
701 1872 743 1905 ad

99 1917 234 1951 callim.
252 1916 310 1951 Fr.
328 1916 425 1960 315.)
445 1918 502 1948 καὶ
520 1918 741 1962 Μένανδρος·

97 1963 171 1995 τὸν
196 1965 265 2006 ἐμὲ
289 1962 480 1996 τούτονί.
504 1965 666 2006 Apollon.
692 1965 743 1997 De

99 2009 263 2042 Pronom.
300 2020 333 2052 p.
358 2008 438 2042 275.
472 2009 523 2041 De
548 2009 689 2052 syntax,
717 2011 743 2045 1.

97 2054 154 2088 28.
179 2065 210 2097 p.
236 2054 290 2089 59.
321 2055 375 2089 ed.
407 2055 516 2089 Bekk.
553 2056 743 2089 Grammat.

99 2111 152 2142 ap.
169 2100 366 2139 Valckenar.
390 2100 432 2132 ad
451 2103 604 2134 Ammon.
619 2113 650 2144 ρ.
662 2102 742 2136 201.

100 2145 170 2178 Sed
204 2145 268 2178 hoc
299 2145 436 2188 quidem
468 2147 533 2178 iam
570 2147 601 2178 in
625 2149 744 2189 aprico

101 2201 179 2224 esse
187 2195 358 2233 putamus.
385 2192 566 2234 Pergimus
579 2193 622 2225 ad
633 2192 649 2224 ὁ
664 2207 743 2235 συγ-

100 2235 262 2278 γραφεύς.
289 2237 368 2272 Quo
387 2238 532 2270 iteratur
550 2239 644 2270 notio
660 2240 741 2271 sub-

101 2282 180 2314 iecti
201 2283 261 2323 ita,
278 2287 316 2315 ut
329 2283 491 2316 irrisionis
507 2285 566 2316 fiat
577 2284 743 2318 indicium.

100 2328 208 2360 Usum
247 2327 334 2361 hunc
374 2329 600 2371 appositionis
639 2340 742 2372 quum

101 2373 179 2405 alibi
194 2376 266 2406 tum
284 2374 327 2406 ad
348 2375 476 2407 Criton.
496 2386 530 2418 p.
547 2376 601 2408 51.
621 2379 664 2408 Α.
690 2381 744 2408 at-

101 2419 252 2460 figimus.
298 2419 418 2462 ltaque
433 2420 498 2452 hoc
521 2431 661 2463 quoque
686 2433 743 2454 ca-

102 2468 155 2497 ret
181 2464 382 2504 offensione,
410 2470 576 2508 recteque
592 2467 744 2500 videmur

102 2514 183 2552 post
220 2509 430 2552 ἐγκωμιάζων
478 2517 647 2545 commate
690 2513 743 2545 di-

102 2556 261 2588 stinxisse
300 2557 499 2591 orationem.
556 2558 628 2591 Nec
662 2569 744 2591 vero

102 2605 181 2634 ante
207 2603 321 2632 ἔπειτα
339 2600 425 2643 λέγει
443 2604 578 2644 gravior
594 2604 743 2636 tollenda

102 2647 165 2679 fuit
189 2647 370 2679 verborum
395 2648 634 2690 interpunctio.
677 2650 744 2682 Or-

103 2693 192 2725 ditur
215 2692 305 2726 enim
332 2691 407 2724 binc
433 2703 557 2726 novum
583 2695 745 2727 orationis

58 2772 61 2777 ,
103 2738 312 2778 membrum,
346 2748 414 2778 quo
448 2748 514 2771 non
546 2740 612 2773 iam
638 2740 746 2773 refer-

815 777 887 813 tur,
922 771 983 805 sed
1008 775 1184 809 narratur,
1216 768 1387 811 quodnam
1413 768 1456 801 sit

814 819 934 861 scripti
958 830 977 850 a
1006 818 1077 849 viro
1108 817 1196 849 civili
1229 815 1374 847 confecti
1399 825 1453 846 ar—

813 869 1012 906 gumentum
1035 867 1069 895 et
1085 862 1273 895 consilium.
1323 861 1455 893 Dicitur

815 911 898 943 enim
931 909 1032 942 homo
1064 910 1095 940 in
1128 919 1169 941 eo
1211 908 1314 939 verba
1343 906 1454 939 facere

813 957 880 992 sic,
935 960 972 987 ut
1010 955 1091 986 satis
1134 954 1243 993 longis
1291 954 1454 986 orationis

813 1002 1015 1043 ambagibus
1048 1011 1143 1032 suani
1179 1000 1285 1041 ipsius
1317 999 1453 1041 sapien-

812 1049 890 1080 tiam
917 1051 1092 1079 ostentare
1126 1052 1278 1079 conetur.
1330 1045 1453 1077 Verum

810 1094 979 1126 sufficiant
1004 1092 1088 1124 haec
1113 1091 1155 1124 de
1176 1093 1250 1123 loco
1269 1101 1454 1132 sanequam

810 1139 954 1179 dil‘ficili3
996 1139 1048 1169 cui
1080 1139 1108 1169 si
1141 1137 1220 1179 quid
1253 1138 1335 1169 lucis
1367 1138 1455 1169 affu-

809 1186 901 1218 disse
926 1183 1138 1223 videbimur,
1165 1188 1259 1216 certe
1284 1194 1350 1215 non
1378 1185 1455 1225 erit,

810 1241 869 1264 cur
903 1241 965 1262 nos
991 1239 1117 1271 operae
1147 1229 1180 1261 in
1213 1241 1254 1261 eo
1288 1229 1454 1272 interpre-

809 1276 912 1310 tando
923 1276 1058 1318 positae
1071 1277 1138 1307 ullo
1152 1275 1256 1307 modo
1270 1276 1456 1316 poeniteat.

860 1323 899 1357 B,
947 1320 1019 1353 ἐὰν
1055 1324 1126 1363 μὲν
1165 1324 1301 1357 οὑτος
1334 1323 1457 1365 ἐμμέ-

811 1369 878 1414 νῃ]
905 1369 1102 1401 Pronomen
1122 1369 1226 1403 013on
1247 1378 1321 1400 cum
1342 1368 1456 1403 Scnol.

812 1415 903 1448 refer
926 1413 968 1446 ad
995 1412 1116 1456 λόγος,
1149 1414 1203 1455 qui
1228 1414 1381 1455 ἔμμείειν
1406 1414 1456 1446 di-

814 1461 921 1500 citur,
951 1469 1054 1501 quum
1089 1469 1156 1491 non
1190 1460 1361 1498 reficitur,
1394 1460 1456 1493 sed

813 1507 987 1549 probatur.
1037 1505 1123 1537 Dein
1156 1506 1371 1547 comparatio
1396 1516 1456 1548 per

813 1552 1063 1594 appositionem
1113 1561 1298 1593 expressa,
1353 1562 1455 1593 quum

814 1599 879 1630 dici
907 1597 1069 1636 licuisset,
1095 1596 1252 1638 γεγηθὼς
1277 1597 1458 1639 ἀπείιχεῑηι

812 1656 855 1680 ως
892 1645 925 1674 ἐκ
958 1645 1023 1673 τοῦ
1057 1640 1212 1684 Osdroe„
1246 1659 1262 1673 υ
1299 1655 1455 1684 ποιηῑης

815 1687 1038 1742 Arisntopb
1058 1690 1140 1720 Avv
1153 1687 1274 1721 v.169.
1295 1688 1456 1731 ’Ἀνθρω-

812 1747 875 1771 πος
910 1734 1002 1776 ὅρνις
1030 1732 1282 1775 ἀστάθμητος,
1308 1734 1456 1777 πετόμε-

812 1792 887 1820 νος,
909 1779 1147 1822 Ἀῐὲκμαρτος,
1175 1779 1271 1811 οὐδὲν
1295 1778 1453 1812 οὐδέποτ)

811 1828 845 1858 ἐν
870 1826 985 1867 ταύτῷ
1010 1830 1135 1867 μένων,
1170 1825 1193 1858 i.
1221 1836 1249 1858 e.
1284 1824 1327 1864 ὡς
1351 1826 1457 1866 ὅρνις.

813 1873 965 1905 Horat.
999 1870 1107 1913 Epist.
1144 1872 1172 1903 Ι.
1197 1871 1236 1912 2,
1262 1871 1317 1904 42.
1374 1873 1457 1907 Qui

813 1922 933 1951 recte
958 1916 1129 1949 vivendi
1152 1922 1363 1959 prorogat
1388 1918 1457 1951 lio-

810 1974 917 2003 ram,
961 1963 1161 1994 rusticus
1210 1967 1454 2006 exspectat,

811 2009 906 2042 dum
955 2007 1138 2040 defluat
1185 2010 1329 2042 amnis.
1376 2010 1451 2042 Ti-

812 2056 916 2087 bnll.
942 2054 966 2087 l.
997 2056 1025 2088 1.
1051 2054 1145 2096 ipse
1174 2065 1313 2087 seram
1341 2056 1456 2088 vites

811 2111 856 2133 ru
867 2100 926 2133 sti
939 2109 985 2131 cu
996 2111 1023 2132 s.
1075 2101 1257 2142 Perperam
1275 2102 1392 2133 locum>
1405 2101 1456 2133 in-

812 2150 1019 2189 terpretatur
1044 2145 1231 2180 Dorvill.
1260 2146 1302 2178 ad
1329 2146 1455 2181 Cliarit.

813 2203 845 2235 p.
871 2191 949 2225 289.
983 2191 1056 2222 iure
1091 2192 1133 2222 ab
1160 2191 1363 2224 Heindorfio
1399 2203 1456 2225 ca-

813 2238 968 2279 stigatus.
1018 2236 1203 2268 Praeterea
1221 2237 1384 2271 observes
1401 2248 1456 2271 re-

812 2284 984 2326 pentinum
1025 2282 1167 2313 subiecti
1215 2284 1457 2325 mutationem3

811 2340 888 2361 nam
905 2327 946 2360 ad
970 2326 1124 2369 γεγηθὼς
1148 2326 1331 2371 ἆπερχεται
1356 2330 1456 2363 intel-

812 2375 926 2416 ligitur
962 2371 978 2404 ὁ
1008 2372 1240 2415 σιγγραᾳειίςε
1277 2375 1319 2407 ad
1345 2377 1376 2410 ἐ
1366 2376 1455 2407 mm-

812 2423 858 2462 φῇ
885 2423 997 2451 autem
1026 2417 1042 2450 ὁ
1065 2418 1167 2461 λυγος
1185 2424 1219 2451 et
1238 2425 1309 2453 tum
1336 2431 1454 2455 rursus

811 2467 902 2498 idem
920 2465 974 2496 ille
990 2476 1214 2507 συγγραφευς.
1250 2466 1320 2499 Sed
1345 2477 1456 2508 quan-

812 2516 883 2543 tum
917 2509 1040 2542 Graeci
1071 2510 1136 2542 boc
1165 2511 1198 2543 in
1229 2522 1356 2554 genere
1392 2513 1455 2545 sibi

813 2556 1034 2595 indulserint,
1073 2555 1209 2589 docebit
1248 2562 1361 2590 annot.
1412 2558 1454 2590 ad

811 2603 993 2643 Protagor.
1027 2612 1060 2644 p.
1087 2602 1164 2636 320.
1194 2605 1231 2637 Δ.
1258 2603 1298 2638 Β.
1330 2603 1454 2646 Remp.

814 2648 855 2681 ll.
882 2658 914 2689 p.
943 2646 1022 2681 360.
1047 2650 1087 2681 A.
1115 2648 1222 2691 Gorg.
1248 2659 1281 2691 p.
1311 2649 1388 2684 510.
1416 2651 1455 2683 Β..

862 2693 900 2727 B.
949 2691 1017 2724 ἐὰν
1063 2693 1104 2724 δὲ
1151 2694 1334 2737 ἐξαλιφῇ
1382 2695 1455 2725 καὶ

814 2738 1002 2782 ἄμοιρος
1026 2740 1082 2779 7.]
1117 2739 1162 2771 Ut
1194 2740 1225 2773 in
1251 2743 1366 2784 γραφῇ
1390 2752 1454 2772 πα-
