1687 2969
229 186 304 219 136

772 184 1031 222 PLATONIS

225 289 432 343 φέστερον
460 289 648 341 ἐπιδείξω
679 291 701 331 ὃ
730 289 848 344 λέγω.
905 294 1046 333 Δυοῖν
1087 293 1231 333 ὄντοιν
1266 295 1360 333 τοῖν
1386 294 1575 345 πραγμά-

224 370 316 396 τοιν
345 355 424 396 δύο
453 353 560 409 λέγω
588 354 756 409 τέχνας·

291 489 329 520 Β.
355 490 500 520 Λυοῐν
524 487 671 521 ὄντοιν
706 494 798 521 τοῖι·
825 488 1119 532 πραγμάτοιν]

520 535 625 567 Coisl.
648 535 735 567 Ven.
752 535 790 567 Σ.
818 535 920 567 Vind.
946 534 975 566 1.
989 533 1021 566 2.
1036 533 1067 566 6.
1088 533 1119 566 7.
1142 535 1222 566 Par.
1245 535 1347 567 BEF
1357 535 1411 567 W.
1436 535 1528 567 Flor.
1549 547 1576 568 5.

223 538 402 566 servarunt
415 534 493 566 Vat.

225 579 365 611 Meerm.
389 579 488 612 Bodl.
512 581 661 612 Darmst.

292 667 363 711 τὴν
388 669 464 708 μὲν
491 669 560 701 ἐπὶ
588 673 631 711 τῇ
657 670 706 711 ψ]
734 670 775 702 V.
802 670 867 701 καὶ

269 781 350 823 Cap.
367 781 461 813 XIX.
478 783 517 813 B.
545 783 607 813 Au
622 786 689 813 οἷν
716 779 733 812 ὅ
748 792 866 812 ι’τοιν

225 839 247 857 τ.
283 838 338 866 πρ.
373 838 401 857 κ.
435 839 457 857 τ.
484 826 524 869 2..]
589 827 767 858 Sententia
798 826 865 858 loci

226 871 312 903 haec
335 876 403 902 est:
429 872 527 903 Duae
553 877 641 912 sunt,
666 871 788 913 inquit,
816 882 867 902 ar—

223 921 272 947 tes
297 915 424 957 bonae,
459 927 545 958 quae
569 917 610 948 ad
636 917 785 958 corporis
810 927 865 948 va-

226 961 415 993 letudinem
449 962 652 994 servandam
685 962 741 993 vel
773 962 865 993 resti-

225 1006 385 1038 tuendam
424 1007 617 1049 pertinent3
657 1007 744 1039 duae
784 1007 865 1038 item

224 1051 341 1083 valent
372 1051 414 1083 ad
447 1053 599 1084 animum
625 1057 713 1084 recte
745 1051 867 1094 guber-

224 1096 388 1128 nandum.
441 1098 583 1139 Corpori
615 1098 705 1129 enim
737 1097 867 1138 prospi-

224 1143 320 1173 ciunt
343 1153 398 1174 ars
421 1144 705 1184 gymnastica
736 1147 768 1174 et
792 1152 867 1173 me-

224 1187 335 1225 dica3
367 1188 480 1219 animo
511 1193 653 1229 prosunt
684 1187 866 1229 legisla-

224 1233 334 1264 toria
367 1236 400 1264 et
432 1233 626 1264 iustitia.
683 1233 750 1264 Sed
773 1243 866 1274 repe-

221 1278 356 1309 riuntur
380 1278 482 1309 etiam
501 1282 590 1310 artes
615 1283 776 1319 quattuor
800 1282 867 1309 tur-

222 1333 298 1364 pes,
340 1333 482 1363 quarum
517 1334 648 1355 summa
682 1323 715 1354 in
750 1322 866 1354 adula-

224 1368 315 1399 tione
347 1369 552 1399 continetur.
601 1369 696 1408 Quae
730 1368 866 1409 quidem

224 1419 313 1444 artes
349 1413 549 1445 inhonestae
583 1413 866 1454 quemadmodum

223 1457 381 1500 singulae
406 1469 484 1490 suas
508 1457 637 1489 habent
662 1463 792 1500 partes,
817 1458 864 1489 ita

224 1504 326 1534 etiam
371 1503 524 1535 honestis
565 1504 694 1535 artibus
741 1503 864 1535 callide

225 1549 322 1589 quasi
362 1548 584 1588 insidiantur,
628 1549 751 1590 quippe
791 1558 865 1580 sese

224 1593 424 1625 simulantes
471 1594 541 1624 illis
585 1594 742 1625 meliores
781 1603 866 1624 esse.

225 1639 281 1670 Sic
305 1639 541 1680 gymnasticae
577 1639 612 1670 in
644 1639 755 1670 locum
788 1639 867 1669 sub-

223 1683 310 1719 repit
336 1681 355 1725 ἡ
380 1682 587 1725 κοιιιιωτικής
613 1684 695 1715 artis
712 1683 864 1715 medicae

225 1728 337 1760 locum
363 1733 507 1770 occupat
537 1741 556 1770 η
585 1726 785 1781 ὀψοποιικής
820 1728 865 1760 le-

222 1773 421 1815 gislatoriac
470 1778 582 1805 autem
623 1771 642 1815 ἦ
685 1774 865 1815 σοφιστικὴ

224 1829 263 1849 ac
288 1819 438 1850 iustitiae
472 1817 492 1862 ἡ
520 1817 680 1861 armum)
715 1819 864 1850 vicariae

222 1873 294 1895 esse
332 1864 464 1895 v.olunt
535 1865 605 1895 Iam
653 1874 734 1896 vero
774 1863 863 1905 quod

221 1919 408 1950 coquorum
433 1919 487 1940 ars
511 1910 661 1950 corpori,
695 1909 729 1940 id
755 1909 864 1940 rheto-

222 1954 295 1985 rica
327 1954 442 1986 animo
482 1958 541 1985 est.
604 1955 692 1985 Nam
731 1955 863 1995 corpori

221 1998 309 2030 male
348 2009 431 2030 sano
471 2009 524 2030 ars
558 1999 705 2038 medica,
749 2000 863 2031 animo

223 2043 359 2075 turbato
384 2044 515 2076 iustitia
539 2044 698 2076 medetur.
758 2043 863 2075 Fallit

221 2093 332 2120 autem
377 2089 512 2120 deliciis
555 2093 587 2121 et
628 2088 862 2130 voluptatibus

223 2131 241 2176 ἡ
266 2131 283 2164 0'
293 2132 450 2176 ώοποιικὴ
463 2145 595 2175 corpus,
610 2134 779 2166 rhetorica
791 2135 862 2165 ani-

221 2190 314 2210 mum
355 2180 398 2220 (p.
431 2178 508 2211 461.
541 2181 578 2210 B.
612 2198 653 2202 ——
688 2178 764 2211 466.
796 2180 861 2217 Α.).

222 2224 414 2263 Quintil.
439 2225 521 2256 Inst.
547 2225 639 2256 Orat.
666 2225 715 2263 II,
741 2223 793 2263 15,
819 2222 862 2256 24

222 2280 310 2310 seq:
337 2269 539 2310 plerique
573 2274 735 2308 autem,
768 2269 861 2300 dum

222 2324 359 2354 pauca
384 2325 433 2345 ex
460 2315 619 2356 Gorgia
646 2314 859 2353 Platonis,

221 2370 240 2389 a
279 2359 501 2400 prioribus
549 2360 752 2401 imperite
797 2370 860 2390 ex-

219 2409 388 2445 cerpta,
454 2404 604 2446 legere
661 2405 861 2436 contenti

219 2458 359 2489 neque
406 2448 481 2480 hoc
531 2454 667 2481 totum
721 2459 859 2490 neque

220 2492 306 2524 alia
347 2493 442 2524 eius
482 2495 707 2525 volumina
749 2494 859 2526 evol-

218 2542 338 2577 vunt,

219 2594 301 2614 rem

388 2539 431 2568 in
475 2540 704 2570 maximum
750 2550 859 2571 erro-

353 2583 609 2615 inciderunt
662 2584 858 2616 crodunt-

222 2639 298 2669 que
330 2638 418 2659 eum
452 2629 494 2659 in
528 2629 605 2660 hac
645 2640 741 2661 csse
777 2630 858 2670 opi-

220 2673 367 2713 nione,
410 2678 454 2704 ut
492 2673 743 2706 rhetoricen
775 2685 855 2706 non

217 2722 369 2759 artem,
401 2717 475 2750 sed
498 2719 699 2761 peritiam
734 2729 857 2762 quan-

797 356 876 410 τὴν
904 356 980 410 μὲν
1019 355 1086 397 ἐπὶ
1123 363 1174 410 τῇ
1212 363 1328 410 ψυχῇ
1357 356 1576 410 πολιτικὴν

1153 493 1226 520 τοῑι·
1236 513 1244 526 ,
1270 489 1374 532 vulgo
1400 491 1575 531 omissum,

906 667 967 711 ιὴι·
991 669 1055 708 μὲν
1081 668 1136 700 ἐπὶ
1165 673 1201 711 τῇ
1227 676 1263 709 ψ.
1311 669 1378 702 Sed
1402 670 1457 702 καὶ
1481 681 1577 712 prae-

935 780 1026 811 dam
1050 782 1223 823 gratiae
1255 792 1304 814 ac
1329 782 1577 824 voluptatis

935 826 1183 866 existimet,
1215 831 1258 858 et
1287 827 1376 859 alio
1402 827 1498 859 ioco
1525 828 1577 859 ci-

935 871 1134 903 vilitatis
1166 872 1419 913 particulae
1453 873 1576 904 simu-

936 916 1104 948 lacrum
1153 922 1193 948 et
1245 922 1444 958 quartam
1488 929 1577 960 par-

936 965 1017 993 tem
1041 961 1348 1002 adulationis,
1375 962 1486 1004 quod
1511 963 1576 994 du-

936 1017 979 1038 as
1018 1010 1168 1048 partes
1207 1008 1455 1039 civilitatis
1492 1019 1578 1040 cor-

935 1053 1029 1092 pori
1056 1052 1284 1096 assignet,
1310 1052 1575 1084 medicinam

936 1101 975 1127 et
1034 1108 1156 1138 quam
1219 1098 1576 1140 interpretantur

936 1143 1315 1183 exercitati-icem,
1354 1143 1460 1175 duas
1491 1144 1576 1174 ani-

936 1197 1015 1226 mo,
1056 1187 1245 1230 legalem
1283 1193 1410 1229 atque
1454 1189 1575 1220 iusti-

936 1232 1061 1272 tiam,
1098 1233 1403 1265 adulationem
1438 1239 1576 1265 autem

935 1277 1183 1310 medicinae
1244 1284 1370 1310 vocet
1425 1289 1576 1320 coquo-

936 1333 1022 1353 rum
1076 1323 1328 1355 artificium
1381 1330 1419 1355 et
1460 1335 1577 1357 exer-

936 1368 1163 1400 citatricis
1194 1379 1476 1411 mangonum,
1501 1370 1576 1410 qui

937 1413 1131 1445 colorem
1156 1414 1257 1446 fuco
1284 1418 1325 1445 et
1349 1424 1494 1445 verum
1518 1426 1575 1446 ro-

937 1457 1015 1488 bur
1039 1459 1164 1490 inani
1189 1459 1344 1501 sagina
1367 1460 1577 1491 mentian-

936 1508 1022 1542 tur,
1047 1503 1206 1546 legalis
1233 1504 1578 1541 cavillatricem,

935 1548 1141 1580 iustitiae
1166 1548 1432 1581 rhetoricen.
1459 1550 1578 1590 Quae

935 1593 1078 1624 omnia
1103 1598 1203 1626 sunt
1225 1594 1394 1635 quidem
1413 1595 1576 1637 scripta

935 1638 977 1668 in
1017 1637 1095 1669 hoc
1142 1638 1258 1671 libro
1306 1639 1520 1681 dictaque
1558 1651 1576 1671 a

935 1683 1132 1723 Socrate,
1204 1685 1327 1716 cuius
1388 1695 1577 1726 persona

935 1727 1112 1760 videtur
1143 1730 1272 1762 Plato
1304 1730 1576 1772 significare

935 1773 1035 1814 quid
1059 1776 1248 1813 sentiat3
1275 1774 1345 1806 sed
1371 1775 1453 1806 alii
1478 1781 1577 1807 sunt

935 1819 1031 1850 eius
1056 1829 1280 1851 sermones
1313 1819 1362 1851 ad
1401 1831 1578 1862 coargu-

934 1863 1066 1895 endos
1087 1875 1160 1905 qui
1178 1869 1328 1896 contra
1348 1865 1576 1907 disputant

933 1910 1183 1960 compositi.

979 1950 1050 1995 τὴν
1080 1954 1158 1992 μὲ]
1192 1953 1260 1985 ἐπὶ
1302 1958 1346 1996 τῇ
1382 1958 1495 1997 Ltzr
1519 1955 1575 1999 -—]

933 1998 1022 2030 Ante
1049 1997 1109 2040 τὴ]
1133 1999 1278 2037 11ὲ1·ἑπὶ
1305 2012 1341 2031 17
1370 2003 1460 2041 mys
1486 2012 1517 2032 π.
1545 2013 1571 2032 κ.

933 2043 1023 2084 quod
1055 2044 1159 2086 vulgo
1193 2046 1248 2076 καὶ
1288 2033 1453 2076 insertum
1483 2046 1575 2087 lege-

931 2088 1046 2128 batur,
1082 2094 1172 2121 recte
1203 2090 1290 2122 illud
1322 2090 1472 2122 omnium
1504 2092 1573 2122 fere

931 2133 1095 2165 librorum
1159 2136 1357 2168 auctoritate
1412 2135 1574 2167 omissum

931 2190 1004 2210 esse
1058 2179 1230 2211 docebunt
1286 2180 1417 2221 aliquot
1471 2180 1573 2213 huius

931 2224 1087 2265 asyndeti
1112 2226 1278 2270 exempla.
1305 2225 1409 2267 Legg
1439 2235 1470 2266 p.
1497 2224 1573 2258 957.

932 2272 979 2300 Α;
1022 2268 1131 2300 *mitta
1165 2269 1192 2301 6
1227 2271 1289 2301 οὖν
1321 2289 1363 2293 —
1397 2267 1457 2300 τὸν
1495 2270 1574 2302 ιέοι

929 2312 1157 2356 [ἕναπληρουι-
1189 2327 1252 2357 χρη
1286 2314 1501 2356 ιομοΐῒένηι·
1537 2313 1573 2347 τὰ

931 2359 995 2398 μὲι·
1031 2343 1102 2390 ἰδία
1144 2359 1343 2413 δι’καστήωια
1385 2357 1483 2401 ται’ῑῃ
1528 2373 1571 2401 πη

931 2417 982 2446 yy!
990 2403 1118 2442 tffi'o'ueza
1143 2404 1268 2445 μὲτ1101·
1292 2403 1337 2436 ἂι·
1354 2405 1444 2459 ἔχὀι
1473 2403 1509 2436 τὰ
1536 2405 1574 2437 δὲ

931 2448 1077 2491 ὸηΙΙΟίῚία
1103 2450 1156 2480 καὶ
1184 2448 1281 2481 ΖΟίΓὰ
1306 2451 1360 2481 καὶ
1388 2460 1484 2482 oo‘ols
1510 2448 1572 2490 (ΞΟ-

930 2494 988 2535 χὰς
1014 2494 1069 2525 δεῖ
1090 2506 1117 2525 κ.
1145 2507 1168 2526 τ.
1195 2497 1219 2526 i..
1246 2495 1331 2527 Ibid.
1358 2495 1416 2526 IX.
1442 2505 1474 2536 p.
1492 2494 1568 2528 867.

929 2542 968 2570 A
1006 2540 1180 2581 Pr.0tag0r
1221 2551 1250 2582 p.
1290 2539 1366 2573 338.
1401 2540 1446 2571 C:
1493 2537 1574 2572 ἀλλὰ

929 2582 970 2625 δὴ
1017 2586 1176 2625 [felfftcorcc
1220 2584 1316 2628 ruah·
1364 2583 1570 2636 αίοήσεσθε.

930 2632 965 2670 τῇ
1011 2629 1072 2667 ιιὲ1
1120 2627 1269 2672 αλνῖῒειᾳ
1309 2649 1350 2653 -
1396 2627 1571 2661 [ἱδυν-ατω

935 2672 1031 2712 lgm,
1075 2674 1154 2707 (iste
1194 2674 1433 2718 Πρωταπόοου
1472 2675 1571 2707 τοῦδε

930 2718 1135 2760 ιῐοςεώτερόι
1166 2733 1240 2752 τιια
1273 2720 1429 2753 ἑλέσθαι·
1467 2719 1503 2750 εί
1533 2716 1572 2753 δὲ
