1687 2969
768 126 810 131 -—
888 104 1015 143 CXXVI
1087 124 1127 127 —

273 227 399 263 natus
432 225 574 272 esset,
617 232 761 260 senem
793 216 1170 274 septuagenarium
1208 222 1330 257 tauta
1359 213 1618 257 mordacita-

275 279 329 319 tis
373 275 642 318 cavillatione
682 274 879 329 petiisset
917 273 1213 330 neglectisque
1259 272 1350 315 eius
1386 271 1617 314 virtutibus

276 341 398 375 tanta
426 332 659 374 acerbitate
691 331 1016 386 exagitavisset,
1049 335 1211 384 quanta
1240 329 1284 370 in
1304 327 1505 370 Phaedro
1537 327 1623 368 uti-

277 405 360 445 que
394 389 445 431 ab
479 403 529 430 eo
559 388 720 430 factum
752 389 818 431 sit.
887 387 956 428 Ex
987 401 1071 441 quo
1104 400 1372 440 consequens
1415 399 1507 426 esse
1547 399 1624 425 vo-

275 448 392 500 lunt,
424 453 472 487 ut
503 444 690 501 origines
720 442 819 486 libri
848 442 902 484 ad
933 458 1025 484 eam
1058 441 1306 498 philosophi
1335 447 1518 482 aetatem
1556 455 1625 481 re-

276 502 487 545 iiciendae
519 501 629 554 sint,
673 501 717 542 in
760 515 845 555 qua
865 499 1077 542 eiusmodi
1110 498 1352 554 petulantia
1381 498 1534 539 saltem
1564 497 1621 538 sit

277 561 413 616 magis
455 558 725 600 excusabilis.
794 557 949 611 Itaque
988 555 1257 611 quaesivisse
1296 554 1402 596 item
1444 553 1624 607 iuvabit,

280 616 384 672 quid
415 622 710 670 quantumque
741 613 842 655 huic
869 613 1031 656 rationi
1059 611 1336 654 tribuendum
1367 611 1435 652 sit.

392 673 566 715 Licebit
596 678 738 713 autem
779 670 848 712 hic
910 670 1063 711 rimum
1093 668 1435 710 animadvertere
1475 681 1628 723 parum

279 730 404 773 nobis
431 728 570 771 videri
600 727 828 781 credibile,
874 685 1103 768 {latonem
1131 726 1293 782 Lysiae
1335 725 1419 766 iam
1450 723 1626 781 Olymp-

281 787 452 830 XCIV.
483 786 541 826 in.
576 784 661 826 tale
694 799 717 826 0
752 799 819 837 115,
852 784 978 837 quale
1008 782 1235 824 Phaedrus
1266 788 1354 835 est,
1385 782 1520 823 fuisse
1552 796 1630 836 op-

279 845 545 901 positurum,
594 856 707 896 quan
743 840 943 894 oquidem
983 839 1054 880 ille
1091 845 1181 880 tum
1219 839 1291 879 vix
1329 838 1414 880 iam
1451 837 1506 879 ad
1537 853 1630 879 eam

280 900 467 943 Athenis
505 904 761 954 pervenerat
802 896 1124 949 auctoritatem,
1165 902 1214 937 ut
1252 901 1469 950 tamquam
1511 894 1630 950 prin-

282 972 384 1012 ceps
414 956 632 997 rhetorum
663 954 707 995 in
736 969 908 996 scenam
935 951 1239 1009 producendus
1269 951 1500 993 videretur.
1545 950 1631 993 Re-

281 1014 360 1055 diit
391 1013 517 1064 enim,
551 1018 598 1052 ut
628 1010 828 1063 vidimus,
865 1010 1059 1051 Athenas
1092 1007 1267 1065 Olymp.
1298 1007 1448 1051 XCII.
1484 1011 1519 1049 1.
1552 1023 1631 1045 Ξ

280 1072 376 1112 412.
417 1085 453 1111 a.
503 1068 605 1110 Chr.
645 1083 688 1108 n.
765 1066 860 1109 Iam
898 1082 1000 1108 vero
1041 1066 1076 1109 si
1122 1066 1368 1108 Phaedrum
1419 1079 1631 1121 ponamus

283 1128 458 1184 Olymp.
490 1124 661 1167 XCIV.
692 1125 750 1166 in.
784 1124 938 1166 litteris
971 1129 1193 1165 exaratum
1224 1138 1336 1177 esse,
1366 1122 1526 1179 Lysias
1557 1137 1632 1163 ne-

283 1199 404 1227 cesse
437 1189 504 1224 est
535 1183 620 1223 iam
651 1187 817 1237 septem
849 1181 936 1222 sere
967 1195 1176 1221 annorum
1207 1179 1368 1236 spatio,
1406 1194 1516 1232 quos
1545 1179 1632 1234 pri-

282 1257 375 1283 mos
405 1240 470 1282 vir
501 1240 642 1281 factus
674 1238 861 1280 Athenis
892 1237 1063 1293 exegit.¹
1106 1236 1161 1278 ad
1191 1252 1285 1278 eam
1313 1235 1455 1277 laudis
1496 1241 1540 1277 et
1569 1235 1632 1276 fa-

283 1313 376 1340 mae
397 1296 693 1338 celebritatem
714 1294 979 1349 pervenisse,
1013 1301 1063 1335 ut
1081 1294 1221 1348 ipsius
1244 1294 1481 1334 auctoritas
1503 1292 1633 1334 etiam

285 1353 589 1410 philosophiae
621 1351 778 1393 studiis
819 1350 1026 1393 officeret.
1097 1349 1228 1403 Quod
1268 1350 1467 1405 profecto
1509 1355 1633 1390 tanto

285 1413 426 1453 minus
458 1416 525 1451 est
555 1408 775 1462 credibile,
809 1407 927 1462 quod
957 1407 1018 1449 ibi
1048 1414 1163 1449 teste
1195 1406 1475 1448 Cicerone
1506 1406 1632 1447 Brut..

287 1484 323 1510 c.
359 1469 423 1509 12.
455 1467 507 1508 ab
539 1466 665 1507 initio
697 1464 848 1507 docuit
878 1464 1153 1518 eloquentiae
1184 1470 1341 1516 artem,
1376 1478 1426 1504 ac
1456 1469 1633 1518 postero

288 1525 459 1566 demum
506 1530 700 1577 tempore
739 1521 795 1563 ad
832 1520 1102 1562 iudicialium
1141 1521 1386 1562 orationum
1432 1519 1634 1574 scriptio-

288 1597 385 1623 nem
416 1580 624 1631 accessit,
658 1578 864 1633 quodque
895 1593 1041 1619 omnes
1074 1577 1351 1619 consentiunt
1381 1591 1537 1618 nomen
1568 1576 1635 1631 ip-

289 1640 379 1680 sius
435 1636 536 1678 inde
577 1637 629 1678 ab
670 1651 719 1677 eo
740 1634 911 1676 demum
948 1640 1143 1689 tempore
1173 1634 1385 1676 illustrius
1420 1633 1633 1686 extitisse,

290 1711 377 1750 quo
405 1694 558 1735 talium
590 1693 835 1734 orationum
874 1691 1102 1746 scriptioni
1139 1706 1315 1746 operam
1346 1689 1448 1731 dare
1479 1705 1636 1744 coepe-

292 1753 360 1793 rit.
421 1750 642 1803 Quocirca
673 1764 753 1790 nec
783 1749 1015 1790 verisimile
1053 1754 1120 1789 est
1149 1748 1234 1802 ipsi
1264 1753 1356 1788 tum
1387 1746 1636 1788 Phaedrum

294 1823 387 1850 esse
426 1807 701 1862 oppositum,
750 1805 1065 1860 praeteriitque
1104 1803 1258 1859 procul
1296 1803 1429 1845 dubio
1480 1803 1636 1844 dehinc

292 1865 465 1920 longius
498 1863 705 1916 temporis
739 1862 945 1916 spatium,
1010 1861 1232 1914 riusquam
1262 1860 1391 1901 Plato
1411 1875 1508 1901 eum
1530 1860 1637 1901 scri-

294 1927 371 1977 pto
401 1919 687 1961 adoriendum
718 1924 945 1972 statueret,
994 1918 1081 1959 icet
1109 1916 1226 1958 haud
1255 1916 1525 1958 incommode
1544 1916 1638 1958 fieri

293 1977 510 2033 potuerit,
541 1982 591 2017 ut
623 1975 822 2031 dialogus
853 1975 938 2015 iam
968 1974 1042 2015 illa
1073 1980 1215 2015 aetate
1246 1973 1422 2015 habitus
1452 1973 1638 2029 fingere-

296 2042 390 2087 tur,
436 2034 601 2088 quippe
633 2047 719 2087 quo
759 2032 844 2072 iam
887 2030 1052 2087 ingenii
1104 2031 1298 2084 artisque
1353 2029 1639 2072 ostentandae

297 2106 453 2133 caussa
492 2088 684 2146 Gorgiae
726 2087 968 2142 exemphun
1009 2087 1250 2128 aemulatus
1303 2087 1514 2128 oratorias
1564 2086 1638 2127 de-

297 2147 579 2190 clamationes
619 2145 841 2187 edidisset.
926 2143 1015 2186 Sed
1063 2159 1196 2185 (1111111
1241 2143 1415 2185 minime
1452 2143 1509 2184 sit
1548 2158 1639 2184 cre-

298 2204 431 2246 dibile
463 2202 711 2244 Phaedrum
740 2202 826 2242 iam
866 2199 1043 2257 Olymp.
1125 2199 1244 2242 CIV.
1293 2199 1456 2256 Lysiae
1506 2200 1640 2241 fuisse

298 2260 572 2315 oppositum,
612 2266 705 2301 tum
751 2258 879 2299 etiam
919 2258 963 2300 in
1002 2264 1177 2313 promtu
1219 2263 1321 2298 sunt
1370 2262 1639 2309 armunenta,

298 2316 412 2358 unde
444 2322 656 2371 appareat
693 2315 854 2371 Lysiae
891 2320 1160 2356 senectutem
1199 2312 1306 2354 nihil
1347 2291 1640 2368 prohibuisse,

300 2374 531 2428 quominus
562 2372 689 2414 Plato
722 2373 774 2414 de
813 2371 909 2426 ipso
941 2370 1118 2427 grandis
1154 2370 1310 2411 aetatis
1347 2371 1440 2411 viro
1480 2369 1642 2411 scribe-

299 2435 366 2471 ret
395 2444 506 2483 quae
536 2429 580 2470 111
609 2429 811 2471 Phaedro
844 2427 1069 2483 disputata
1086 2433 1201 2468 sunt.
1261 2426 1437 2468 Etenim
1457 2426 1641 2481 primum

301 2485 477 2540 quidem
508 2485 626 2540 quod
657 2485 862 2527 dictitant
891 2484 1040 2526 mitius
1070 2483 1123 2525 de
1153 2483 1226 2525 illo
1257 2483 1325 2525 vel
1352 2482 1642 2525 excusabilius

302 2542 440 2584 videri
470 2557 600 2597 posse
631 2541 856 2595 iudicium,
889 2542 925 2584 si
955 2541 1039 2582 iam
1071 2538 1247 2596 Olymp.
1278 2538 1448 2581 XCIV.
1480 2539 1538 2580 in.
1570 2553 1642 2578 ex-

302 2605 519 2654 promtum
549 2599 628 2653 sit,
668 2598 713 2640 id
744 2600 941 2654 profecto
971 2597 1095 2639 nihili
1127 2604 1204 2639 est.
1274 2597 1381 2638 Fuit
1411 2595 1522 2637 enim
1551 2593 1643 2650 Ly-

303 2656 390 2698 sias
438 2655 678 2697 etiamtum
722 2662 863 2698 aetate
903 2655 987 2697 iam
1027 2653 1290 2709 provectior,
1323 2652 1537 2706 siquidem
1567 2649 1643 2691 ha-
