1687 2969
0 2448 2 2455 ,
53 2418 337 2452 sermonibus
398 2430 427 2454 ε.

366 105 725 148 PHAEDRU
741 104 786 148 S.
819 106 867 149 P.
904 108 998 147 267.
1031 106 1096 149 St.

1327 110 1402 148 177

38 222 267 279 εὑρηκέναι
301 226 388 282 ἔφη
424 216 487 266 ὧν
523 224 586 266 δεῖ
620 220 763 276 λόγων
799 227 947 282 τέχνῃ·
986 225 1075 266 δεῖν
1111 225 1155 266 δὲ
1192 220 1293 268 οὕτε
1319 242 1404 279 μα-

33 293 153 350 κρῶν
188 287 291 333 οὔτε
325 292 537 345 βραχέων,
572 286 686 331 ἀλλὰ
723 292 924 345 μετρίων.

143 358 276 401 ΦΑΙ.

135 423 243 467 ΣΩ.

762 349 779 367 ἲ

347 353 616 414 Σοφιότατά
653 373 711 409 γε,
749 374 781 397 ω
822 355 1026 411 [[ρόδικε.

306 421 494 466 (Ιππιάν
533 424 577 465 δὲ
608 421 661 465 οὐ
686 425 892 477 Myous»,-
928 422 1050 478 οἶμαι
1085 420 1170 478 γάρ
1208 420 1265 465 ἂν
1298 424 1404 478 σύμ-

35 504 196 552 ψηφον
232 488 354 545 αὐτῷ
392 492 465 532 καὶ
500 488 580 532 τὸν
610 489 788 534 Ἠλεῖον
823 490 950 542 ξένον
983 492 1214 545 γενέσθαι.

137 559 271 601 φΑΙ.
346 559 399 600 Τι’
433 555 474 599 δ’
517 553 598 612 οὕ;

134 624 239 669 ΣΩ.

127 754 167 790 C.
212 757 298 791 πῶς
322 753 555 798 φράσομεν
583 749 637 785 αὖ
665 753 721 796 fn]
756 754 855 788 Bodl.

35 801 56 836 Ῑ.
86 803 157 837 πῶς
187 799 229 832 ἂν
264 800 456 844 φράσωμεν,

313 621 379 666 Τὰ
416 625 461 667 δὲ
499 621 666 667 Πώλου
713 626 804 674 πῶς
839 623 1071 683 φράσομεν
1117 617 1173 666 αὖ
1208 631 1391 678 μουσεῖα
1434 620 1469 659 C

885 755 953 786 EG
971 754 1013 786 Η.
1040 753 1236 797 φράσωμεν.
1264 754 1355 788 Flor.
1376 756 1407 786 b.

505 801 589 833 Dein
621 799 665 835 ὡς
701 800 798 834 Bodl.
833 810 909 832 cum
945 800 1111 832 A‘DG'l'.
1146 812 1206 841 pro
1243 811 1284 832 eo
1316 801 1408 842 quod

35 847 136 889 vulgo
162 850 216 878 est
240 844 292 883 ὅς.
341 846 505 879 Fortasse
532 847 563 878 in
587 856 628 879 eo
656 847 738 878 latet
763 847 894 885 ἱκανῶς,
922 850 959 877 ut
986 847 1204 878 scribendum
1232 847 1292 878 sit:
1333 848 1408 878 ἱκα-

31 895 109 932 νῶς,
151 889 191 928 ὃς
217 904 245 926 κ.
270 905 301 926 τ.
327 891 356 926 λ.
406 892 476 924 Pro
499 893 704 934 Λυκυμνίων
736 892 813 924 Par.
840 892 880 926 P.
909 892 1142 930 Λυκνμνείων.
1174 895 1247 925 Ast.
1280 894 1409 924 mavult

35 936 274 980 Αυκυμνιείων,
312 938 395 971 Dein
421 938 499 972 Par.
530 937 571 972 N.
598 948 665 970 uno
692 943 812 970 tenore
837 939 1073 981 προςηοίησιν.

34 1055 133 1094 parat
157 1050 213 1083 illa
236 1049 463 1083 Isocratis
498 1050 630 1092 Paneg.
659 1060 689 1083 Θ

41 1100 70 1132 1.
109 1097 143 1129 οἱ
167 1093 266 1137 λόχοι
294 1095 460 1153 τοιαύτην
486 1077 617 1138 Iloua?
625 1094 691 1135 τὴν

35 1140 161 1198 ‹pv'aau3
195 1139 286 1178 ω’ςθ’
322 1141 399 1174 οἱιῖν
430 1154 466 1174 τε
500 1154 529 1174 ε
535 1155 589 1173 ναι
614 1141 691 1184 περὶ

36 1190 102 1220 τῶν
116 1186 232 1220 αὐτῶν
247 1186 423 1228 πολλαχῶς
435 1187 469 1223 ἐξ
474 1187 688 1230 rJyr'oam9ac,

38 1247 95 1266 nab
117 1231 162 1266 ‘la'
186 1245 224 1265 ΤΕ
247 1233 382 1277 μεγαλα
414 1234 559 1266 Ἱαπξινὰ
586 1236 688 1274 710ιῆ·

38 1291 116 1321 σαι,
153 1278 213 1310 καὶ
253 1283 327 1316 τοῖς
365 1283 494 1322 μικοοῑς
538 1281 689 1323 μέγεθος

37 1327 264 1378 neocoratu,
296 1325 356 1357 καὶ
385 1325 426 1356 τὰ
457 1325 587 1358 παλαιὰ
615 1338 689 1356 και-

37 1373 101 1407 νῶς
124 1367 326 1412 διεξελθεῖν,
350 1370 405 1402 καὶ
419 1371 497 1414 περι
513 1385 579 1404 τωι
604 1383 687 1402 νεω-

37 1415 94 1448 στὶ
123 1418 348 1460 γεγενημένων
378 1415 542 1473 ἀρχαίως
569 1417 688 1457 εἰπεῖν,

40 1461 97 1494 ubi
135 1464 258 1500 καινῶς
294 1466 330 1495 et
369 1460 520 1503 ἀρχαίως
558 1464 689 1504 pariter

39 1513 142 1548 atque
167 1506 231 1540 hoc
254 1508 332 1539 loco
357 1508 518 1540 traxerim
545 1507 587 1540 ad
615 1508 689 1540 uui-

40 1562 162 1586 versae
211 1553 424 1586 tractationis
463 1555 614 1586 colorem
659 1564 689 1585 v.

41 1598 257 1632 Breminm
283 1609 316 1641 p.
340 1598 385 1632 20
409 1609 459 1640 sq.
493 1603 529 1631 et
558 1599 690 1632 Bern-

41 1643 179 1688 hardy
203 1644 344 1688 Syutax.
371 1655 402 1686 p.
431 1643 483 1678 18.

89 1690 327 1732 συντομίαν
367 1701 410 1722 τε
451 1688 592 1732 λόγων
625 1690 691 1733 -]

43 1735 210 1768 Solebant
223 1734 398 1778 sophistae
417 1735 569 1778 profiteri
595 1746 633 1769 se
651 1735 694 1769 de

43 1781 169 1814 eodem
193 1785 396 1823 argumento
430 1786 464 1813 et
487 1781 636 1814 breviter
660 1786 695 1814 et

42 1827 188 1870 copiose
219 1837 324 1869 posse
354 1826 493 1868 dicere,
526 1827 619 1869 quod
652 1826 696 1860 de

46 1871 180 1915 Gorgia
203 1876 359 1905 narratur
382 1873 486 1906 etiam
511 1873 545 1905 in
564 1883 695 1915 cogno-

45 1918 136 1951 mine
159 1917 297 1960 dialogo
322 1929 355 1961 p.
379 1917 458 1953 449.
485 1919 523 1952 C.

91 1967 201 1996 ποτέ
233 1975 317 2007 μου
349 1962 582 2006 Πρόδικος
612 1964 697 2006 ἐγέ-

46 2007 169 2052 λασε]
200 2008 313 2042 Huius
344 2010 433 2043 enim
467 2009 698 2043 familiaritate

47 2065 126 2088 sese
162 2064 264 2088 usum
305 2065 384 2088 esse
423 2055 591 2088 Socrates
629 2066 698 2089 non

47 2110 115 2132 uno
139 2100 218 2133 loco
243 2100 334 2144 apud
359 2101 541 2134 Platonem
570 2107 698 2142 narrat,

49 2145 153 2178 veluti
179 2144 316 2180 Menon.
343 2158 377 2189 p.
404 2146 458 2181 96.
507 2147 546 2181 D.
573 2147 699 2180 Prota—

49 2201 123 2230 1«ζον.
149 2202 182 2234 p.
204 2191 282 2227 341.
306 2195 347 2225 Α.
364 2192 536 2227 Charmid.
565 2203 586 2234 p
624 2193 699 2227 163.

49 2237 91 2270 D.
101 2236 230 2278 Cratyl.
240 2248 272 2280 p.
285 2237 366 2278 384,
386 2238 424 2272 Β.
436 2238 526 2272 conf.
546 2238 701 2271 Groen

50 2291 129 2315 van
172 2282 446 2317 Prinsterer.
454 2284 702 2335 Prosopogr.

51 2339 84 2370 p.
112 2325 168 2361 87.
194 2338 272 2370 sqq.
292 2328 418 2369 Verba,
442 2331 491 2361 ὠν
517 2330 570 2362 δεῖ
592 2326 704 2372 λόγων

51 2375 166 2417 τέχνῃ,
190 2373 240 2406 sie
263 2373 503 2416 intelligimus·
535 2375 703 2416 quibus

487 2420 707 2454 orationi-

54 2464 133 2497 bus
159 2474 211 2496 ex
237 2468 339 2497 arte
365 2474 475 2507 opus
500 2466 572 2498 sit.
591 2466 710 2500 Quan-

55 2519 157 2551 quam
183 2510 214 2542 si
233 2508 373 2542 codices
389 2510 579 2549 audiamus,
594 2514 712 2552 τέχνην

58 2553 178 2597 potius
214 2555 278 2588 erit
311 2554 506 2597 legendum.
563 2557 634 2589 Sed
662 2557 712 2589 fa-

58 2605 136 2633 teor
159 2599 247 2633 hunc
274 2600 507 2633 accusativum
526 2601 604 2634 mihi
625 2612 713 2635 nunc

58 2644 164 2678 videri
191 2645 362 2679 duriorem
388 2656 491 2688 quam
517 2647 574 2688 qui
591 2657 613 2679 a
630 2648 713 2680 Pla-

59 2690 150 2723 tonis
176 2701 279 2724 mann
306 2691 480 2734 profectus
507 2692 568 2726 sit:
597 2697 629 2724 et
655 2692 714 2724 da-

118 2757 206 2790 Plat.
232 2758 322 2800 Opp.
356 2757 430 2790 Vol.
458 2757 510 2789 lV.
544 2759 585 2790 P.
612 2760 637 2790 1.

761 1049 848 1082 [ivus
873 1050 929 1082 ille
959 1050 1060 1083 etiam
1089 1052 1168 1083 alibi
1195 1051 1322 1084 delusit
1348 1052 1409 1084 lib-

760 1097 890 1137 rarios,
923 1097 1027 1128 veluti
1062 1107 1168 1140 supra
1193 1108 1225 1139 p.
1251 1097 1329 1132 260.
1370 1098 1408 1129 Ι)

759 1140 861 1173 οὐδέν
906 1154 941 1172 τι
970 1142 1102 1185 μᾶλλον
1140 1145 1235 1174 ἔσται
1276 1144 1410 1175 πείθειν

758 1189 868 1230 τέχνῃ.
909 1198 946 1229 p.
986 1188 1063 1222 251
1114 1189 1154 1223 D.
1188 1188 1411 1232 Παλαμήδην

757 1233 899 1274 λέγοντα
932 1231 995 1264 οὔκ
1019 1235 1048 1265 ἴω
1041 1247 1113 1276 ῖμεν
1139 1238 1260 1278 τέχιῃ,
1290 1235 1411 1276 quibus

757 1279 841 1311 locis
874 1280 906 1311 in
937 1283 1137 1312 transcursu
1170 1260 1303 1313 nota'bis
1330 1290 1410 1313 ean

759 1324 857 1364 deni,
889 1334 990 1366 qnam
1017 1325 1068 1358 hic
1094 1325 1275 1366 habemus,
1307 1337 1411 1358 voca-

759 1370 826 1402 buli
872 1370 904 1402 in
943 1372 1094 1404 clausula
1134 1372 1410 1405 collocationem.

760 1420 846 1450 Ast.
873 1420 988 1448 tamen
1013 1420 1109 1462 τέχνῃ
1136 1419 1188 1451 vel
1215 1420 1332 1460 τέχνην
1351 1417 1412 1450 de·-

756 1461 893 1494 lendum
922 1468 1051 1497 censet.

798 1530 974 1561 Ἱππίαν
1026 1530 1064 1562 δὲ
1113 1530 1158 1562 οὐ
1202 1531 1409 1574 λέγομεν]

759 1575 906 1618 Hippiae
932 1576 1056 1617 placita
1078 1577 1238 1618 exposuit
1263 1577 1414 1609 Groen

761 1631 837 1652 van
874 1621 1131 1654 Prinsterer
1171 1623 1195 1655 l.
1238 1633 1268 1655 c.
1305 1634 1336 1664 p.
1370 1622 1409 1655 91

762 1677 836 1708 sqq.
879 1667 1047 1699 Vocabuli
1088 1667 1276 1711 σύμψηφος
1316 1678 1412 1700 nsum

761 1712 895 1744 notavit
929 1713 1120 1746 Lobeck.
1153 1715 1195 1746 ad
1234 1713 1413 1756 Plarynicl».

763 1769 795 1800 p.
822 1759 842 1792 2
868 1769 918 1800 sq.

810 1826 849 1860 C.
899 1824 956 1857 To}
991 1826 1028 1858 δὲ
1060 1825 1219 1859 Πώλου
1252 1828 1315 1870 -]
1365 1829 1416 1860 Dc

765 1872 854 1904 Polo
880 1882 911 1906 V.
937 1872 979 1904 ad
1005 1872 1114 1915 Gorg.
1146 1883 1179 1915 p.
1205 1872 1283 1907 448.
1318 1875 1357 1907 C.
1384 1882 1417 1906 et

766 1918 911 1950 Groen
936 1928 1016 1950 van
1044 1918 1304 1952 Prinsterer
1335 1920 1360 1954 1.
1388 1931 1416 1953 c.

766 1975 798 2006 p.
827 1963 890 1998 184
917 1974 990 2006 sqq.
1016 1963 1227 2006 Spengel.
1278 1967 1415 1998 Artium

766 2010 934 2051 Scriptor.
959 2021 990 2052 p.
1006 2009 1050 2043 84
1073 2020 1145 2051 sqq.
1164 2011 1259 2042 cuius
1274 2015 1417 2053 μουσεῖα

765 2054 874 2098 λόγων
901 2056 1016 2097 qualia
1030 2055 1108 2095 sint,
1135 2055 1328 2088 declaratur
1353 2056 1418 2088 ad-

766 2102 864 2134 iectis
898 2102 1012 2133 verbis
1055 2098 1096 2137 ιῖς
1139 2101 1421 2145 διηλασιολογίαν

768 2147 823 2178 καὶ
849 2147 1084 2188 γνωμολογίαν
1100 2145 1155 2177 καὶ
1172 2159 1201 2177 τ.
1223 2148 1250 2177 λ.
1278 2147 1420 2180 Frustra

770 2193 858 2225 euim
886 2191 1067 2224 Heindorf.
1101 2192 1227 2232 aliique
1260 2194 1419 2225 coniece-

770 2241 848 2270 runt
883 2237 959 2269 libri
992 2248 1011 2269 a
1039 2237 1125 2268 Polo
1159 2239 1345 2279 compositi
1370 2240 1420 2271 in-

771 2283 993 2324 scriptionem
1011 2281 1117 2314 fuisse
1136 2287 1281 2325 μουσεῖα
1299 2284 1423 2327 λόγων,

771 2339 877 2370 quum
914 2328 1030 2369 potius
1054 2328 1120 2359 ista
1142 2329 1282 2362 artificia
1307 2330 1423 2363 rheto-

773 2376 843 2406 rica
882 2374 929 2405 ita
969 2372 1123 2405 audiant.
1186 2374 1423 2408 Quamobrem

778 2430 840 2452 nec
879 2417 1045 2450 credibile
1085 2423 1140 2451 est
1175 2421 1265 2461 quod
1305 2422 1425 2453 statuit

778 2474 887 2506 nuper
913 2462 1148 2496 Krischins
1183 2466 1233 2498 De
1265 2466 1426 2499 Phaedro

779 2511 867 2546 plat,
897 2520 929 2551 p.
961 2511 1033 2543 111.
1060 2510 1212 2552 lepide
1239 2517 1274 2543 et
1298 2513 1427 2544 urbane

781 2556 962 2588 Platonem
974 2555 1130 2587 allusisse
1148 2556 1191 2588 ad
1206 2557 1428 2599 Euripideum

780 2600 875 2633 illud:
903 2599 1086 2640 χελιδόνων
1111 2606 1269 2643 μουσεῖα7
1301 2603 1343 2634 de
1363 2612 1430 2642 quo

783 2645 900 2679 schol.
942 2645 1114 2688 Aristopli.
1152 2647 1266 2680 Rann.
1309 2658 1341 2680 v.
1376 2646 1430 2680 5³3.

784 2695 816 2723 et
842 2690 951 2723 Suid
966 2702 1009 2723 as
1035 2692 1066 2723 in
1092 2702 1122 2723 v.
1147 2693 1216 2733 χελ.
1242 2707 1278 2735 μ.
1316 2692 1432 2727 Quae-

1050 2748 1099 2787 12
