1687 2969
222 160 244 192 4
251 160 273 192 0
696 153 1089 192 PROLEGOMENA

224 282 270 306 ea
297 266 534 304 infelicitatis
573 270 612 303 et
649 266 823 303 miseriae
861 279 910 303 ex
940 279 1052 303 verae
1083 278 1362 316 germanaeque
1400 266 1463 303 vel
1504 266 1571 302 So-

224 324 384 361 craticae
414 322 675 372 philosophiae
706 323 916 360 rationibus
940 322 1189 367 convincitur,
1219 322 1274 359 ita
1294 326 1338 360 ut
1364 336 1441 359 non
1461 323 1571 360 modo

221 381 344 429 ipsam
375 381 422 416 ad
450 379 710 428 philosophiae
750 380 874 427 legem
910 383 1025 429 atque
1062 392 1233 415 normam
1262 379 1431 416 revocari
1461 392 1569 428 opor-

224 442 315 482 tere,
345 450 480 474 verum
509 436 625 473 etiam
653 449 769 472 unam
798 435 1075 484 philosophiam
1104 439 1238 484 utpote
1267 435 1394 472 omnia
1412 435 1569 473 vivendi

226 493 384 530 consilia
413 493 459 529 ad
488 492 672 530 virtutem
702 493 929 529 referentem
949 493 1045 529 bene
1067 496 1106 529 et
1134 493 1244 528 beate
1273 491 1429 529 vivendi
1449 496 1570 529 artem

225 550 488 599 rationemque
527 549 708 586 exhibere
749 552 941 597 appareat.
1008 547 1193 588 Quocirca
1232 547 1446 597 scriptionis
1484 548 1569 584 uni-

225 619 360 645 versae
390 605 589 643 eonsilium
618 605 745 643 verbis
774 604 1014 654 paucissimis
1044 604 1160 642 etiam
1190 604 1243 641 sic
1272 605 1463 642 declarare
1483 605 1571 642 lice-

228 663 303 709 bit,
344 666 388 699 ut
427 667 548 700 artem
586 662 815 699 rhetoricam
845 661 1012 698 dicamus
1042 661 1254 698 honestatis
1295 665 1333 698 et
1370 661 1571 710 probitatis

226 719 379 756 nomine
409 732 428 756 e
458 718 720 767 philosophiae
757 717 943 754 iustitiam
984 722 1022 755 et
1060 718 1244 755 virtutem
1275 718 1448 755 omnibus
1489 717 1572 755 aliis

227 775 494 825 anteponentis
532 775 680 812 ratione
716 774 940 811 vitiositatis
971 775 1096 821 argui,
1135 774 1414 823 philosophiam
1444 778 1573 811 autem

226 837 270 870 ut
299 846 416 869 unam
444 833 541 868 bene
570 833 758 881 beateque
788 831 943 868 vivendi
973 831 1193 878 magistram
1222 831 1476 867 commendari
1515 835 1570 868 at-

228 903 301 939 que
330 888 536 925 informari.
594 888 679 924 Hoc
717 890 845 924 autem
884 887 914 923 si
953 892 1055 924 recte
1085 887 1140 924 ita
1175 887 1398 933 statuimus,
1437 891 1572 936 sponte

226 945 457 993 intelligitur
485 945 684 981 Platonem
714 956 783 980 nec
806 944 901 980 illud
921 948 1110 992 spectasse
1131 943 1252 989 unice,
1284 948 1327 981 ut
1345 943 1573 981 rhetoricam

229 1006 267 1039 et
296 1001 490 1051 politicam
510 1001 805 1050 reprehenderet
834 1005 872 1037 et
892 1001 1107 1048 castigaret,
1136 1013 1207 1037 nec
1226 1000 1264 1036 id
1286 1000 1409 1037 solum
1439 1000 1572 1048 egisse,

227 1066 271 1096 ut,
302 1060 397 1095 bene
426 1059 613 1107 beateque
633 1056 789 1094 vivendi
818 1057 920 1093 viam
951 1063 989 1094 et
1017 1056 1204 1094 rationem
1221 1061 1461 1094 monstraret.
1490 1057 1573 1093 Imo

228 1115 429 1152 coniunxit
456 1114 704 1163 philosophus
734 1114 773 1149 in
802 1126 922 1149 unum
951 1119 1034 1150 tum
1063 1113 1376 1162 reprehendendi,
1406 1117 1487 1151 tum
1509 1113 1573 1149 do-

229 1172 337 1209 cendi
367 1171 566 1207 consilium
596 1183 641 1207 ea
670 1170 823 1220 quidem
852 1170 1010 1215 ratione,
1042 1174 1084 1207 ut
1102 1175 1307 1220 utrumque
1338 1170 1404 1206 uni
1434 1170 1572 1207 eidem-

229 1242 302 1278 que
332 1228 398 1264 fini
431 1227 670 1271 conveniret,
711 1226 1017 1277 quandoquidem
1047 1226 1190 1264 veritas
1218 1230 1300 1263 tum
1330 1227 1502 1275 negando
1532 1239 1575 1263 ae

228 1285 458 1329 dubitande,
499 1291 581 1321 tum
620 1284 787 1320 docendo
818 1289 856 1320 et
894 1283 1117 1320 affirmando
1148 1283 1298 1333 exquiri
1339 1296 1381 1320 ac
1421 1283 1573 1320 demon-

228 1341 340 1378 strari
369 1345 505 1390 potest.
565 1339 750 1380 Quocirca
786 1353 863 1376 una
892 1340 1100 1389 eademque
1141 1353 1254 1388 opera
1293 1344 1331 1377 et
1359 1339 1575 1376 rhetoricen

230 1397 486 1446 improbitatis
516 1401 556 1433 et
584 1396 781 1433 inanitatis
820 1409 924 1432 ream
964 1396 1040 1444 egit
1080 1401 1117 1433 et
1145 1396 1407 1445 philosophiae
1437 1396 1575 1433 doctri-

230 1468 318 1490 nam
347 1467 390 1490 ac
429 1453 616 1491 rationem
656 1458 851 1503 tamquam
891 1453 1071 1501 optimam
1111 1452 1214 1490 vitae
1248 1454 1344 1490 bene
1386 1454 1574 1502 beateque

234 1511 428 1558 degendae
458 1510 681 1558 magistram
712 1509 942 1546 nobilitavit.

394 1686 482 1734 ΠΙ.
520 1686 593 1734 De
630 1694 732 1733 arte
771 1697 816 1733 et
853 1685 1204 1750 compositione
1241 1685 1414 1750 operis.

316 1794 445 1842 Atque
474 1792 569 1828 haec
604 1791 758 1841 quidem
794 1791 860 1827 ubi
900 1795 1093 1836 tenemus,
1134 1795 1233 1828 certe
1272 1790 1387 1827 etiam
1418 1791 1463 1827 de
1495 1796 1575 1827 arte

232 1856 271 1885 et
300 1848 569 1897 compositione
590 1847 713 1896 operis
734 1848 825 1897 quid
844 1847 1142 1884 existimandum
1163 1847 1224 1892 sit,
1252 1847 1414 1894 intelligi
1436 1847 1574 1883 licebit.

233 1906 392 1942 Constat
421 1904 522 1941 enim
551 1904 774 1941 universum
804 1917 896 1952 opus
935 1903 1209 1952 prooemio,
1241 1903 1572 1940 contentione

233 1961 520 1998 rhetorices
551 1965 598 1997 et
629 1959 1010 2009 philosophiae,
1042 1960 1369 1996 conclusione
1399 1973 1456 1996 ex
1486 1960 1576 1995 hac

235 2018 344 2066 ipsa
377 2017 706 2054 contentione
736 2016 960 2065 repetita
998 2017 1166 2066 mytho
1206 2017 1464 2061 adiuncto,
1503 2017 1574 2053 de-

233 2074 386 2124 nique
426 2073 635 2122 epilogo.
694 2073 751 2109 De
790 2073 928 2122 quibus
968 2073 1091 2121 operis
1129 2073 1302 2121 partibus
1341 2073 1471 2109 ordine
1511 2073 1573 2109 de-

232 2131 361 2179 inceps
389 2130 520 2179 paucis
549 2143 737 2178 exponere
767 2129 906 2166 licebit.

318 2188 368 2223 Et
397 2187 442 2223 de
472 2186 661 2235 prooemio
691 2186 865 2236 quidem,
903 2199 977 2235 quo
1007 2198 1119 2221 scena
1148 2185 1287 2233 dialogi
1317 2185 1574 2231 constituitur,

234 2257 309 2279 non
340 2249 398 2280 est
427 2243 526 2293 quod
555 2242 736 2291 peculiari
768 2255 881 2290 opera
918 2242 1167 2287 disseramus,
1208 2255 1326 2291 quum
1363 2246 1401 2278 ct
1430 2241 1574 2278 brevis-

234 2299 372 2335 simum
403 2299 452 2336 sit
482 2304 520 2336 et
549 2312 646 2349 quae
677 2299 724 2335 ad
756 2298 836 2335 eius
869 2302 987 2335 artem
1019 2298 1292 2334 aestimandam
1322 2298 1493 2343 valeant,
1534 2298 1573 2334 in

233 2355 513 2392 commentariis
554 2355 883 2404 expromserimus.
954 2356 1089 2404 Itaque
1128 2354 1257 2391 statim
1297 2355 1342 2390 ad
1384 2359 1575 2392 certamen

232 2412 438 2448 rhetorices
479 2425 564 2447 <reum
602 2411 843 2460 philosophia
879 2411 1116 2447 commissum
1155 2411 1436 2459 progredimur,
1476 2424 1572 2461 quae

233 2482 318 2517 pars
350 2468 532 2504 sermonis
563 2475 619 2505 est
650 2468 760 2515 longe
791 2467 1026 2515 gravissima.

318 2524 542 2560 Absolvitur
572 2530 698 2561 autem
721 2538 765 2560 ea
786 2524 907 2561 tribus
927 2529 1121 2573 tamquam
1142 2523 1395 2560 contentionis
1416 2523 1572 2567 actibus,

233 2580 542 2617 artificiosissime
564 2580 678 2617 etiam
709 2580 897 2618 distinctis
927 2580 1049 2617 tribus
1070 2579 1239 2627 personis
1265 2579 1572 2629 colloquentium,

233 2637 405 2684 Gorgiae,
435 2636 528 2681 Poli,
561 2637 746 2681 Calliclis,
777 2636 840 2687 qui
871 2636 999 2673 ordine
1029 2635 1205 2684 deinceps
1235 2649 1320 2672 cum
1351 2637 1502 2672 Socrate
1533 2635 1572 2671 in

230 2698 421 2730 certamen
452 2693 757 2740 congrediuntur.
813 2692 963 2742 Quippe
992 2696 1148 2730 taxatur
1175 2692 1362 2730 rhetorice
1392 2691 1573 2741 oppositis
