1687 2969
276 206 392 258 Quin
425 203 552 244 etiam
583 217 682 259 pars
714 218 874 257 eorum,
909 219 1016 259 quae
1049 204 1091 244 iu
1122 202 1320 245 Phaedro
1363 203 1414 243 de
1447 203 1607 244 animo-

274 277 369 303 rum
397 260 542 301 indole
572 260 718 300 nativa
747 266 875 314 atque
906 261 994 301 vita
1025 259 1233 302 diviniore
1269 266 1368 302 sunt
1398 259 1609 314 exposita,

276 319 334 359 ita
364 316 565 359 videntur
594 316 845 372 accipienda
876 333 994 371 esse,
1025 323 1074 358 ut
1102 316 1313 371 suspicari
1341 316 1484 370 liceat,
1517 315 1612 370 phi-

276 373 529 429 losophum,
573 387 657 427 quo
700 380 893 428 tempore
939 389 988 414 ea
1016 373 1237 415 fabulosae
1281 373 1517 427 sapientiae
1548 373 1612 413 in-

275 431 462 473 volucris
501 430 687 483 obtexit,
728 429 773 470 id
811 430 1012 472 habuisse
1050 429 1341 486 propositum,
1392 435 1441 470 ut
1482 444 1532 469 ea
1568 429 1613 469 in

276 487 434 530 scholis
475 493 639 528 remoto
693 487 928 542 imaginum
965 503 1046 528 usu
1086 486 1285 528 subtilius
1330 491 1536 527 tractaret
1573 491 1615 526 et

275 544 331 585 ad
370 544 523 585 altiora
559 543 858 598 philosophiae
895 544 1110 600 principia
1147 549 1382 584 revocaret.
1450 542 1615 583 Verum

274 601 472 643 nolumus
512 600 595 640 ista
636 599 717 650 iam
757 601 958 655 persequi
996 600 1200 653 ulterius,
1242 614 1352 654 quae
1393 599 1497 640 satis
1537 598 1617 639 erit

273 658 423 714 paucis
466 656 792 711 significavisse.
870 657 1141 698 Revertimur
1180 672 1257 709 eo,
1310 655 1426 698 unde
1482 669 1617 711 prope

276 715 412 756 invita
443 713 622 755 deflexit
651 712 902 768 disputatio.
964 712 1076 755 Sunt
1107 713 1241 769 igitur
1261 713 1387 754 etiam
1409 727 1472 765 ea,
1506 726 1616 765 quae

275 778 463 813 extrema
499 769 660 824 dialogi
691 780 812 824 parte
845 769 897 811 de
929 770 1031 811 artis
1074 769 1290 811 scribendi
1329 769 1515 811 utilitate
1553 773 1617 808 at-

276 843 358 883 que
390 827 570 879 damno,
604 826 656 867 de
689 826 876 880 scriptae
911 826 1116 867 orationis
1145 832 1274 880 atque
1304 825 1512 868 sermonis
1544 839 1617 866 ore

274 884 431 939 prolati
460 883 505 924 111
530 882 727 924 (100011(10
760 882 1022 936 diversitate,
1056 882 1242 937 denique
1273 881 1325 923 de
1345 880 1620 938 agnoscenda

275 941 344 982 vel
373 956 462 981 non
493 939 769 996 agnoscenda
807 940 1051 995 scriptionis
1089 939 1218 980 laude
1249 944 1377 993 atque
1409 938 1618 994 dignitate

277 1002 578 1053 exponuntur,
610 996 671 1036 ita
702 995 937 1050 disputata,
969 1002 1018 1037 ut
1049 1011 1073 1036 a
1103 995 1257 1036 iuvene
1285 995 1468 1037 Platone
1489 993 1620 1036 scribi

275 1054 394 1096 nullo
427 1059 556 1109 pacto
586 1052 830 1109 potuerint3
872 1069 896 1094 a
925 1052 1018 1094 viro
1059 1057 1200 1093 aetate
1231 1052 1501 1108 provectiore
1528 1057 1620 1092 tum

277 1111 449 1152 demum
480 1110 610 1152 scribi
641 1109 878 1165 potuerint,
920 1124 1049 1163 quum
1087 1115 1291 1164 suscepta
1318 1107 1619 1164 philosophiae

275 1168 321 1209 in
351 1166 590 1209 Academia
620 1166 840 1207 docendae
870 1165 1094 1222 provincia
1124 1165 1367 1206 scholarum
1400 1163 1620 1206 habenda-

276 1240 371 1266 rum
402 1222 757 1265 consuetudinem
799 1223 880 1264 rite
918 1221 1196 1278 expendisset
1238 1222 1416 1275 eiusque
1456 1222 1620 1277 magni-

276 1280 471 1322 tudinem
499 1286 542 1321 et
573 1280 826 1336 gravitatem
854 1279 1061 1321 librorum
1090 1278 1414 1320 scribendorum
1454 1277 1621 1318 muneri

278 1343 322 1379 et
363 1337 509 1379 officio
548 1336 799 1391 neutiquam
842 1334 1187 1392 postponendam
1241 1350 1335 1376 esse
1382 1335 1619 1376 statuisset.

280 1394 361 1436 His
422 1409 525 1435 vero
582 1394 644 1434 ita
703 1393 937 1449 disputatis
1003 1397 1155 1448 sponte
1214 1392 1299 1432 iam
1355 1391 1621 1433 intellectum

278 1452 332 1492 iri
385 1465 630 1505 speramus,
684 1465 769 1504 quo
808 1450 900 1490 iure
945 1455 1071 1490 antea
1117 1449 1431 1501 censuerimus,
1481 1454 1622 1489 10111111

280 1507 469 1549 Phaedri
500 1513 800 1563 argumentum
842 1522 934 1548 esse
976 1505 1208 1558 eiusmodi,
1255 1504 1370 1545 unde
1414 1505 1516 1546 satis
1556 1504 1621 1545 lu—

280 1564 450 1606 culente
481 1571 699 1619 appareat,
733 1563 873 1618 operis
905 1562 1139 1617 primordia
1169 1578 1255 1603 11011
1286 1561 1340 1602 ad
1372 1560 1621 1602 adolescen-

281 1621 407 1674 tiam,
450 1620 527 1662 sed
557 1619 612 1660 ad
643 1626 826 1660 aetatem
856 1619 1021 1660 virilem
1052 1619 1269 1671 Platonis,
1312 1618 1394 1659 hoc
1435 1624 1525 1671 est,
1567 1617 1622 1658 ad

282 1677 531 1734 Olyinpiad.
560 1675 778 1717 XCVIII.
809 1676 959 1717 referri
990 1682 1199 1731 oportere.
1270 1673 1368 1727 Quo
1402 1675 1622 1730 explorato

281 1735 408 1776 etiam
440 1734 565 1775 facile
597 1739 663 1775 est
691 1732 746 1774 ad
777 1732 1114 1785 coniiciendum,
1158 1731 1272 1772 unde
1312 1732 1423 1772 inter
1456 1738 1622 1773 veteres

283 1791 493 1846 quosdam
524 1790 695 1831 criticos
727 1806 845 1831 error
883 1790 965 1830 iste
996 1795 1121 1830 natus
1152 1789 1229 1841 sit,
1262 1803 1347 1842 quo
1378 1787 1624 1828 Phaedrum

282 1848 471 1889 omnium
503 1846 797 1902 dialogorum,
839 1860 948 1900 quos
988 1845 1115 1886 Plato
1156 1845 1398 1899 scripserit,
1440 1844 1625 1898 primum

283 1904 416 1945 fuisse
446 1908 731 1958 putaverunt,
773 1902 826 1943 de
860 1917 945 1956 qua
974 1902 1164 1957 ipsorum
1196 1901 1396 1956 opinione
1433 1901 1518 1941 iam
1554 1916 1625 1942 su-

285 1976 364 2015 pra
395 1959 734 2001 memoravimus.
766 1976 806 2000 v.
831 1958 1057 2014 Diogen.
1089 1957 1369 1999 Laert.IIL
1388 1958 1454 2001 35.
1485 1959 1551 2000 38.
1583 1963 1626 1999 et

287 2016 662 2073 Olympiodor.
693 2016 783 2057 Vit.
814 2015 926 2056 Plat.
957 2031 997 2070 p.
1021 2016 1088 2057 73.
1115 2014 1180 2055 ed.
1201 2014 1395 2056 Fischer.
1455 2014 1626 2069 Nempe

285 2072 638 2115 verisimillimum
666 2077 730 2114 est
759 2087 862 2114 sane
881 2071 1128 2113 Phaedrum
1158 2071 1341 2126 primum
1370 2071 1504 2113 fuisse
1536 2070 1626 2112 dia-

284 2131 430 2187 logum
469 2145 493 2170 a
533 2130 715 2171 Platone
761 2129 804 2169 in
845 2129 1027 2184 patriam
1078 2144 1130 2169 ex
1180 2128 1402 2169 itineribus
1451 2142 1625 2168 reverso

286 2188 493 2243 scriptum
532 2192 574 2228 et
618 2186 877 2242 evulgatum.
959 2184 1119 2227 Scribit
1159 2191 1301 2225 autem
1349 2183 1626 2226 Eusebius

289 2245 329 2285 in
362 2244 578 2285 Chronico
610 2243 836 2284 Platonem
869 2240 1045 2298 Olymp.
1076 2241 1246 2282 demum
1265 2239 1458 2282 XCVII.
1478 2243 1517 2282 4.
1548 2256 1626 2297 pro

285 2300 544 2356 philosopho
575 2301 768 2355 agnitum
799 2314 915 2352 esse,
949 2297 1065 2352 quod
1096 2297 1310 2352 quomodo
1341 2297 1626 2353 interpretan-

287 2357 387 2398 dum
427 2358 505 2409 sit,
555 2357 726 2397 minime
765 2356 995 2398 obscurum
1044 2361 1119 2396 est.
1207 2354 1440 2395 Enimvero
1488 2353 1628 2395 extitit

286 2414 414 2454 Plato
445 2413 545 2454 inde
576 2413 628 2454 ab
661 2413 733 2454 illo
765 2418 955 2468 tempore
986 2411 1048 2464 15,
1091 2411 1164 2464 qui
1199 2427 1287 2452 non
1327 2411 1411 2451 iam
1442 2419 1516 2451 aut
1547 2409 1627 2453 So-

288 2470 416 2512 cratis
453 2476 526 2510 aut
557 2469 736 2510 aliorum
768 2468 1021 2525 disciplinae
1054 2467 1251 2508 addictus
1272 2467 1516 2520 haberetur,
1549 2465 1627 2507 sed

288 2543 408 2569 suam
438 2526 573 2582 ipsius
606 2526 844 2567 doctrinam
882 2531 1009 2580 atque
1039 2524 1246 2565 rationem
1277 2524 1496 2565 videretur
1525 2538 1626 2564 con-

288 2583 463 2637 didisse,
495 2581 611 2624 unde
643 2592 734 2623 tum
750 2582 919 2624 demum
948 2581 1119 2638 plenam
1146 2581 1249 2621 iusti
1272 2580 1518 2637 philosophi
1536 2580 1626 2619 lau-

287 2640 383 2682 dem
416 2640 598 2696 adeptus
629 2654 722 2681 esse
753 2639 1008 2681 iudicandus
1034 2643 1110 2680 est.
1170 2637 1323 2692 Itaque
1343 2635 1628 2679 verisimiliter
