1687 2969
391 99 814 175 PHAEDRUS.
848 133 899 174 P.
935 134 1015 176 234
1048 132 1111 177 st.
1375 136 1427 177 37

67 249 258 302 ἐρῶντας
293 246 462 301 ταύτην
497 250 607 303 ἔχειν
645 246 726 302 τὴν
760 246 976 292 διάνοιαν.
1013 247 1114 293 οὔτε
1137 249 1222 306 γὰρ
1257 251 1317 306 ῐῷ
1353 248 1427 293 λό-

67 332 129 369 γῳ
162 313 441 370 λαμβάνοντι
471 315 657 372 χάριτος
692 315 787 368 ἴσης
823 313 960 368 ἄξιον,
997 315 1096 359 οὔτε
1128 319 1195 360 σοὶ
1215 320 1427 373 βουλομέ-

70 398 131 435 νῳ
167 379 273 433 τούς
306 378 473 433 ἄλλους
518 382 773 426 λανθάνειν
817 382 979 438 ὁμοίως
1014 383 1227 427 δυνατόν·
1275 387 1339 428 δεῖ
1381 386 1427 427 δὲ

66 447 240 504 βλάβην
273 450 355 504 μὲν
390 449 470 492 ἀπ’
511 449 655 494 αὐτοῦ
680 453 918 506 μηδεμίαν,
947 446 1161 508 ώᾳέλειαν
1185 454 1229 494 δὲ
1254 450 1427 511 ἀμφοῖν

66 518 317 569 γίγνεσθαιι

164 614 269 671 Έγώ
304 619 385 672 μὲν
421 610 502 660 οὖν
537 616 670 659 ἱκανά
689 634 764 673 μοι
802 619 960 671 νομίζω
988 615 1040 660 τὰ
1065 621 1290 674 εἰρημένα·
1327 622 1360 661 εἰ
1382 619 1424 661 δέ

68 700 111 725 τι
144 681 197 725 σὺ
233 687 408 735 ποθεῖς,
443 682 692 740 ἡγούμενος
725 686 1106 744 παραλελεῖφθαι,
1141 682 1295 742 ἐρώτα.

178 786 226 827 Τί
256 801 326 828 σοι
358 787 578 844 (φαίνεται,
613 778 644 827 ὦ
674 786 726 827 Σ

727 783 929 841 ω’κρατες,
965 783 988 828 ὁ
1009 783 1162 839 λόγος-,-
1197 783 1278 842 οὐχ
1298 782 1427 844 ὑπερ-

65 852 188 911 ᾳυῶς
223 850 279 895 τά
319 868 362 895 τε
397 849 513 895 ἄλλα
548 854 621 896 καὶ
660 861 750 903 τοῖς
783 851 1001 908 ὀνόμασιν
1037 855 1278 910 εὶρῆσθ·αι,·

158 980 239 1024 ἐγὼ
270 982 347 1023 μὲν
378 980 531 1024 οἶμαι]
565 981 651 1014 Dedi
676 981 738 1024 μὲν
763 992 825 1024 pro
851 983 938 1024 vulg.
965 983 1000 1015 δὲ
1032 993 1074 1016 ex
1102 982 1200 1015 Bodl.
1226 982 1425 1015 AHEDG

65 1027 179 1060 NOT
205 1029 246 1059 al.
269 1039 299 1060 v.
314 1038 389 1060 ann.
405 1027 446 1060 ad
463 1027 594 1062 Phileb.
614 1038 646 1070 p.
664 1027 719 1062 35.
740 1032 780 1068 A,
813 1028 902 1061 unde
934 1039 996 1061 nec
1033 1029 1063 1061 in
1090 1029 1257 1074 asyndeto
1282 1028 1425 1061 haeren-

65 1073 144 1106 dum
172 1084 249 1106 esse
276 1074 494 1115 intelligetur.

159 1120 198 1153 C.
247 1123 301 1163 τῷ
333 1118 444 1161 λόγῳ
478 1118 775 1162 λαμβάνοντι]
814 1119 852 1153 V.
880 1123 925 1163 τῷ
952 1118 1177 1161 λαμβάνοντι.

1227 1119 1296 1151 Sed
1326 1119 1424 1154 Bodl.

65 1176 139 1199 cum
167 1165 345 1207 permultis
369 1166 444 1197 aliis
469 1168 515 1209 τῷ
539 1165 631 1208 λόγῳ
659 1165 701 1203 t..
728 1164 819 1206 quod
848 1175 922 1197 cum
946 1165 1106 1198 Bekkero
1135 1166 1334 1208 recepimus,
1363 1176 1424 1197 co-

66 1212 178 1244 dicum
207 1211 400 1243 auctoritati
425 1211 718 1253 obtemperantes,

64 1257 144 1290 τόν·
169 1257 234 1288 αἰεὶ
259 1257 291 1288 δὲ
318 1273 361 1279 -

155 1304 193 1334 εἰ
227 1302 271 1334 δέ
301 1314 341 1334 τι
371 1300 417 1334 oz)
451 1301 640 1344 ποθεῖς]
672 1302 761 1336 Vett.
790 1301 887 1336 editt.
914 1302 942 1335 εἰ
965 1302 1005 1335 δέ
1025 1316 1059 1334 τι
1087 1301 1128 1335 σὺ
1151 1301 1303 1344 ὗποθῇς.

64 1355 149 1391 quot
175 1349 246 1381 libri
270 1346 442 1389 ὑποθείς,
474 1347 564 1390 quod
600 1348 642 1380 ad
678 1358 794 1381 verum
829 1348 997 1390 perducit.

772 1211 854 1244 Mox
880 1211 980 1246 Bodl.
1006 1212 1144 1244 vitiose:
1171 1210 1299 1255 ὁμοίως
1322 1211 1425 1244 δυνα-

1354 1302 1424 1334 Ali-

1047 1348 1158 1381 Recte
1185 1349 1271 1381 enim
1304 1348 1422 1382 Vener.

64 1396 99 1427 Σ
138 1397 282 1435 ποθεῖς,
316 1393 409 1435 quod
433 1404 510 1426 cum
541 1394 698 1426 Bekkero
727 1393 816 1428 dedi.
845 1393 1024 1429 Heindorf.
1051 1394 1092 1426 ad
1118 1393 1262 1427 Tlieaet.
1287 1405 1319 1437 p.
1343 1393 1421 1428 408.

66 1441 153 1475 coni.
178 1441 208 1471 εἰ
233 1438 266 1472 δ’
292 1441 343 1472 ἔτι
368 1452 404 1472 τι
433 1438 470 1471 σὺ
500 1441 640 1476 ποθεῖς.
667 1439 756 1474 conf.
785 1446 903 1474 annot.
929 1439 973 1472 ad
1001 1440 1097 1474 Prot.
1116 1451 1149 1482 p.
1165 1440 1244 1475 329.
1264 1440 1304 1474 D.
1320 1440 1421 1482 Reip.

66 1487 123 1520 Vl.
152 1498 184 1529 p.
202 1486 278 1520 571.
307 1485 348 1518 D.
370 1485 414 1520 X.
440 1486 484 1520 in.
510 1485 639 1518 Statim
666 1490 746 1528 post
770 1485 870 1520 Bodl.
899 1496 1004 1528 prave
1029 1488 1149 1529 ἔρωτα.

64 1577 208 1623 νούσης,
244 1575 277 1610 id
309 1575 478 1610 neminem
512 1576 713 1616 morabitur,

65 1625 121 1667 qui
153 1623 335 1656 verborum
370 1622 538 1655 rationem
570 1622 714 1663 diligen-

67 1673 133 1703 tius
157 1668 436 1701 consideraverit.

112 1715 152 1750 C.
179 1713 282 1746 οὔτε
307 1713 384 1757 γὰρ
405 1716 457 1757 τῷ
476 1712 587 1754 λόγῳ
611 1713 713 1755 λαμ-

68 1764 92 1804 β
107 1760 127 1792 ά
146 1774 163 1792 ν
177 1773 195 1793 ο
211 1773 228 1790 v
242 1772 262 1791 τ
279 1773 292 1791 ι
329 1760 398 1802 -]
447 1758 711 1792 Concedendum

68 1808 131 1840 fuit
183 1806 345 1838 librorum
393 1806 607 1845 auctoritati,
657 1805 714 1846 qui

67 1862 189 1892 magna
228 1851 454 1884 consensione
495 1849 584 1883 istud
622 1849 712 1892 λόγῳ

67 1903 217 1932 tuentur.
274 1896 348 1930 Nec
380 1906 462 1929 sane
494 1897 593 1929 deest
617 1907 714 1929 com-

69 1944 173 1977 moda
215 1943 278 1976 loci
313 1943 568 1984 interpretatio.
626 1942 712 1976 Nam

70 1990 158 2032 λόγῳ
178 1986 366 2032 λαμβάνειν
381 1998 480 2030 quum
499 1988 544 2020 sit
568 1997 658 2020 men
672 1992 714 2021 te

72 2040 115 2068 et
148 2035 327 2067 ratione
361 2032 714 2076 comprehende-

71 2092 127 2122 re,
155 2081 198 2113 de
221 2091 288 2122 qua
311 2090 349 2112 re
365 2089 396 2112 ν.
412 2079 564 2121 Sophist.
584 2090 615 2121 p.
633 2078 712 2113 238.

76 2128 114 2161 B.
129 2125 208 2162 249.
236 2127 275 2159 D.
301 2125 497 2160 Parmenid.
527 2135 559 2167 p.
580 2124 655 2160 135.
672 2125 713 2157 E.

71 2172 181 2214 Legg.
203 2173 226 2206 l.
244 2183 276 2214 p.
294 2170 370 2205 638.
398 2171 438 2205 C.
455 2170 500 2204 X.
517 2181 550 2213 p.
563 2170 641 2206 898.
658 2170 713 2210 E..

73 2217 241 2259 facileque
275 2217 390 2260 possit
429 2217 568 2259 intelligi
611 2215 716 2257 αὐτό,

76 2263 96 2297 ἰ.
110 2274 141 2297 e.
157 2263 196 2295 τὸ
215 2261 322 2294 ἅπασι
332 2261 556 2304 χαρίζεσθαι,
578 2266 717 2295 senten-

75 2309 159 2340 tiam
183 2309 368 2341 verborum
387 2309 494 2349 liquet
513 2307 598 2340 lianc
621 2319 717 2341 esse:

76 2353 220 2395 Neque
257 2355 369 2387 enim
412 2354 467 2394 ei,
507 2354 579 2395 qui
628 2364 717 2386 rem

78 2403 222 2432 mente
252 2403 292 2431 et
317 2399 597 2442 cogitatione
623 2409 719 2431 con-

78 2445 335 2486 templatur,
377 2455 423 2477 ea
455 2445 550 2487 pari
590 2444 721 2487 digna

79 2489 255 2522 videtur
278 2491 423 2531 gratia
449 2501 546 2523 esse
577 2489 643 2533 (sc.
669 2494 722 2522 at-

79 2545 147 2577 que
173 2535 199 2566 si
225 2545 324 2566 secus
348 2535 510 2578 habeat),
544 2535 575 2570 h.
602 2546 631 2568 e.
661 2545 723 2568 nec

77 2580 221 2614 amatori
247 2590 319 2612 rem
345 2581 408 2613 rite,
432 2591 549 2614 secum
574 2591 724 2624 perpen-

78 2627 171 2660 denti
199 2626 264 2658 ista
279 2626 444 2668 probatur
462 2627 590 2659 amoris
613 2627 725 2666 rati03

77 2681 222 2714 neque
266 2671 360 2703 'tibi
412 2673 608 2713 quamvis
657 2683 726 2705 vo-

76 2718 193 2751 lenti
220 2717 396 2759 (omnibus
421 2718 624 2761 gratificari)
659 2729 726 2760 pa-

782 1577 896 1609 riter
919 1577 1076 1609 licebit
1101 1580 1284 1610 ceteros
1310 1586 1423 1608 ania-

781 1627 904 1655 tores
930 1623 1094 1663 latere,
1127 1623 1174 1654 ita
1208 1626 1247 1654 ut
1272 1632 1332 1653 eos
1359 1631 1424 1653 non

781 1668 948 1706 offendas,
975 1669 1101 1710 quippe
1131 1678 1234 1708 aegre
1262 1667 1426 1708 serentes,

781 1714 873 1756 quod
899 1714 984 1756 alios
1002 1724 1137 1754 quoque
1152 1713 1327 1746 amaveris,
1356 1713 1426 1744 lta—

781 1770 849 1802 que
887 1760 1095 1801 significatur
1145 1769 1224 1790 nec
1263 1758 1426 1790 amanti

781 1806 948 1837 rationem
976 1806 1073 1837 istam
1102 1815 1212 1846 perse
1235 1808 1427 1845 spectatam

783 1850 1096 1894 (theoretisch)
1144 1851 1325 1891 probatum
1375 1850 1426 1890 iri,

783 1908 859 1930 nec
891 1902 1031 1929 amato
1064 1897 1140 1928 talis
1174 1896 1303 1927 amoris
1326 1905 1427 1932 exere

783 1943 880 1975 cendi
905 1948 939 1975 et
966 1943 1097 1975 colendi
1122 1941 1318 1973 facultatem
1347 1952 1428 1983 sup-

783 1989 967 2031 petituram
995 2000 1091 2028 esse,
1118 1989 1139 2021 i.
1167 1998 1198 2020 e.
1226 1997 1302 2019 eum
1330 1998 1426 2018 amo-

782 2045 855 2067 rem
887 2045 924 2067 re
959 2044 1038 2067 vera
1069 2032 1334 2076 (praktisch)
1373 2037 1428 2063 ta-

782 2081 848 2112 lem
876 2091 967 2120 esse,
994 2080 1048 2121 qui
1073 2083 1213 2122 propter
1237 2082 1427 2110 amatorum

783 2125 944 2158 iuvidiam
978 2130 1012 2157 et
1053 2124 1321 2157 aemulationem
1361 2123 1427 2155 coli

783 2172 920 2204 omnino
947 2181 1013 2202 non
1027 2171 1150 2213 possit.
1202 2170 1271 2201 Pro
1298 2173 1342 2212 τῷ
1367 2168 1425 2199 λό-

780 2228 826 2260 γῳ
850 2226 958 2258 nuper
976 2217 1066 2250 Car.
1095 2214 1280 2247 Badham
1307 2214 1338 2246 in
1357 2214 1430 2246 edi-

783 2263 876 2295 tione
914 2261 1060 2294 Phaedri
1104 2260 1311 2293 Loudinensi
1345 2261 1430 2292 scri-

783 2307 933 2341 bendum
960 2307 1122 2339 coniecit:
1150 2310 1195 2350 τῷ
1219 2305 1253 2349 7’
1281 2305 1385 2340 οὕτω.

832 2354 881 2385 Τι’
914 2364 982 2384 σοι
1015 2353 1223 2394 φαίνεται
1247 2370 1292 2376 —
1317 2351 1335 2384 ὁ
1364 2351 1433 2383 λό-

786 2397 903 2442 γοςς]
929 2398 1030 2440 Reip.
1055 2398 1079 2432 l.
1107 2409 1139 2440 p.
1159 2397 1238 2432 328.
1259 2398 1296 2432 E.
1319 2398 1354 2430 τί
1376 2410 1433 2430 σοι

789 2445 949 2488 φαίνεται
970 2448 1099 2483 τοῦτος
1132 2443 1302 2478 Charmid.
1330 2445 1380 2476 iu:
1403 2446 1435 2475 ιί

791 2502 846 2522 σοι
860 2490 1018 2531 φαίνεται
1046 2488 1063 2521 ὁ
1089 2491 1279 2527 νεανίσκοςς
1303 2489 1435 2531 Euthy-

791 2536 881 2568 dem.
900 2537 931 2576 ξ.
947 2535 1002 2569 77.
1026 2535 1064 2568 τί
1085 2531 1147 2568 οὖν
1170 2534 1356 2577 ἐφαίνοντό
1383 2546 1438 2566 σοι

792 2581 846 2623 (οἱ
861 2580 1019 2624 ἅνδρες),-
1045 2582 1100 2613 ubi
1119 2581 1186 2615 vid.
1205 2580 1435 2613 Heindorf.

793 2637 824 2669 p.
845 2625 924 2661 411.
945 2626 1074 2661 Phileb.
1091 2638 1124 2670 p.
1140 2627 1195 2661 21.
1213 2626 1254 2661 E.
1288 2627 1322 2658 τί
1350 2625 1381 2657 d’
1418 2624 1435 2657 ὁ

794 2670 1058 2716 συναμφότερος
1083 2672 1219 2715 (βίος),
1254 2671 1287 2706 ἐξ
1311 2670 1441 2713 ἀμφοῖν

797 2719 1025 2762 συμμιχθείςς
1074 2729 1120 2754 sc.
1170 2718 1225 2751 σοὶ
1263 2718 1434 2761 φαίνεται.
