1687 2969
410 116 830 161 PHAEDRUS.
865 119 913 160 P.
947 121 1028 161 ⁶270
1061 119 1123 163 St.
1366 124 1440 163 191

85 236 192 277 ἰδεῖν
226 231 296 291 ἐφ’
334 231 533 285 ἑκάστου,
584 237 644 290 τῷ
682 240 722 278 τί
767 244 911 278 ποιεῖν
949 235 1060 279 αὐτὸ
1098 242 1288 297 πὲ([υκεν
1326 234 1351 290 ἢ
1382 241 1444 293 τῷ

84 305 126 344 τί
157 303 330 344 παθεῖν
365 299 452 344 ὑπὸ
488 304 594 354 τοῦς

189 380 321 421 ΦΑΙ.
394 378 665 431 Κινδυνεύει,
702 372 733 421 ὧ
773 377 1026 434 Σώκρατες.

182 456 288 500 ΣΩ.
353 455 418 499 ‘H
447 460 556 511 γοῦν
604 456 710 501 ἄνευ
754 457 927 501 τούτων
970 461 1169 512 μέθοὸος
1212 464 1348 503 ἐοίκοι
1383 460 1444 505 ἄν

81 521 220 578 ὥςπερ
260 525 432 582 τυφλοῦ
470 528 640 580 πορείᾳ.
677 523 779 567 ἀλλ’
835 524 887 568 οὐ
921 523 1010 579 μὴν
1045 525 1333 571 ἀπεικαστέον
1371 529 1446 572 τόν

80 607 126 644 γε
171 596 294 651 τέχνῃ
338 589 547 646 μετιόντα
595 589 747 634 ὁτιοῦν
783 594 935 650 τυφλῷ
982 590 1082 635 οὐδὲ
1127 596 1283 650 κωφῷ,
1327 594 1441 638 ἀλλὰ

84 659 236 710 δῆλον,
274 655 343 708 ὡς,
380 654 438 700 ἄν
463 655 563 718 [τῴ]
590 676 654 709 τις
674 665 797 719 τέχνῃ
818 659 974 712 λόγους
1009 661 1127 714 διδῷ,
1166 659 1249 712 τὴν
1285 661 1442 706 οὐσίαν

81 725 203 776 δείξει
240 722 433 780 ἀκριβῶς
477 727 554 778 τῆς
601 724 772 784 ᾳύσεως
807 727 983 777 τούτου,
1019 726 1131 781 πρὸς
1166 724 1190 770 ὃ
1228 726 1333 779 τοὺς
1368 729 1443 772 λό-

77 807 183 845 γους
218 795 464 847 προςοίσει·
501 795 624 836 ἔσται
660 796 704 836 δέ
741 810 827 836 που
864 792 985 854 ψυχὴ
1021 795 1170 837 τοῦτο.

181 870 272 912 ΨΑ
275 872 313 912 Ι.

177 959 285 1004 EQ.
327 957 501 1003 Οὐκοῦν
536 958 563 1013 ἡ
600 958 765 1017 ἅμιλλα
803 961 924 1016 αὐτῷ
958 967 1138 1005 τέταται
1156 960 1268 1019 πρὸς
1301 964 1436 1007 τοῦτο

77 1026 224 1068 πᾶσα·
267 1024 415 1070 πειθώ
451 1025 537 1086 γὰρ
573 1033 620 1072 ἐν
655 1027 800 1084 τούτῳ
832 1036 973 1072 ποιεῖν
1006 1034 1219 1085 ἐπιχειρεῖ.
1270 1023 1294 1082 ἦ
1331 1030 1441 1087 γάρ,-

147 1118 191 1160 (Ι)
199 1118 282 1161 AI.
353 1118 458 1159 Ναί.

390 873 443 913 Τι’
476 869 565 927 μήν
580 890 592 924 ,·

76 1295 176 1330 Bodl.
202 1299 262 1328 τῶι
286 1295 323 1326 τΙ
348 1306 382 1326 π.
407 1312 450 1317 -
486 1292 506 1334 »ἲ
531 1296 593 1326 τῶι
622 1295 658 1326 τί
679 1293 746 1326 ὑπὸ
775 1299 857 1329 τοῦς
897 1294 989 1337 quod
1016 1295 1215 1327 confirmant
1251 1295 1324 1329 Vat.
1357 1295 1438 1329 Ven.

75 1343 117 1376 ll.
147 1343 227 1374 Par.
257 1339 436 1372 BCEGH-
462 1339 563 1373 vind.
592 1341 619 1373 l.
647 1340 681 1373 3.

166 1388 206 1420 Ε.
232 1387 286 1418 ἄν
311 1384 367 1417 ἰώ
404 1398 471 1421 τις
495 1387 623 1429 τέχνῃ
656 1385 815 1428 λόγους
850 1386 902 1429 ἃ]
943 1399 989 1427 τῳ
1024 1397 1090 1419 om.
1121 1386 1218 1420 Bodl.
1247 1391 1281 1418 ot
1306 1393 1438 1428 septem

76 1433 149 1473 alii,
189 1433 244 1475 qui
275 1442 352 1464 cum
381 1442 423 1464 eo
448 1431 520 1464 fere
544 1431 680 1466 faciunt.
733 1435 805 1467 Ast.
833 1434 913 1465 olim
940 1433 1027 1466 coni.
1054 1435 1173 1473 stupu·
1200 1431 1263 1474 70'7
1258 1446 1310 1463 ων
1342 1433 1439 1476 διδῶ,

76 1481 154 1514 coll.
179 1491 211 1521 p.
237 1477 316 1512 272.
346 1478 386 1511 B.
413 1481 447 1509 et
473 1489 508 1531 p
534 1477 618 1511 267-
647 1478 685 1511 Β.
733 1479 808 1511 Non
835 1489 922 1521 opus
948 1479 1149 1511 mutatione.
1177 1479 1260 1510 Dein
1286 1478 1378 1512 Flor.
1406 1459 1441 1520 ig.

76 1525 175 1559 Vind
200 1525 233 1559 4
259 1524 290 1558 6,
317 1536 349 1553 α.
377 1522 464 1566 ποός
489 1520 530 1553 ὃν
554 1523 637 1559 τοὺς
657 1523 782 1566 λόγους
802 1524 952 1564 ποιήσει
979 1535 1081 1565 quam
1109 1524 1291 1556 lectionem
1321 1524 1440 1557 salsam

76 1581 155 1604 esse
180 1572 234 1604 vel
268 1569 423 1612 proxima
451 1569 619 1604 evincunt.
646 1567 666 1602 0=
693 1580 761 1603 om.
789 1570 886 1605 Bodl
916 1570 989 1603 vat
1017 1570 1095 1602 Par.
1122 1569 1202 1602 GT.

75 1727 166 1769 quod
221 1726 415 1769 requirebat
469 1725 721 1768 Stephanus
789 1728 944 1768 πέφυκεν.
1006 1727 1108 1760 Quod
1156 1726 1306 1767 denique
1350 1726 1439 1759 idem

73 1780 176 1815 atque
203 1773 311 1806 edidit
336 1772 574 1805 Hermann.
600 1770 721 1813 Neque

73 1824 189 1852 tamen
222 1829 240 1850 a
274 1812 434 1851 librorum
461 1817 633 1858 scriptura
665 1827 718 1849 re-

73 1864 260 1898 cedendum
299 1867 407 1906 puto,
440 1862 717 1904 quandoquidem

73 1911 184 1943 oratio
200 1910 356 1943 similiter
381 1914 460 1951 post
487 1908 556 1940 δεῖν
578 1908 717 1940 coufor-

73 1961 166 1989 mata
199 1955 386 1989 est.etiam
422 1954 494 1986 aliis
535 1954 638 1993 locis,
679 1954 721 1986 de

71 2002 193 2044 quibus
228 2012 259 2035 v,
290 2001 332 2033 ad
365 2000 496 2033 Criton.
520 2010 551 2042 p.
593 2000 647 2034 50.
679 2000 720 2034 Ε.

72 2051 107 2080 et
132 2050 311 2089 Protagor.
329 2057 361 2088 p.
389 2045 448 2080 36.
471 2046 510 2079 C.
537 2045 609 2078 Nec
638 2056 720 2078 vero

72 2094 192 2136 plurali
217 2102 358 2125 numero
384 2101 470 2134 opus
496 2089 536 2123 οὗ
550 2090 719 2132 βουλησό-

69 2141 179 2181 μεθα,
228 2139 302 2171 11110
337 2137 379 2169 ad
411 2137 571 2178 superius
601 2137 720 2168 διανο-

71 2188 193 2216 εῖσθαι
224 2183 419 2225 intelligitur
442 2181 530 2214 τινά.
577 2181 719 2215 Transi—

72 2234 130 2262 tur
153 2231 259 2272 igitur
290 2228 332 2261 ad
366 2228 609 2261 nominativum
641 2239 718 2270 per-

72 2274 152 2308 inde
186 2286 227 2308 ae
253 2275 280 2307 si
311 2274 364 2306 δεῖ
386 2284 452 2306 non
478 2274 716 2308 antecesserit.

72 2320 184 2355 Codd.
215 2320 258 2353 ad
293 2330 394 2352 uuum
429 2329 549 2352 omnes
581 2324 719 2351 servant

71 2366 327 2399 nominativum.
370 2365 598 2398 Locutionem
637 2365 718 2397 ἰδεῖν

70 2412 131 2443 ἐπί
166 2423 274 2454 τινος,
301 2421 483 2452 eomponas
524 2421 601 2442 cum
643 2411 720 2450 iuis,

70 2467 159 2498 quae
197 2456 239 2490 ad
271 2456 459 2498 Rempubl.
494 2455 537 2488 X.
572 2467 604 2498 p.
640 2456 718 2490 597

71 2503 114 2536 B.
136 2503 322 2544 attigimus.

116 2551 184 2602 Tui,¹
207 2549 251 2579 τί
273 2549 417 2580 ποιεῖν
444 2544 557 2577 init&
587 2546 721 2589 πέφυ-

69 2605 139 2626 κεν
163 2609 182 2635 ῃ
210 2596 262 2625 τῶ
287 2589 596 2624 τίπιιθεῖνυπό
624 2590 719 2633 τοι]

71 2639 101 2672 h.
137 2650 166 2673 e.
202 2642 269 2670 τίνι
303 2638 343 2679 (ἰ.
370 2647 400 2669 e.
424 2646 488 2678 qua
514 2646 574 2669 sua
601 2637 716 2679 parte)

69 2697 156 2717 110Το
185 2696 310 2728 πὲφυκξ
335 2685 443 2715 ποιεῖν
468 2694 524 2713 nab
548 2683 583 2714 1(
606 2695 715 2715 nocem*

789 1773 956 1813 siguificat
975 1777 1077 1814 atque
1087 1777 1325 1813 antegressum
1337 1773 1441 1816 :Jlm

789 1818 938 1860 δύναμιν
964 1819 1062 1860 ἕχον,
1089 1824 1128 1850 ut
1160 1817 1330 1850 Astium
1375 1829 1441 1850 nou

789 1864 977 1905 intelligam
1007 1866 1118 1896 locum
1147 1864 1233 1896 mire
1269 1864 1443 1906 explican-

790 1914 858 1942 tem
885 1911 1043 1952 adeoque
1069 1910 1323 1943 sollicitantem.

837 1977 877 2012 E.
903 1977 1040 2019 ὥςπερ
1067 1980 1241 2021 τυφλοῦ
1264 1978 1444 2021 πορείᾳ]

790 2023 849 2056 Sic
874 2023 981 2067 ὥςπερ
1016 2025 1048 2056 iu
1080 2026 1340 2067 comparatione
1366 2035 1445 2056 sae-

790 2079 977 2111 penumero
989 2070 1125 2112 ponitur
1143 2071 1187 2103 ad
1205 2070 1442 2103 emolliendam

790 2115 863 2147 eius
889 2115 1046 2148 duritiem
1082 2127 1112 2150 v.
1141 2115 1375 2149 Heindorf.
1401 2115 1444 2148 ad

789 2160 906 2204 Cratyl
946 2172 976 2203 p.
1003 2162 1037 2194 6.

833 2232 963 2272 τέχνῃ
1003 2228 1167 2270 lo'yovg
1215 2227 1343 2271 διδῶ]
1391 2227 1444 2259 Ex

787 2279 872 2315 arte,
898 2276 959 2307 arti
993 2275 1250 2307 0οῃ1οηἰθιιῑθι·
1283 2274 1365 2306 Mox
1392 2273 1445 2305 di-

788 2321 834 2353 cit
864 2322 999 2375 ⁷⁶>c²=⁷7²
1047 2319 1229 2363 ρνιοοικηι
1277 2320 1362 2351 διδοῖ
1401 2337 1444 2342 —-

791 2364 904 2405 πρὸς
938 2380 953 2397 ο
991 2364 1444 2406 τοῦςλόγουςπρος-

791 2413 925 2442 οίσει.
952 2411 1052 2445 xidel.
1086 2412 1113 2443 is
1138 2413 1222 2454 ipse,
1257 2411 1310 2443 cui
1335 2415 1443 2443 artem

793 2456 896 2489 tradit
916 2458 1114 2491 oratoriam.
1155 2457 1336 2489 Sententia
1353 2456 1441 2488 enim

791 2501 876 2534 haec
910 2506 980 2534 est:
1021 2504 1149 2535 etiam
1187 2503 1268 2534 vim
1306 2505 1346 2533 et
1376 2511 1443 2532 ua-

790 2552 932 2580 turam
975 2547 1068 2580 eius
1118 2547 1349 2585 ostendit,
1388 2546 1441 2578 ad

790 2603 922 2634 quam
993 2594 1108 2626 alter
1187 2593 1440 2625 orationem

788 2648 903 2671 suam
944 2639 1000 2670 sit
1039 2640 1281 2678 allaturus,
1338 2636 1368 2670 h.
1411 2647 1439 2668 e.

786 2685 897 2717 animi.
947 2683 1088 2717 Frustra
1115 2694 1224 2728 nuper
1246 2683 1329 2716 llaec
1352 2691 1439 2724 quo-

1469 971 1546 1011 271
