1687 2969
258 190 333 224 180
800 183 1060 222 PLATONIS

253 295 418 336 τούτων
448 292 592 346 [ἐστὶν]
632 292 658 345 ἢ
698 293 835 346 βλάβῃ
864 292 889 345 ἢ
920 292 1160 346 άμφότερας
1208 291 1355 331 ΠῼΛ.
1389 286 1594 343 Ἀνάγκη.

256 361 352 401 ΣΩ.
385 351 478 411 ΐΑρ’
519 354 599 399 οὖν
638 358 932 411 άλγεινότερόν
970 356 1055 398 ἐστι
1091 362 1167 398 τοῦ
1196 354 1399 397 πένεσθαι
1427 355 1497 396 καὶ
1523 357 1594 397 κά-

254 439 375 479 μνειν
424 423 472 465 τὸ
521 424 670 465 ἄδικον
718 420 826 464 εἶναι
860 423 928 465 καὶ
967 423 1204 464 ἀκόλαστον
1242 421 1312 462 καὶ
1351 421 1490 462 δειλὸν
1526 420 1597 463 καὶ

255 492 425 545 ἀμαθὴς
482 491 621 530 ΠῼΛ.
666 490 757 530 Οὐκ
796 487 933 542 ἔμοιγε
972 489 1111 537 δοκεῖ,
1152 482 1185 529 ὦ
1225 488 1473 539 Σώκρατες,
1512 487 1595 528 άπὸ

253 557 418 597 τούτων
445 570 504 608 γε.
561 556 662 596 ΣΩ.
706 550 945 607 Ὗπερφυεῖ
969 569 1051 594 τινι
1078 557 1161 606 ἄρα
1191 553 1247 601 ὡς
1273 554 1431 606 μεγάλῃ
1461 553 1597 606 βλάβῃ

254 621 323 662 καὶ
365 623 481 676 κακῷ
519 621 748 675 θαυμασίῳ
785 620 1110 671 ὑπερβάλλουσα
1147 614 1276 659 τᾶλλα
1303 619 1331 672 ἡ
1357 624 1431 672 τῆς
1459 624 1598 672 ψυχῆς

187 690 225 732 Ε
256 687 440 740 πονηρία
462 686 674 739 αἴσχιστόν
698 684 781 725 ἐστι
810 685 996 733 πάντων,
1028 683 1167 737 ἐπειδὴ
1198 685 1276 725 οὐκ
1306 684 1503 736 άλγηδόνι
1534 697 1594 736 γε,

257 753 313 801 ὡς
333 752 355 794 ὁ
379 754 452 800 σὸς
473 753 608 804 λόγος.
668 752 809 791 ΠΩΛ.
845 752 1057 790 Φαίνεται.
1114 751 1211 789 Σῼ.
1237 744 1369 789 Ἀλλὰ
1397 750 1482 804 μήν
1510 763 1597 789 που

254 819 301 859 τό
330 833 376 871 γε
404 818 574 871 μεγίστῃ
605 818 741 869 βλάβῃ
771 815 1040 869 ὑπερβάλλον
1068 813 1263 867 μέγιστον
1292 814 1345 855 ἂν
1373 815 1506 856 κακὸν
1535 814 1596 867 εἴη

253 886 340 924 τῶν
379 886 529 923 ὄντων.
589 884 724 923 ΠῼΛ.
779 882 877 921 Ναί.
937 882 1036 921 Σῼ.
1079 875 1139 920 ‘H
1171 880 1312 921 άδικία
1352 883 1435 932 ἄρα
1471 880 1540 920 καὶ
1570 880 1598 933 ἡ

255 949 460 989 ἀκολασία
481 947 552 988 καὶ
573 948 601 1001 ἡ
621 950 725 1000 άλλη
749 953 887 1001 ψυχῆς
914 946 1096 1000 πονηρία
1124 944 1322 999 μέγιστον
1348 948 1433 986 τῶν
1461 947 1599 986 ὄντων

254 1016 388 1055 κακόν
418 1012 526 1062 ἕσας
558 1015 699 1054 ΠΩΛ.
732 1013 945 1054 Φαίνεται.

341 1080 445 1137 Cap.
476 1080 691 1123 XXXIV.
753 1079 852 1118 ΣΩ.
916 1077 988 1125 Τίς
1026 1073 1106 1118 οὖν
1144 1074 1266 1130 τέχνη
1295 1076 1440 1124 πενίας
1467 1076 1596 1117 άπαλ-

321 1229 360 1260 Ε.
408 1227 475 1259 καὶ
504 1225 522 1269 ἦ
547 1225 649 1269 ἄλλη
674 1230 809 1269 ψυχῆς
836 1224 1046 1268 πονηρία]
1073 1226 1129 1257 Sic
1149 1224 1264 1257 Clark.
1286 1224 1483 1257 Vat.00is1.
1509 1224 1596 1256 Ven.

257 1273 336 1305 ΞΣ.
375 1273 477 1305 Vind.
510 1272 538 1304 1.
571 1272 601 1305 2.
634 1272 666 1305 6.
697 1271 726 1304 7.
768 1273 845 1303 Par.
876 1271 1053 1303 BCFIV.
1092 1270 1181 1302 Flor.
1213 1281 1243 1302 a.
1274 1269 1306 1301 b
1332 1282 1359 1302 c.
1385 1270 1416 1302 d.
1441 1281 1482 1301 m.
1509 1281 1597 1301 o.x.

254 1319 351 1350 Bodl
376 1320 515 1351 Meer.ni
541 1319 632 1350 Stob.
674 1317 773 1358 Quod
797 1321 878 1349 vett.
904 1317 995 1348 editt.
1023 1317 1150 1348 habent
1174 1316 1228 1347 καὶ
1256 1312 1276 1368 ᾖ
1300 1313 1382 1357 ἄλλη
1408 1318 1464 1357 τῆς
1490 1319 1598 1356 ipzffls

255 1366 413 1407 πονηριᾋα
439 1364 473 1395 id
492 1365 533 1395 iis
550 1364 684 1395 videtur
709 1363 835 1403 deberi,
860 1364 917 1404 qui
944 1360 1034 1405 ψυχή
1060 1366 1092 1393 et
1118 1372 1213 1400 σωμα
1238 1362 1310 1393 sine
1335 1361 1477 1393 articulo
1502 1371 1597 1392 usui—

254 1411 326 1452 pari
357 1420 426 1441 non
458 1409 712 1449 meminissent,
752 1408 791 1439 de
823 1419 888 1450 quo
922 1418 986 1439 usu
1018 1407 1181 1448 loquendi
1205 1417 1236 1438 v.
1262 1410 1376 1439 annot.
1403 1406 1445 1438 ad
1470 1405 1597 1438 Phaed.

254 1454 428 1497 p.83.C.

960 1587 1062 1625 ἐστιι,
1087 1597 1226 1641 12er·ge1e
1243 1586 1408 1618 debebat:
1434 1584 1454 1628 ἢ
1475 1586 1598 1628 βλαβε-

963 1632 1115 1673 ρώτατοπ
1147 1631 1167 1675 ἢ
1199 1629 1398 1673 ἀμφότερα;
1437 1632 1503 1663 Sed
1539 1642 1598 1673 pro

961 1677 980 1721 ἢ
1014 1676 1278 1720 βλαβερώτατοι
1308 1677 1395 1709 dixit
1428 1675 1446 1720 ἢ
1478 1675 1600 1719 βλάβῃ,

255 1591 362 1631 affert,
387 1595 446 1622 aut
468 1594 604 1632 propter
627 1589 798 1628 damnum,
823 1599 889 1630 quo

253 1636 373 1677 afficit,
423 1640 482 1667 aut
526 1640 662 1677 propter
708 1640 890 1675 utrumque

253 1687 349 1724 turpe
386 1682 540 1714 habetur.
588 1682 743 1712 Pravitas
779 1685 891 1711 autem

253 1728 359 1759 animi
405 1732 438 1759 et
483 1727 652 1758 iniustitia
698 1731 748 1758 est
789 1726 890 1767 longe

253 1773 460 1815 turpissima.
493 1773 582 1814 Ergo
600 1776 658 1803 aut
677 1782 755 1803 cum
776 1771 891 1802 dolore

253 1823 312 1850 aut
327 1829 406 1850 cum
425 1818 548 1849 damno
570 1822 628 1849 aut
649 1827 726 1848 cum
747 1822 891 1857 utroque

253 1864 355 1896 simul
387 1864 573 1895 coniuncta
598 1863 641 1894 sit
665 1872 805 1894 neeesse
830 1867 891 1892 est.

254 1909 423 1949 Quocirca
476 1909 694 1940 manifestum
747 1906 892 1939 arbitror

253 1955 332 1987 ferri
372 1965 441 1986 non
477 1965 575 1996 posse
615 1952 704 1994 quod
744 1953 893 1984 coniecit

254 2000 509 2042 Stephanus
550 2004 583 2030 et
618 1999 755 2055 plurimi
793 1997 889 2029 codd.

254 2056 333 2077 mss.
365 2045 583 2086 suppeditant
617 2041 635 2086 ᾗ
665 2041 892 2083 αιᾘιαρότατότ

255 2090 364 2127 ἔστω,
396 2088 477 2122 αἰιά
503 2088 723 2131 ὑπερβάλλω
748 2101 774 2120 κ.
804 2101 826 2119 τ
852 2089 890 2124 λ,

255 2140 472 2177 quatenus
532 2140 596 2166 est
657 2133 891 2167 aceibissi-

254 2192 359 2212 mum
401 2184 463 2212 etc.
523 2182 641 2222 Neque
680 2179 892 2222 probandum

254 2226 344 2267 quod
373 2226 468 2257 codd.
504 2226 656 2268 pleiique
690 2236 806 2257 omnes
837 2224 892 2255 de-

254 2272 332 2326 inde
356 2271 537 2303 exhibent:
576 2270 595 2313 ἢ
620 2269 731 2312 βλάβῃ
760 2268 779 2312 ἢ
804 2267 843 2301 λ1ς
838 2281 890 2310 ,τῃ

255 2315 273 2358 ἢ
305 2315 494 2357 ἀμφότερα.
550 2317 645 2356 Quae
680 2316 782 2348 lectio
819 2316 892 2346 sine

254 2361 358 2394 dubio
394 2366 467 2393 orta
506 2366 557 2393 est
597 2373 638 2393 ex
676 2362 892 2404 glossemate.

255 2407 349 2438 Nihil
379 2407 522 2448 vulgata
544 2407 691 2439 lectione
716 2407 892 2444 sincerius,

255 2463 358 2493 quae,
393 2453 554 2493 quoniam
586 2464 652 2484 non
680 2452 890 2483 intellectum

255 2501 322 2537 est,
356 2497 524 2538 quomodo
558 2497 760 2539 explicanda
793 2500 891 2535 esset,

256 2542 298 2574 ab
338 2543 414 2573 aliis
454 2542 552 2573 aliter
587 2546 717 2574 mutata
749 2542 891 2573 videtur.

257 2588 418 2620 Continet
434 2592 543 2619 autem
565 2587 626 2620 illa
650 2587 892 2619 anacoluthon.

257 2634 413 2665 Socrates
444 2633 534 2664 enim
568 2643 671 2687 quum
706 2633 891 2665 orationem

258 2679 450 2710 inchoasset
486 2679 548 2709 sic:
599 2675 729 2733 otmar·
767 2674 799 2719 (ἡ
838 2681 892 2719 τῆς

258 2730 365 2766 ψυχῆς
402 2725 565 2765 πονηρία)
610 2721 629 2765 ἢ
664 2721 893 2763 άιιαρότατόι

961 1724 1083 1756 ultima
1099 1723 1183 1756 haec
1202 1723 1464 1756 accommodans
1485 1723 1599 1754 verbis

961 1769 1187 1801 intermediis:
1210 1768 1264 1801 καὶ
1282 1766 1365 1810 ἀνίᾳ
1381 1766 1599 1809 ὑπερβάλλον

961 1815 1137 1857 αἴσχιστοι·
1170 1813 1301 1846 τούτων
1333 1813 1422 1851 ἐστί,
1459 1812 1598 1866 perinde

961 1871 1002 1892 ac
1041 1861 1069 1892 si
1107 1860 1195 1891 nihil
1230 1860 1490 1901 praecessisset,
1533 1859 1599 1889 nisi

960 1907 1044 1938 hoc·
1070 1903 1201 1936 οὐκοῦι
1216 1902 1250 1947 (ἡ
1278 1908 1332 1946 τῆς
1358 1907 1466 1946 ψυχῆς
1492 1915 1597 1944 πονη-

964 1950 1034 1992 pia)
1066 1949 1086 1992 ἢ
1116 1947 1198 1983 άιιά
1232 1951 1267 1991 (i.
1297 1961 1325 1982 e.
1358 1947 1458 2002 λ11πῃ)
1492 1946 1598 2003 ὑπερ-

962 1995 1089 2038 βάλλο1
1121 1996 1297 2036 αἴσχιστω
1332 1995 1458 2026 το1’ῑω7
1492 1993 1597 2029 ἐστι’·,ι

962 2053 1048 2083 quae
1084 2041 1187 2073 verba
1212 2041 1261 2072 sic
1287 2044 1486 2073 connectas:
1519 2037 1598 2070 οὐκ·

962 2099 1028 2119 0111·
1069 2084 1088 2140 η’
1124 2087 1300 2127 αἱσχιστω
1340 2084 1470 2117 τούτων
1505 2083 1601 2116 soth

962 2130 1043 2174 ἀνίᾳ
1068 2129 1294 2172 νπερβάλλον,
1320 2135 1357 2162 ut
1382 2128 1601 2171 υπερβάλλοι

963 2179 1251 2209 accommodatum
1294 2180 1431 2218 putetur
1470 2174 1599 2217 praedi-

962 2228 1054 2259 cato,
1096 2234 1198 2264 quum
1237 2233 1255 2253 e
1294 2221 1428 2263 vulgari
1468 2221 1599 2252 ratione

962 2269 1155 2309 requiratur
1172 2264 1445 2307 ὑπερβάλλουσα.
1481 2267 1598 2307 Itaque

963 2314 1131 2346 sententia
1156 2313 1241 2344 haec
1266 2315 1331 2343 est:
1358 2322 1499 2343 nonne
1525 2312 1599 2352 igi-

963 2366 1032 2390 tur
1064 2364 1136 2390 aut
1160 2357 1511 2389 iniucunditatis
1537 2356 1599 2387 ha-

962 2404 1033 2436 bet
1065 2404 1314 2446 plurimum,
1348 2407 1480 2443 atque
1512 2412 1601 2443 pro-

962 2454 1127 2492 pterea,
1160 2447 1271 2489 quod
1301 2448 1506 2478 molestia
1539 2457 1600 2478 su—

962 2498 1103 2536 perat,
1149 2494 1263 2524 inter
1298 2493 1404 2524 haec
1440 2492 1599 2532 turpis-

963 2540 1069 2571 sima
1115 2544 1194 2576 est,
1248 2542 1321 2570 aut
1367 2538 1600 2579 plurimum

962 2585 1095 2616 affert
1116 2583 1389 2622 detrimenti,
1413 2586 1485 2613 aut
1509 2592 1599 2613 cum

962 2635 1145 2670 utroque
1171 2627 1441 2660 incommodo
1468 2627 1596 2658 simul

963 2679 1026 2707 est
1081 2675 1340 2706 coniuncta?
1406 2674 1596 2704 Pronomen

964 2719 1111 2755 ιούῑων,
1174 2719 1263 2760 quod
1318 2718 1476 2750 codicum
1531 2718 1599 2749 fere
