1687 2969
473 161 718 199 GORGIAS.
749 162 791 198 P.
825 165 917 199 493.
948 163 1005 200 ed.
1040 162 1094 200 St.
1365 165 1442 200 235

93 268 144 321 ὀὴ
173 266 308 321 λέγων
340 292 386 297 -
418 262 536 310 οὗτοι
564 269 819 310 ἀθλιώτατοι
858 269 912 310 ἂν
941 266 1026 311 εἶεν
1055 270 1097 311 οἱ
1125 270 1332 323 ἀμύητοι,
1375 271 1445 310 καὶ

95 337 273 385 φοροῑεν
302 334 360 381 εἰς
388 334 464 374 τὸν
492 332 745 387 τετρημένον
785 334 918 374 πίθον
960 335 1070 386 ὕδωρ
1112 334 1236 390 ἑτέρῳ
1265 335 1445 390 τοιούτῳ

95 398 331 454 τετρημὲνῳ
356 399 544 456 ᾔοισκίνςρ
559 411 566 419 ·

94 463 118 504 ὁ
146 463 253 516 πρὸς
282 463 350 517 ἐμὲ
379 464 533 517 λέγων,
574 461 652 517 τὴν
682 462 825 518 ψυχὴν
853 460 982 505 εἶναι·

93 585 182 618 male
217 586 380 618 omissum
425 586 540 619 Clark.
581 587 657 620 Vat.
692 587 777 618 Ven.
812 587 891 618 ΞΣ.
924 586 1026 619 Vind.
1059 586 1088 618 1.
1119 586 1150 620 2.
1184 586 1213 619 7.

93 631 185 665 Flor.
210 641 239 663 a.
266 631 296 663 b.
323 642 349 663 e.
374 643 416 664 m.
443 644 473 664 0.
496 643 529 663 x.
554 632 651 664 Bodl.
677 633 816 664 Meerm.

91 753 179 785 illud
219 753 471 796 ἐπιθυμητικὸν
520 757 576 796 τῆς
623 757 732 796 ψυχῆς

90 796 282 832 ἀκόλαστον
313 810 387 832 esse
420 800 554 839 statuit3
590 799 643 831 sin
675 810 732 831 au-

94 850 162 876 tem
185 844 272 876 illud
303 844 346 876 ad
378 844 489 876 solum
519 849 628 886 ψυχῆς
660 855 732 886 per-

94 891 200 921 tinere
225 893 337 932 putas,
361 900 487 932 magna
511 894 599 922 certe
625 890 732 921 oritur

91 936 254 968 orationis
294 936 486 967 obscuritas
525 940 558 967 et
589 934 733 966 molesta

92 981 272 1012 verborum
296 980 534 1012 redundantia.
561 982 733 1020 Quocirca

95 1025 198 1058 facile
239 1025 316 1067 quis
360 1025 568 1058 assentiatur
605 1026 732 1057 Hein-

93 1070 258 1111 dorfio,
312 1072 370 1112 qui
417 1071 580 1112 scriptum
627 1071 732 1103 fuisse

92 1116 234 1148 coniicit
267 1115 334 1147 διὰ
374 1114 408 1147 τὸ
441 1113 633 1148 ἀκόλαστοι·
670 1114 731 1147 αὖ·

92 1165 170 1200 τοῦ,
203 1171 409 1203 quamquam
433 1161 632 1203 scrupulum
656 1161 732 1192 inii—

92 1207 139 1239 cit
161 1206 325 1238 librorum
350 1207 501 1239 omnium
526 1206 566 1238 de
590 1206 733 1249 vulgata

91 1252 238 1284 lectione
277 1253 469 1284 consensio.
536 1253 655 1293 Itaque
698 1249 731 1283 τὸ

91 1294 336 1329 ἀκόλαστον-
353 1295 520 1340 στεγανόν
543 1308 652 1339 paene
676 1297 732 1329 ad—

90 1343 247 1374 ducimur
294 1346 332 1374 ut
371 1342 589 1384 praecedenti
631 1346 729 1374 τοῦτο

91 1391 147 1430 τῆς
173 1391 281 1429 ψυχῆς
304 1398 365 1429 per
388 1388 637 1429 appositionem
652 1387 729 1419 sub-

90 1433 188 1474 iungi
202 1437 360 1474 putemus
378 1433 444 1464 hoc
460 1444 579 1465 sensu:
606 1433 727 1465 illan]

90 1482 250 1519 partem
283 1479 433 1518 animi,
472 1479 513 1509 in
553 1489 635 1520 qua
672 1478 728 1509 in-

89 1527 189 1554 sunt
228 1523 523 1564 cupiditates,
568 1523 729 1555 videlicet

92 1565 126 1599 τὸ
151 1565 342 1599 ἀκόλαστον
365 1566 471 1600 αὐτοῦ
505 1568 558 1600 καὶ
586 1566 628 1600 οὐ
656 1579 727 1600 στε-

92 1610 210 1655 γανόν.
260 1614 358 1644 Hanc
382 1614 558 1652 rationem,
584 1614 613 1645 si
637 1618 727 1645 recte

89 1658 256 1698 intellexi,
281 1669 389 1700 nuper
408 1660 510 1690 etiam
527 1659 726 1700 Voegeli-

89 1713 170 1734 nus
196 1703 454 1735 commendavit.
502 1704 654 1735 Astius
680 1708 726 1736 to-

88 1752 160 1779 tum
193 1748 258 1780 hoc
292 1746 326 1781 τὸ
361 1746 410 1780 cin.
452 1747 559 1781 αὐτοῦ
596 1749 650 1781 καὶ
685 1747 726 1780 οὐ

93 1803 179 1836 oley.
211 1794 288 1825 eiici
316 1794 401 1828 vult.
427 1813 467 1817 —
501 1795 566 1825 Pro
599 1792 643 1827 m‘s
678 1806 726 1825 τε-

90 1837 256 1880 τρημένος
280 1839 336 1880 εἴη
368 1840 474 1873 πίθος
507 1841 726 1881 exspectabas

89 1885 324 1915 accusativum
371 1884 579 1926 τετρημένον
618 1887 727 1916 πίθον

91 1929 150 1970 (sc.
187 1926 371 1970 ω’νόιιασε).
420 1930 485 1961 Sed
515 1933 647 1962 mutata
677 1934 727 1961 est

88 1975 293 2005 constructio
318 1980 420 2016 atque
440 1976 652 2007 conformata
668 1987 726 2007 κα·

88 2016 125 2049 τὰ
146 2016 179 2049 τὸ
202 2017 620 2057 r0015ye1·02.Adduntu1
635 2022 726 2052 enim

87 2064 189 2095 haec:
224 2060 270 2097 ⁶13,-
295 2075 378 2104 τετρ.
405 2065 460 2106 εἰη
486 2066 602 2102 σῖτ’,θος
628 2067 726 2107 quasi

87 2110 329 2150 praecessisset
354 2110 459 2150 ἑλεγε,
484 2111 574 2151 quod
599 2122 641 2143 ex
665 2112 725 2142 illo

87 2151 247 2192 ὠνόμασε
271 2154 370 2186 facile
394 2155 578 2197 intelligas.
639 2156 726 2187 Con-

85 2199 284 2231 structionis
308 2200 476 2231 rationem
501 2202 635 2243 egregie
653 2212 725 2242 pcr—

87 2245 200 2286 spexit
223 2244 529 2276 Heindorfius.

133 2290 172 2320 B.
219 2287 274 2323 ὠς
306 2293 388 2321 τῶν
421 2289 468 2321 ἐν
492 2289 642 2322 Ἃιδου
668 2289 725 2331 —l

87 2331 120 2364 τὸ
146 2331 260 2367 ἀειδὲς
284 2346 377 2367 nunc
401 2335 443 2367 ad
470 2336 504 2367 τὸ
528 2333 660 2375 ὁρατὸν
676 2346 725 2366 re-

86 2378 192 2410 fertur
238 2390 348 2420 neque
397 2384 410 2411 t
419 2392 436 2413 e
446 2392 467 2411 n
479 2392 495 2412 c
506 2382 526 2412 b
537 2381 569 2412 ri
582 2392 598 2412 c
607 2392 625 2412 o
636 2392 650 2411 s
660 2392 683 2411 u
692 2392 724 2411 m

87 2423 190 2464 quid
220 2424 408 2466 significat,
441 2426 500 2457 sed
532 2426 584 2466 id,
615 2425 724 2467 quod

88 2479 171 2499 non
209 2475 276 2501 est
314 2470 638 2511 adspectabilc.
681 2472 724 2502 cf.

87 2513 260 2546 Phaedon.
301 2525 333 2555 p.
364 2514 417 2547 50.
450 2517 492 2548 D.
525 2521 558 2548 et
590 2515 643 2547 81.
676 2516 724 2555 (1,

88 2558 146 2589 ubi
170 2560 251 2590 item
288 2558 320 2589 τὸ
347 2557 460 2594 cietfie'„
491 2566 523 2593 et
549 2561 634 2604 ξὶδοι
668 2572 723 2602 op-

84 2604 223 2645 ponitur
264 2616 308 2635 τι)
351 2602 482 2648 docnt),
523 2610 556 2638 et
595 2607 723 2647 (1··ιὶῒγ1.

85 2659 117 2689 p.
148 2647 225 2681 403.
256 2649 296 2681 A.
354 2649 458 2681 Addit
489 2656 602 2683 autem
639 2651 724 2683 haec

85 2693 261 2734 Socrates,
291 2699 330 2726 ut
354 2694 475 2727 doceat
506 2696 660 2728 fabulam
684 2697 724 2729 il-

609 399 656 440 τὸ
685 399 729 440 δὲ
759 400 960 440 κόσκινον
989 403 1072 453 ἄρα
1101 399 1234 453 λέγει,
1277 400 1334 448 ὡς
1363 398 1444 453 ἔφη

1024 465 1101 518 τὴν
1130 465 1174 505 δὲ
1204 465 1347 518 ψυχὴν
1375 481 1442 507 κο-

1245 588 1272 619 Β
1283 587 1309 619 C
1323 589 1337 620 Ι
1348 588 1442 621 VW.

840 631 934 664 Stob.

800 754 870 785 lam
902 753 942 785 de
975 753 1098 786 misero
1131 754 1317 786 inferorum
1351 756 1444 785 statu

801 798 1063 841 intelligendam
1102 810 1176 831 esse
1214 798 1254 830 dc
1288 799 1361 830 vita
1392 799 1442 830 in-

801 845 1061 886 temperantium
1095 848 1127 876 et
1158 844 1442 884 lubidinosorum,

801 890 860 931 qui
885 900 990 931 quum
1014 890 1260 931 cupiditatibus
1278 894 1441 931 perpetuo

801 935 1015 976 indulgeant,
1041 939 1155 967 tamen
1181 946 1239 967 cas
1264 946 1441 976 nunquam

802 981 939 1022 explere
964 985 996 1012 et
1021 981 1144 1013 satiare
1169 981 1310 1022 possint.
1348 981 1441 1012 Cre-

802 1026 888 1057 scit
928 1026 1018 1058 enim
1065 1026 1301 1068 indulgens
1350 1026 1442 1058 sibi

802 1071 925 1103 dirus
955 1070 1162 1113 hydrops,
1205 1082 1283 1103 nec
1321 1071 1442 1103 sitim

802 1116 950 1157 pellit,
989 1116 1078 1148 nisi
1115 1127 1270 1149 caussa
1301 1116 1442 1148 morbi

802 1162 970 1204 fugerit
1000 1162 1139 1197 venis.
1170 1181 1214 1185 -—
1245 1161 1288 1193 οἱ
1311 1159 1440 1204 ἀμύη-

804 1219 884 1245 τοι,
926 1207 973 1247 ii,
1012 1208 1087 1248 qui
1119 1218 1201 1239 non
1234 1210 1334 1239 sunt
1362 1208 1441 1238 ini-

803 1252 924 1292 tiati,
970 1252 1169 1295 mythologo
1206 1263 1324 1284 rursus
1362 1256 1442 1284 sunt

802 1298 1149 1339 intemperantes
1204 1302 1242 1329 et
1294 1299 1441 1330 incon-

801 1343 1014 1374 tinentes:
1046 1343 1134 1374 ludit
1164 1343 1255 1375 enim
1278 1344 1314 1374 in
1340 1343 1441 1386 origi-

799 1389 937 1420 nationc
971 1387 1142 1420 vocabuli.
1191 1389 1243 1420 De
1277 1389 1441 1422 felicitate

798 1443 935 1473 eorum⁷
960 1434 1019 1475 qui
1042 1434 1214 1475 mysteriis
1240 1435 1365 1467 initiati
1390 1444 1440 1466 es-

798 1483 891 1518 sent,
936 1480 1128 1520 miseraque
1171 1482 1238 1510 τῶν
1277 1477 1441 1522 ἀμυήτων

797 1524 993 1556 conditione
1017 1535 1049 1556 v.
1075 1524 1118 1556 ad
1136 1524 1307 1556 Phaedon.
1334 1537 1364 1567 p.
1386 1523 1439 1557 69.

799 1569 835 1601 C.
854 1588 897 1592 —-
922 1568 1058 1611 ἑτέρῳ
1086 1568 1265 1612 τοιούτῳ
1292 1581 1438 1611 τετρη-

798 1614 910 1656 ,ιιένῳ
960 1625 1091 1652 noun„
1141 1615 1172 1648 h.
1214 1626 1241 1646 e.
1290 1615 1438 1647 cribro

799 1660 899 1691 item
936 1660 1177 1701 perforato.
1232 1660 1319 1692 Nam
1359 1671 1437 1692 cum

797 1705 832 1736 vi
857 1705 1020 1746 repetitur
1045 1703 1246 1747 τετρημένα).
1290 1706 1343 1737 De
1369 1705 1436 1737 ἑτέ-

800 1762 849 1790 ρῳ
874 1748 1016 1792 τοιούτῳ
1041 1761 1072 1781 v.
1098 1750 1234 1782 Indic.
1261 1752 1301 1782 Τ.
1316 1752 1341 1782 Ι.
1362 1762 1388 1783 S.
1406 1761 1437 1782 v.

798 1795 925 1835 ἕτερος.
952 1813 993 1818 ——
1019 1797 1157 1836 Respici
1181 1806 1201 1827 a
1225 1796 1369 1828 Platone
1393 1796 1436 1827 ad

796 1840 1045 1872 nobilissimam
1070 1841 1167 1872 illam
1192 1841 1345 1873 fabulam
1368 1842 1437 1873 Da-

797 1885 937 1917 naidum
962 1886 1132 1917 neminem
1159 1886 1256 1928 fugit.
1282 1886 1437 1918 Eandem

796 1942 876 1962 vero
902 1941 1045 1972 poenam
1071 1942 1091 1963 a
1114 1932 1224 1972 poetis
1252 1932 1287 1963 in
1312 1932 1436 1973 impios

797 1981 829 2008 et
853 1976 999 2008 iniustos
1025 1977 1188 2008 constitui
1205 1977 1308 2008 refert
1327 1977 1435 2018 philo-

795 2021 923 2063 sophus
950 2023 1001 2053 De
1026 2021 1170 2063 Republ.
1191 2022 1233 2052 II.
1258 2033 1290 2063 p.
1302 2021 1380 2055 363.
1394 2023 1436 2054 D.

841 2079 882 2097 το
920 2066 964 2098 δὲ
1000 2065 1217 2099 κόσκιιον
1255 2066 1340 2112 ἄρα
1377 2067 1434 2098 λέ-

795 2123 858 2153 γει
890 2131 933 2134 -
971 2109 1044 2153 τὴ]
1100 2111 1243 2153 ψιτχηι
1299 2107 1435 2155 εἶναι]

796 2157 953 2188 C1ib1um
983 2157 1073 2188 indic
1076 2157 1147 2188 suit
1171 2167 1244 2188 esse
1275 2158 1436 2190 animam.

796 2203 1099 2243 Intemperantium
1133 2207 1246 2233 autem
1284 2208 1317 2234 et
1354 2204 1434 2235 insi-

795 2247 962 2288 pientium
1006 2248 1154 2279 animam
1195 2247 1283 2279 dixit
1323 2248 1434 2280 cribro

794 2292 940 2323 similem
976 2303 1049 2324 esse
1083 2293 1208 2334 quippe
1242 2294 1339 2334 quasi
1361 2305 1435 2335 per-

795 2338 949 2376 foratam,
974 2338 1021 2368 ita
1040 2342 1078 2369 ut
1098 2337 1186 2368 nihil
1207 2339 1381 2370 continere
1398 2339 1434 2370 in

794 2393 829 2413 se
869 2383 976 2423 possit
1015 2381 1055 2414 δι’
1096 2380 1256 2414 ἀπιστίαν
1306 2396 1340 2415 τε
1378 2385 1432 2416 καὶ

795 2425 921 2468 λήθην,
958 2438 1044 2468 quae
1077 2427 1182 2460 verba
1213 2432 1300 2460 recte
1332 2430 1432 2461 inter-

793 2472 1319 2515 pretaturOlylnpiodorus:
1343 2471 1431 2506 α’πι-

797 2519 920 2547 ιῑτίαν
944 2517 1008 2556 μὲν
1034 2522 1077 2560 τῷ
1102 2518 1188 2560 μηδὲ
1214 2517 1299 2551 ὅλως
1324 2531 1433 2559 παρα-

795 2561 975 2602 δέχεσθαι,
1007 2562 1148 2605 λήθήν
1182 2563 1220 2594 δὲ
1254 2567 1298 2605 τῷ
1323 2576 1432 2602 παρα-

794 2606 953 2647 δέχεσθαι
1001 2607 1082 2646 μέν,
1132 2607 1432 2640 ἐπιλανθάνεσθαι

795 2651 840 2683 δέ.
888 2652 1015 2694 Lepide
1040 2653 1128 2685 dixit
1151 2651 1331 2691 ἀπιστίαν,
1364 2665 1431 2696 quo

792 2696 915 2728 alludit
954 2697 997 2729 ad
1037 2700 1165 2736 πίθον,
1207 2697 1364 2731 πιθανόν
1400 2703 1433 2732 et
