1687 2969
575 142 887 179 —va—

66 265 110 299 et
147 256 432 300 conformatio
473 255 652 312 propius
683 251 996 296 consideranda
1027 253 1100 306 sit,
1133 268 1219 308 quo
1252 252 1407 296 clarius

66 312 299 369 aliquando
338 312 650 369 perspiciatur,
692 325 778 366 quo
819 310 910 351 iure
949 323 1082 365 supra
1118 310 1409 363 statuerimus,

65 371 311 413 universum
341 369 496 411 librum
527 367 712 423 denique
743 366 799 408 ad
814 365 1092 408 illustrandas
1113 366 1412 422 philosophiae

64 426 216 469 laudes
245 426 475 483 pertinere,
502 425 662 481 quippe
693 438 803 478 quae
832 438 918 465 una
946 437 1025 478 pro
1050 437 1152 463 vera
1170 429 1258 464 tam
1286 419 1413 464 intel-

65 482 230 541 ligendi
269 489 313 525 et
341 481 634 539 cognoscendi
675 496 802 536 quam
845 479 1018 521 dicendi
1055 484 1184 534 atque
1225 479 1413 521 docendi

67 545 246 597 parente
286 546 415 595 atque
455 538 660 595 magistra
697 536 898 579 habenda
937 537 1005 578 sit.
1076 535 1208 589 Quod
1239 535 1413 590 quidem

69 613 120 640 ea
153 597 321 639 ratione
360 596 657 648 instituemus,
697 600 746 636 ut
783 594 881 636 libri
919 599 1064 650 partes
1092 594 1315 649 primarias
1347 608 1414 635 se-

68 669 213 697 orsum
242 659 485 709 spectemus
516 658 559 694 et
588 650 692 707 quid
733 650 920 705 denique
960 649 1061 691 inde
1092 650 1148 691 ad
1178 665 1269 691 rem
1299 664 1414 691 sum-

67 726 179 753 mam
208 717 511 765 consequatur,
541 709 691 766 paucis
723 722 1001 764 exponamus.

180 768 374 809 Possunt
403 772 561 820 autem,
592 766 668 808 ubi
698 764 1022 807 discesserimus
1053 763 1106 805 ab
1137 770 1294 805 ornatu
1324 762 1416 804 dia-

68 824 157 881 logi
187 824 383 877 scenico,
415 823 534 865 nullo
563 823 652 864 fere
684 822 860 878 negotio
889 820 999 862 duae
1029 820 1288 877 principales
1319 819 1414 861 uni-

69 881 183 923 versi
206 880 350 937 operis
379 887 526 937 partes
547 879 748 932 discerni,
779 894 879 931 una,
913 893 1022 932 quae
1047 877 1178 919 habet
1207 883 1294 919 tres
1319 892 1414 919 ora-

69 938 211 980 tiones
249 937 480 979 amatorias
520 951 717 991 quaeque
756 950 894 989 usque
935 934 990 976 ad
1030 949 1072 990 p.
1105 935 1198 976 257.
1231 933 1284 975 Β.
1316 948 1414 990 per-

70 994 287 1048 tenditur,
343 994 507 1047 altera,
572 1008 682 1048 quae
741 991 1009 1033 dialecticam
1056 990 1413 1047 disceptationem

72 1051 394 1107 complectitur,
435 1065 521 1105 qua
556 1049 708 1092 laudes
748 1048 987 1090 rhetoricae
1025 1048 1129 1089 artis
1165 1048 1209 1088 in
1240 1057 1414 1089 contro-

69 1109 254 1150 versiam
273 1113 499 1160 vocantur,
527 1105 627 1148 inde
660 1122 684 1147 a
713 1122 755 1162 p.
785 1106 880 1146 257.
914 1104 965 1146 C.
996 1119 1134 1159 usque
1165 1103 1220 1145 ad
1251 1103 1413 1145 exitum

70 1163 233 1221 dialogi
261 1164 492 1220 pertinens.
553 1162 673 1216 Quas
706 1161 879 1217 quidem
909 1168 1053 1217 partes
1082 1160 1206 1203 nobis
1226 1176 1312 1202 uno
1337 1160 1414 1202 ob-

68 1227 166 1263 tutu
202 1220 487 1263 lustrantibus
520 1235 606 1261 non
636 1218 808 1261 videtur
839 1218 1031 1271 dubium,
1064 1217 1168 1272 quin
1198 1217 1241 1258 in
1271 1217 1414 1273 priore

69 1293 189 1320 amor
216 1277 288 1319 ille
319 1277 506 1329 divinus,
539 1275 591 1317 de
623 1291 709 1330 quo
740 1275 870 1317 modo
904 1275 1206 1330 exposuimus,
1256 1274 1300 1315 in
1335 1289 1413 1330 po-

69 1335 249 1377 steriore
288 1340 432 1376 autem
471 1332 723 1375 dialecticae
761 1332 899 1373 virtus
930 1332 1191 1385 illustretur,
1222 1331 1267 1372 in
1297 1337 1415 1372 utra-

70 1406 153 1446 que
184 1407 286 1434 vero
315 1406 403 1432 una
433 1389 670 1445 eademque
697 1404 829 1445 opera
858 1389 960 1430 item
991 1393 1229 1445 arguantur
1254 1403 1414 1444 pravae

70 1448 341 1504 eloquentiae
361 1447 481 1501 vitia,
512 1447 574 1488 ita
601 1453 650 1488 ut
670 1452 826 1503 sponte
855 1444 1167 1502 propemodum
1191 1450 1413 1501 appareat,

69 1521 147 1562 per
179 1520 348 1547 omnem
379 1519 620 1547 sermonem
649 1503 745 1559 pari
773 1503 862 1545 fere
903 1501 1129 1558 diligentia
1156 1508 1245 1543 tam
1273 1501 1415 1558 philo-

68 1562 248 1618 sophiae
277 1577 407 1616 quam
435 1560 672 1603 rhetorices
702 1560 911 1602 rationem
935 1559 1125 1601 habitam
1156 1573 1263 1600 esse.
1324 1557 1415 1601 Sed

69 1618 176 1660 haec
225 1618 369 1660 omnia
415 1617 618 1672 quoniam
665 1617 748 1659 sibi
797 1616 1056 1672 peculiarem
1106 1615 1415 1671 expositionem

69 1675 272 1717 videntur
302 1674 560 1731 deposcere,
599 1673 652 1715 de
683 1673 865 1728 singulis
897 1671 1002 1727 quid
1029 1677 1213 1726 utroque
1242 1672 1414 1714 nomine

71 1731 405 1774 existimandum
432 1730 643 1784 videatur,
673 1730 824 1786 paucis
857 1728 1142 1785 explicavisse
1175 1728 1355 1770 iuvabit.

183 1788 339 1844 Itaque
380 1787 514 1844 priori
553 1786 727 1842 quidem
776 1786 916 1843 operis
954 1785 1082 1842 parti,
1128 1785 1203 1827 ubi
1244 1791 1414 1827 mate-

70 1845 205 1887 riam
243 1850 513 1901 spectamus,
566 1859 676 1899 quae
715 1843 776 1886 ibi
813 1848 1024 1885 tractatur
1061 1848 1192 1896 atque
1221 1842 1411 1899 philo-

73 1901 308 1959 sophiae
347 1901 385 1944 si
422 1900 618 1944 ducimus
658 1900 892 1954 rationem,
952 1899 998 1941 id
1047 1915 1180 1940 unum
1229 1899 1412 1940 maxime

74 1959 342 2015 propositum
372 1973 466 2001 esse
496 1958 776 2012 arbitramur,
808 1963 857 1998 ut
884 1972 1004 1998 amor
1033 1955 1204 1998 divinus
1234 1956 1414 2011 eiusque

73 2017 214 2058 variae
252 2015 441 2058 rationes
483 2030 612 2070 quam
653 2014 886 2056 clarissime
927 2012 1221 2067 illustrentur,
1264 2028 1414 2068 quam-

73 2087 201 2127 quam
231 2072 380 2115 eadem
410 2072 618 2114 nonnulla
637 2086 810 2126 quoque
840 2069 1097 2126 interposita
1125 2069 1270 2123 habet,
1303 2083 1415 2124 quae

74 2129 130 2171 ad
169 2129 439 2172 dialecticam
474 2128 711 2170 rhetorices
763 2128 1100 2183 explorationem
1151 2126 1414 2168 conducunt.

74 2185 365 2228 Vehementer
392 2185 506 2227 enim
527 2184 687 2227 iudicio
718 2200 796 2227 suo
815 2184 913 2226 falsi
943 2189 1059 2237 sunt,
1094 2182 1168 2237 qui
1197 2183 1415 2224 orationes

77 2243 302 2285 amatorias
321 2242 384 2285 ibi
400 2242 602 2284 recitatas
622 2241 730 2283 nihil
750 2240 868 2283 aliud
886 2240 969 2282 nisi
993 2239 1189 2295 exempla
1204 2238 1416 2293 quaedam

78 2298 146 2339 vel
173 2315 330 2355 pravae
359 2299 430 2341 vel
446 2305 591 2341 rectae
620 2299 890 2353 eloquentiae
910 2311 1004 2338 esse
1028 2295 1274 2350 voluerunt,
1305 2311 1415 2351 quae

77 2353 174 2397 ideo
195 2356 239 2397 in
258 2355 452 2399 rimando
471 2370 615 2397 amore
634 2361 877 2407 versentur,
911 2353 1012 2408 quia
1030 2352 1198 2407 reliqua
1219 2352 1416 2410 disputa-

76 2410 194 2453 tione
211 2411 264 2453 de
277 2413 468 2455 venustis
487 2412 652 2454 scilicet
670 2412 833 2454 artibus
855 2410 1113 2466 disputetur,
1135 2424 1244 2464 quae
1263 2410 1419 2451 enthu-

77 2467 279 2510 siasmum
294 2468 520 2523 quemdam
530 2468 751 2523 requirant
762 2467 895 2510 amori
910 2466 1187 2508 consimilem.
1210 2465 1335 2520 Quae
1351 2467 1418 2507 in-

77 2530 260 2566 venusta
279 2526 475 2581 profecto
498 2532 565 2567 est
594 2526 757 2582 opinio,
789 2531 838 2566 ut
867 2523 974 2564 nihil
1004 2523 1195 2576 dicamus
1227 2523 1417 2581 gravius.

76 2580 175 2623 Nec
215 2596 317 2623 vero
346 2582 485 2624 minus
517 2598 542 2623 a
572 2589 692 2625 recto
725 2582 1059 2634 aberraverunt,
1093 2580 1168 2634 qui
1198 2581 1418 2623 orationes

78 2637 173 2680 illas
202 2653 281 2694 pro
309 2637 529 2694 episodiis,
563 2654 673 2693 quae
704 2638 788 2695 ipsi
819 2637 1034 2692 dixerunt,
1067 2636 1290 2679 habendas
1322 2651 1419 2679 esse

77 2693 345 2748 iudicarunt,
394 2709 503 2749 quae
546 2695 627 2737 etsi
663 2711 761 2751 cum
802 2694 1005 2736 universo
1046 2692 1209 2751 dialogi
1237 2707 1418 2749 corpore

1113 2760 1149 2801 E
