1687 2969
459 252 700 291 GORGIAS.
731 253 774 290 P.
807 255 899 289 503.
931 254 1022 289 504.
1054 251 1112 289 ed.
1143 251 1199 289 St.
1420 252 1499 286 269

153 359 190 403 δ’
217 361 245 416 ἡ
261 362 406 415 ’ψυχή;
437 360 606 411 ἀταξίας
634 364 824 414 τυχοῦσα
853 358 966 400 ἔσται
993 360 1183 413 ςχρηστή,
1224 358 1250 411 ἢ
1278 357 1432 407 τάξεώς
1460 371 1502 398 τε

153 426 222 468 καὶ
251 428 416 480 κόσμου
444 427 580 475 τινός;
631 427 767 466 ΚΑΛ.
805 421 988 478 Ἀνάγκη
1027 424 1070 465 ἐκ
1099 427 1184 464 τῶν
1214 424 1405 475 πρόσθεν
1433 421 1503 463 καὶ

153 499 280 533 τοῦτο
309 494 630 545 συνομολογεῖν.
688 492 785 531 ΣΩ.
836 491 886 530 Τί
925 486 1005 530 οὖν
1035 490 1172 542 ὄνομα
1209 488 1320 529 ἐστιν
1360 487 1405 529 ἐν
1444 489 1503 543 τῷ

154 559 314 610 σώματι
352 559 411 613 τῷ
451 556 495 598 ἐκ
544 562 618 609 τῆς
654 556 804 605 τάξεώς
841 569 883 595 τε
921 555 990 595 καὶ
1029 561 1106 595 τοῦ
1155 554 1320 606 κόσμου
1361 568 1503 606 γιγνο-

145 620 290 698 μένεος
361 624 498 662 ΚΑΛ.
539 616 734 674 Ἰγίειαν
770 619 840 661 καὶ
888 616 1010 673 ἰσχὺν
1046 619 1147 666 ἴσως
1193 618 1334 671 λέγεις.
1406 620 1504 658 ΣΩ.

145 684 331 741 ''.Eymys
371 687 412 727 τί
440 686 483 728 δὲ
521 689 575 727 αὐ
604 692 661 739 τῷ
700 684 745 726 ἐν
784 693 834 739 τῇ
874 692 989 739 ψυχη
1030 681 1318 738 ἐγγιγνομένῳ
1359 682 1403 723 ἐκ
1432 689 1505 736 τῆς

157 753 309 803 τάξεως
337 752 407 792 καὶ
435 759 512 793 τοῦ
542 753 727 804 κόσμου;
772 754 903 803 πειοῶ
933 750 1071 802 εὑοειν
1111 749 1180 790 καὶ
1210 749 1342 789 εἰπεῖν
1372 745 1506 800 ὥςπερ

159 816 295 859 ἐκεῖνο
333 818 382 858 τὸ
421 820 571 870 ὄνομα.
632 819 769 857 ΚΑΛ.
820 816 868 856 Τι’
905 814 948 856 δὲ
991 816 1070 856 οὐκ
1108 813 1237 862 αι’-τὸς
1273 811 1420 866 λέγεις,
1475 815 1507 853 ὠ

158 883 409 935 Σώκρατες;
452 885 550 923 ΣΩ.
585 879 687 922 'AM'
719 882 758 922 εἴ
783 892 849 923 σοι
888 880 1010 934 ήδιόν
1041 879 1174 929 ἐστιν,
1214 878 1294 932 ἐγὼ
1325 878 1415 931 ἐρῶ.
1455 879 1508 918 συ

160 947 218 997 δέ,
248 948 302 989 ἂν
331 948 408 1002 μέν
437 958 504 989 σοι
533 949 646 989 δοκῶ
676 947 756 1000 ἐγὼ
786 949 924 994 καλῶς
951 944 1098 998 λέγειν
1130 946 1262 997 φάθι
1304 944 1338 984 εἰ
1367 944 1410 985 ὸὲ
1439 960 1505 997 μη,

162 1015 298 1067 ἔλεγχε
326 1013 395 1054 καὶ
426 1013 482 1067 μὴ
513 1012 717 1066 ἐπίτρεπε.
760 1010 898 1073 ἔμοιγε
936 1012 1052 1052 δοκεῖ
1090 1014 1180 1059 ταῖς
1208 1009 1286 1063 μὲν
1326 1025 1402 1050 του
1432 1010 1508 1050 σώ-
1542 1046 1545 1054 Ἴ,

118 1084 123 1107 3
158 1094 288 1133 ματος
314 1078 478 1129 τάξεσιν
519 1080 656 1132 ὄνομα
683 1075 791 1119 εἶναι
819 1077 1030 1130 ὑγιεινόν
1075 1075 1115 1126 ἐξ
1153 1069 1206 1116 οὗ
1246 1075 1291 1115 ἐν
1330 1076 1444 1127 αύτῳ
1482 1075 1509 1127 ἦ

159 1145 296 1196 ὑγίεια
334 1144 521 1197 γίγνεται
560 1143 629 1184 καὶ
678 1159 703 1196 η
743 1146 846 1195 ἄλλη
887 1140 1012 1194 άοετη
1052 1147 1129 1181 τοῦ
1169 1141 1374 1193 σώματος.
1424 1137 1509 1179 ἔστι

139 1204 292 1253 ἷταῦτα
328 1209 354 1262 ἢ
396 1210 475 1251 οὐκ
514 1207 648 1258 ἕστινς
693 1210 828 1249 ΚΑΛ.
861 1204 1000 1248 ''Em-c.
1058 1207 1159 1246 ΣΩ..
1210 1207 1312 1253 Ταῖς
1354 1204 1397 1245 δὲ
1436 1211 1510 1257 τῆς

160 1422 309 1462 exhibet,
332 1421 368 1453 id
391 1421 588 1463 posterioris
607 1421 728 1453 aetatis
747 1421 1046 1462 grammaticorum
1063 1419 1261 1452 haeresibus
1279 1418 1509 1451 tribuendum.

161 1469 244 1500 Mox
268 1468 373 1499 verba
396 1465 557 1509 ’Ῡγιέιαν
580 1466 635 1498 καὶ
663 1465 764 1507 ἰσχὺν
789 1466 874 1499 ἴσως
899 1465 1016 1506 λέγεις,
1053 1476 1140 1507 quae
1165 1465 1269 1507 vulgo
1295 1464 1338 1496 ad
1364 1465 1512 1496 Socratis

160 1514 343 1545 trahuntur
366 1513 566 1552 orationem,
591 1513 638 1544 ita
662 1516 700 1543 ut
722 1512 915 1553 proximum
934 1509 1067 1553 ’Έγωγε
1083 1511 1251 1542 tribuatur
1270 1509 1418 1549 Callicli,
1444 1520 1512 1540 non

162 1558 317 1590 dubitavi
350 1568 429 1590 oum
460 1557 660 1589 Heindorfio
693 1556 830 1588 Callicli
865 1556 1074 1595 adscribere,
1112 1567 1213 1597 quam
1245 1556 1413 1587 rationem
1443 1556 1511 1586 ian]

161 1604 305 1635 Ficinus
336 1607 500 1644 sequutus
535 1607 586 1634 est
622 1606 655 1634 et
686 1602 794 1633 suasit
829 1602 933 1633 etiam
969 1601 1163 1633 Cornarius.
1213 1601 1268 1632 Sic
1299 1601 1402 1633 etiam
1434 1600 1512 1631 Vat.

164 1649 250 1681 Ven.
278 1647 317 1680 Σ.
343 1647 443 1679 vind.
469 1646 500 1680 2.
525 1648 602 1679 Par.
627 1647 808 1679 BCEIV.
833 1647 903 1678 alii.

232 1738 268 1771 C.
301 1737 440 1778 ὦςπεο
477 1736 625 1769 ἐκεῖνο
663 1734 704 1768 τὸ
737 1734 887 1779 ὄνομα]
929 1735 1134 1768 Emendavit
1166 1735 1345 1768 Heindorf.
1379 1733 1514 1777 ἐκείνᾳ).

233 1829 379 1872 ἔμοιγε
413 1827 551 1870 δοκεῖ]
586 1827 702 1859 Clark.
736 1827 848 1869 ὲιιοιγε
881 1824 945 1869 γὰρ
974 1826 1078 1858 δοκεῖ.
1113 1827 1191 1858 Bas.
1217 1825 1247 1857 2.
1274 1825 1349 1864 ἐμοὶ
1375 1824 1441 1867 γὰρ
1471 1825 1512 1863 δ.,

163 1879 202 1906 ut
224 1876 324 1906 Turr.
347 1874 464 1906 Herm.
510 1874 550 1906 In
574 1873 738 1915 proximis
762 1872 886 1904 Heind.
912 1873 998 1904 coni.
1023 1869 1133 1910 ὄνομα
1157 1867 1250 1903 εἶπαι
1274 1869 1308 1902 τὸ
1335 1868 1489 1913 ῑγιεινόι

165 1931 233 1953 non
259 1930 352 1963 opus.

167 2110 431 2150 bricatores,
462 2114 632 2142 ceteros
658 2120 802 2142 omnes

167 2157 375 2198 opifices,
418 2155 628 2197 quomodo
660 2155 802 2186 omnia

168 2202 320 2234 ordine
345 2201 585 2242 disponant
609 2205 671 2233 etc.
703 2199 803 2239 Quod

166 2247 266 2279 vides
298 2247 428 2278 dictum
461 2256 535 2277 esse
572 2246 699 2277 omissa
729 2255 808 2286 apo-

168 2293 257 2331 dosi‚
291 2303 377 2333 quae
408 2296 522 2323 tamen
554 2290 636 2322 latet
667 2290 702 2321 in
735 2290 806 2320 his:

169 2336 215 2371 ὥς
252 2337 305 2371 εἰς
344 2335 440 2377 τάξιν
480 2348 507 2367 κ.
542 2348 567 2366 τ.
598 2336 623 2366 λ.
672 2336 807 2367 Etenim

169 2383 235 2414 dici
258 2386 389 2424 poterat
412 2382 477 2413 sie:
511 2380 657 2412 veluti
682 2380 717 2411 si
742 2380 807 2410 vis

170 2425 727 2467 considerare—opifices,
752 2425 808 2456 fa-

170 2472 254 2504 cile
307 2472 658 2509 animadvertes,
711 2479 811 2511 quo-

170 2517 287 2550 modo
313 2517 459 2548 omnia
492 2516 643 2549 ordine
668 2514 808 2556 dispo-

170 2566 287 2594 nant.
341 2562 393 2593 De
425 2561 591 2602 asyndeto
627 2559 808 2592 verborum

173 2605 249 2640 τοὺς
274 2605 396 2639 ἄλλους
427 2605 553 2639 πάντας
573 2602 808 2647 δημιουργούς

170 2663 201 2683 v.
232 2652 274 2683 ad
307 2652 462 2693 Sympos.
501 2662 532 2693 p.
564 2650 638 2683 186.
670 2651 712 2681 D.
757 2651 807 2681 De

171 2698 252 2738 Rep.
278 2697 336 2727 lV.
369 2707 400 2737 p.
425 2694 500 2728 434.
534 2697 575 2726 A.
601 2696 642 2727 X.
675 2706 705 2736 p.
731 2694 806 2726 598.

171 2743 209 2773 B.
235 2742 377 2773 Theaet.
402 2751 431 2782 p.
458 2739 532 2772 171.
556 2741 594 2772 B.
619 2739 695 2771 coll.
720 2740 808 2770 infra

171 2798 204 2829 p.
236 2785 312 2819 517.
354 2787 397 2817 D.
452 2785 608 2816 Eundem
645 2783 809 2825 loquendi

872 2119 972 2140 usum
1012 2108 1146 2139 Latinis
1185 2117 1398 2140 communem
1440 2117 1514 2140 esse

873 2154 957 2185 satis
983 2158 1125 2185 constat.

923 2244 960 2274 P.
985 2241 1061 2275 504.
1087 2243 1125 2273 Β.
1158 2243 1225 2273 καὶ
1260 2245 1384 2273 τοῦτο
1418 2252 1513 2273 σνν-

877 2286 1136 2329 ομολογεῐι]
1200 2288 1389 2329 Responsio
1442 2292 1516 2318 tan-

877 2333 1050 2364 tummodo
1086 2332 1128 2364 ad
1153 2333 1340 2364 secundam
1374 2332 1517 2364 refertur

877 2378 1154 2418 interrogationis
1193 2382 1338 2419 partem,
1392 2378 1440 2408 ita
1479 2382 1517 2409 ut

877 2424 1085 2465 cogitatione
1115 2422 1193 2454 addi
1225 2423 1345 2455 liceat:
1378 2421 1428 2454 ὅτι
1463 2422 1515 2453 τά·

878 2467 962 2508 ξεώς
989 2479 1021 2499 τε
1046 2468 1099 2499 καὶ
1127 2466 1256 2506 κόσμου
1283 2466 1374 2501 τινὸς
1401 2471 1515 2508 trygon-

879 2524 920 2544 σα
946 2513 1037 2544 ἔσται
1061 2511 1199 2556 χρηστή.

923 2603 959 2634 C.
986 2601 1130 2643 ὥςπερ
1165 2602 1316 2645 ἑκε-ῖιὊ
1351 2599 1392 2632 τὸ
1420 2599 1514 2633 ὅνο-

877 2647 940 2689 μα]
966 2647 991 2678 Ι.
1017 2658 1045 2679 e.
1069 2646 1182 2686 ὥςπερ
1209 2648 1311 2687 εὗρες
1336 2648 1389 2677 καὶ
1417 2642 1514 2679 εἶπες

878 2694 931 2723 καὶ
958 2691 1072 2723 ἐκεῖνο
1098 2690 1131 2724 τὸ
1157 2691 1273 2730 ὄνομα.
1321 2692 1397 2723 Non
1430 2702 1514 2732 opus

877 2742 929 2768 est
952 2736 1091 2779 ἐκείνῳ,
1125 2737 1215 2778 quod
1245 2737 1285 2767 de
1318 2737 1516 2768 coniectura

877 2783 910 2813 H
922 2793 939 2814 e
950 2784 960 2813 i
970 2793 991 2813 n
1002 2782 1021 2814 d
1033 2794 1051 2814 o
1061 2783 1136 2814 rfii
1162 2781 1350 2813 ediderunt.
