1687 2969
605 126 879 164 „01-

74 239 260 298 Scriptis
303 240 476 282 Platon.
515 255 559 295 p.
602 241 696 282 110.
736 240 797 282 ita
845 239 985 281 visum
1025 247 1101 282 est.
1168 240 1271 283 Jam
1317 255 1421 283 vero

73 298 182 340 haec
219 297 256 340 si
296 302 413 339 recte
452 303 556 339 sunt
593 312 619 339 a
657 297 782 339 nobis
813 296 1056 353 disputata,
1098 297 1325 340 Phaedrus
1355 313 1422 340 se-

74 353 264 397 cundum
314 369 463 397 eorum
512 353 769 396 sententiam
800 354 1069 407 criticorum,
1130 369 1239 408 quos
1292 369 1424 411 supra

73 410 430 465 memoravimus,
473 426 499 452 a
528 409 714 453 Platone
745 410 1073 454 adolescentulo
1105 411 1262 467 viginti
1291 412 1423 454 trium

73 468 143 510 vel
174 474 379 522 quattuor
408 468 541 509 ferme
584 483 793 509 annorum
830 468 1018 523 scriptus
1048 467 1106 509 sit
1135 481 1311 509 necesse
1346 474 1423 522 est,

75 525 236 581 quippe
268 539 396 579 quem
426 522 600 581 Olymp.
632 524 927 567 LXXXVII.
959 525 998 566 3.
1030 549 1086 554 —
1115 524 1212 566 425).
1243 540 1281 565 a.
1314 524 1420 567 Chr.

74 598 116 624 n.
146 587 295 623 natum
325 596 419 624 esse
452 587 616 623 certum
645 587 688 622 et
718 582 988 637 exploratum
1017 580 1241 623 habeatur.

187 638 311 680 Haec
340 638 473 703 igitur
503 643 569 680 est
598 638 790 680 vuloraris
823 638 875 680 de
905 637 1096 679 Phaedri
1124 644 1316 694 tempore
1348 655 1423 680 na-

73 695 150 736 tali
189 701 430 748 sententia,
469 710 556 736 non
597 711 667 737 mo
703 711 728 737 o
770 693 1175 752 Olympiodori
1215 702 1259 736 et
1288 694 1423 737 Dio-

72 751 233 809 genis
268 752 588 794 narrationibus
629 751 685 793 ad
720 752 968 794 memoriam
1007 752 1275 808 posteritatis
1307 767 1423 794 com-

74 807 292 861 mendata,
325 824 475 850 verum
506 809 635 850 etiam
661 825 799 866 nuper
829 808 1174 851 doctissimorum
1205 808 1427 851 hominum

72 864 244 907 iudiciis
282 866 345 907 ita
396 866 697 922 comprobata,
751 872 799 908 ut
836 865 965 908 hodie
1006 881 1178 921 quoque
1216 866 1425 922 plurimos

72 928 280 978 patronos
311 927 439 978 atque
462 922 712 965 defensores
743 929 873 964 nacta
903 923 972 964 sit.
1023 922 1316 965 Nihilominus
1347 938 1423 965 au-

73 986 162 1020 tem
193 979 379 1035 ingenue
411 979 620 1033 fatemur,
654 979 911 1022 sententiam
940 979 1067 1022 istam
1096 980 1222 1022 nobis
1254 995 1423 1035 semper

74 1051 165 1077 non
191 1034 320 1077 modo
353 1034 529 1078 dubiam
559 1042 602 1078 et
630 1036 860 1091 incertam,
901 1035 979 1078 sed
1006 1037 1134 1078 etiam
1164 1042 1313 1093 aperte
1341 1037 1421 1078 fal-

75 1107 168 1134 sam
207 1091 345 1134 visam
382 1108 500 1147 esse,
543 1099 591 1134 ut
629 1109 679 1135 ea
716 1094 761 1134 in
799 1109 844 1134 re
890 1093 973 1134 alia
1013 1094 1158 1136 omnia
1197 1093 1423 1148 sequenda

75 1164 170 1191 esse
212 1149 492 1203 arbitremur,
545 1151 797 1206 praesertim
839 1165 971 1205 quum
1025 1149 1422 1207 Olympiodori

74 1211 118 1247 et
135 1205 240 1247 Dio
253 1221 281 1262 g
293 1205 405 1247 enis
428 1206 672 1248 testimonia
687 1206 918 1248 admodum
928 1213 1130 1263 suspecta
1147 1219 1189 1248 et
1200 1207 1355 1263 partim
1369 1223 1423 1248 ex

73 1262 185 1304 malo
207 1277 366 1315 errore,
388 1263 544 1319 partim
564 1279 618 1305 ex
637 1264 922 1320 malignorum
942 1263 1137 1306 Platonis
1158 1265 1422 1306 obtrectato-

73 1335 169 1360 rum
186 1318 346 1374 iniquis
362 1319 533 1362 iudiciis
554 1320 767 1376 prodiisse
778 1320 1022 1375 videantur,
1037 1320 1089 1363 de
1106 1336 1192 1375 qua
1212 1336 1258 1362 re
1272 1320 1421 1376 (lispu-

75 1376 591 1418 tavimusinExamine
615 1377 1066 1419 testimoniorum
1088 1377 1151 1419 de
1174 1377 1421 1420 Phaedri

36 1461 41 1467 ·
73 1433 362 1475 Platonici
390 1439 639 1490 tempore
669 1435 841 1476 natali
872 1434 1194 1490 antiquitus
1225 1433 1419 1491 prodi-

74 1495 265 1531 torum.
305 1490 498 1546 Lipsiae,
533 1493 655 1533 1849.
687 1496 753 1545 4.,
786 1491 995 1534 nonnulla
1024 1492 1152 1533 etiam
1190 1491 1421 1547 postmodo

75 1547 313 1603 exposituri
341 1562 501 1590 sumus.
572 1548 785 1590 Videmur
813 1554 955 1590 autem
986 1548 1114 1590 huius
1145 1549 1293 1591 iudicii
1320 1565 1421 1591 nos-

73 1603 132 1645 tri
169 1618 345 1646 caussas
385 1610 428 1645 et
466 1604 657 1647 rationes
698 1605 892 1660 duplices
932 1605 1204 1660 potissimum
1242 1606 1419 1660 habere,

75 1659 428 1715 quandoquidem
476 1662 662 1717 primum
700 1661 874 1716 quidem
919 1662 1053 1704 totius
1101 1662 1242 1718 operis
1291 1678 1420 1719 argu-

74 1723 265 1758 mentum
302 1717 553 1773 neutiquam
589 1718 642 1760 iis
680 1718 876 1761 Platonis
904 1719 1170 1775 temporibus
1200 1720 1420 1774 convenit,

74 1773 121 1815 in
158 1789 269 1828 quae
309 1774 442 1831 vulgo
480 1775 668 1832 origines
709 1776 800 1817 eius
854 1776 1159 1829 conferuntur,
1201 1775 1278 1817 sed
1315 1791 1420 1818 con-

75 1837 331 1872 sentaneum
367 1831 512 1887 potius
559 1838 627 1874 est
670 1832 939 1888 temporibus
984 1833 1234 1889 philosophi
1284 1832 1419 1875 multo

74 1893 176 1944 post
222 1887 455 1942 insecutis,
503 1895 554 1931 ut
595 1889 663 1931 his
702 1889 875 1931 demum
913 1895 1054 1931 ortum
1097 1905 1223 1931 suum
1261 1889 1419 1932 debere

76 1944 408 1986 existimandum
438 1946 520 1997 sit3
562 1945 719 1988 deinde
758 1962 860 1988 vero
892 1947 1021 1988 etiam
1047 1962 1134 1988 non
1164 1962 1304 2003 pauca
1336 1947 1420 1988 alia

75 2001 371 2057 reperiuntur,
406 2002 522 2044 unde
550 2003 892 2045 luculentissime
923 2011 1144 2060 appareat,
1176 2004 1271 2045 fieri
1300 2005 1418 2046 nullo

75 2057 206 2100 modo
234 2074 380 2115 posse,
411 2066 460 2101 ut
488 2059 713 2102 Phaedrus
750 2060 836 2102 iam
866 2075 891 2101 a
920 2060 1102 2103 Platone
1144 2060 1421 2103 adolescente

77 2113 262 2156 necdum
291 2115 384 2157 viro
406 2116 522 2159 facto
552 2117 708 2159 litteris
760 2117 1045 2173 consignatus
1092 2133 1186 2160 esse
1232 2123 1420 2173 putetur.

77 2169 146 2212 De
166 2171 321 2226 quibus
341 2172 470 2215 rebus
494 2174 693 2216 omnibus
719 2173 870 2216 ordine
894 2174 1100 2231 deinceps
1121 2175 1313 2216 breviter
1329 2172 1419 2215 dis-

78 2228 297 2282 putavisse
326 2229 504 2272 iuvabit.

190 2284 344 2340 Itaque
385 2287 570 2343 primum
609 2286 783 2342 quidem
831 2287 1024 2329 universi
1060 2287 1252 2329 Phaedri
1295 2303 1423 2344 argu-

81 2345 295 2395 mentum,
337 2342 568 2386 dummodo
621 2350 737 2386 recte
775 2345 904 2386 fuerit
948 2343 1227 2398 intellectum,
1273 2352 1424 2387 nostro

81 2395 240 2438 iudicio
278 2399 363 2440 tale
392 2415 488 2442 esse
516 2400 741 2442 fatendum
770 2407 858 2455 est,
902 2399 1020 2455 quod
1059 2401 1178 2442 nulla
1209 2417 1261 2443 ex
1299 2408 1424 2459 parte

83 2453 214 2494 aetati
253 2453 449 2499 Platonis
489 2473 647 2499 annum
694 2458 809 2499 vitae
857 2458 1108 2499 vicesimum
1143 2460 1318 2500 tertium
1356 2459 1426 2500 vel

84 2514 284 2564 quartum
325 2514 490 2567 agentis
531 2515 783 2568 conveniat,
841 2514 1088 2570 planissime
1134 2522 1276 2557 autem
1322 2531 1424 2557 con-

81 2571 210 2623 gruat
237 2566 275 2607 ei
301 2571 495 2625 tempori,
528 2571 645 2626 quod
674 2571 959 2627 philosophus
991 2570 1166 2629 Olymp.
1205 2571 1426 2615 XCVIII.

84 2625 123 2665 2.
154 2622 223 2664 vel
254 2624 306 2676 3,
338 2623 420 2667 hoc
451 2633 516 2669 est
544 2628 763 2684 viginti
802 2627 973 2670 circiter
1011 2629 1135 2671 annis
1166 2637 1288 2686 post,
1328 2645 1426 2671 exe-

84 2679 160 2736 git.
223 2678 342 2733 Quid
383 2682 524 2725 enim?
573 2685 691 2727 Num
744 2700 828 2739 qua
873 2684 1077 2728 credibile
1116 2694 1182 2729 est
1219 2685 1312 2728 fieri
1350 2701 1427 2742 po-
