1687 2969
433 163 506 201 AD
536 162 778 202 GORGIAM
808 162 1076 201 PLATONIS.
1382 165 1428 198 13

84 277 228 314 tionem
255 276 472 314 habendam
501 289 583 314 esse
612 276 685 323 ait,
725 288 819 327 quos
848 280 1028 314 vereatur
1057 290 1104 314 ne
1136 277 1274 313 harum
1302 288 1431 313 rerum

84 333 253 371 taedium
281 332 358 370 iam
388 333 453 370 diu
483 333 635 382 ceperit.
695 333 770 371 Sed
799 337 951 371 tantum
989 335 1113 379 abest,
1154 333 1193 370 hi
1223 338 1267 370 ut
1305 332 1339 369 ei
1372 346 1430 369 as-

83 389 309 436 sentiantur,
339 394 383 427 ut
413 403 541 427 omnes
571 403 610 427 se
640 390 713 427 hoc
740 390 926 441 colloquio
957 390 1113 427 mirifice
1134 389 1312 427 delectari
1333 389 1430 427 fate-

85 451 209 484 antur.
268 446 453 486 Quocirca
483 447 662 495 Gorgias,
703 460 750 484 ne
781 460 954 484 caussam
984 460 1092 483 suam
1131 447 1296 496 turpiter
1324 447 1431 483 dese-

83 503 206 541 ruisse
235 504 430 549 videatur,
472 504 664 541 Socratem
700 504 806 541 iubet
835 516 1086 554 quaecunque
1116 503 1283 541 voluerit
1312 503 1429 540 inter—

84 573 237 608 rogare:
269 574 308 598 se
340 560 441 598 enim
461 561 508 597 ad
530 560 655 598 omnia
676 573 757 597 esse
778 574 1062 610 responsurum.
1094 561 1134 597 P.
1160 564 1250 597 458.
1264 560 1430 597 B.—D.

86 618 289 667 ——Itaque
318 617 402 654 ille:
434 617 535 654 Audi
556 617 642 663 iam,
673 617 810 668 inquit,
842 631 861 654 o
881 619 990 663 bone,
1023 617 1114 667 quid
1135 617 1229 653 mihi
1260 617 1298 653 in
1320 630 1430 666 supe-

84 674 182 711 riore
210 673 469 722 disputatione
505 678 572 711 tua
608 674 747 711 mirum
777 674 966 711 acciderit.
1027 674 1222 711 Profiteris
1261 674 1363 711 enim
1393 677 1431 710 te

84 730 325 768 institutione
355 743 398 767 ac
428 730 629 779 disciplina
668 736 735 768 tua
774 731 867 768 alios
907 731 1064 768 reddere
1102 744 1212 780 posse
1252 734 1430 775 oratores,

86 786 152 837 qui
192 799 317 824 coram
355 787 496 836 populo
534 788 580 824 de
629 788 803 825 omnibus
843 788 956 825 rebus
996 787 1244 836 probabiliter
1293 786 1431 824 dicturi

85 843 173 890 sint,
202 843 317 894 idque
348 843 411 890 sic,
442 848 486 882 ut
515 857 590 880 non
619 845 790 889 doceant,
820 845 884 881 sed
917 845 1181 893 persuadeant.
1230 843 1355 891 Igitur
1383 856 1432 880 ex

84 904 153 937 tua
182 900 374 938 sententia
402 900 545 938 inscius
586 902 686 950 apud
726 901 863 937 inscios
893 901 1015 949 perito
1056 901 1156 939 dicet
1184 900 1431 949 probabilius,

87 969 156 993 nec
185 970 279 1006 opus
310 957 382 994 erit
412 957 572 1003 oratori,
603 963 646 995 ut
677 958 860 1008 cuiusque
890 958 955 1003 rei,
988 959 1033 994 de
1064 971 1140 1008 qua
1169 958 1340 995 dicturus
1371 957 1430 1002 sit,

85 1013 165 1050 vim
194 1019 233 1051 et
261 1017 439 1051 naturam
468 1014 724 1063 perspexerit;
766 1014 908 1052 sufficit
937 1014 1064 1063 potius
1094 1014 1247 1064 aliquod
1277 1027 1432 1063 persua-

85 1070 197 1106 dendi
228 1070 433 1107 artificium
453 1076 594 1117 tenere,
624 1084 699 1121 quo
729 1071 897 1121 quidque
918 1071 1097 1109 videatur
1116 1071 1253 1108 melius
1273 1071 1431 1109 rectius-

86 1139 160 1176 que
189 1126 383 1175 cognitum
412 1127 565 1173 habere,
595 1141 710 1178 quam
740 1127 811 1165 viri
834 1129 1040 1176 prudentes
1066 1141 1109 1165 ac
1129 1127 1253 1177 periti.
1284 1129 1430 1165 P.458.

85 1183 300 1221 D.——459.
332 1184 371 1221 O.
429 1184 498 1221 Ait
526 1184 685 1232 Gorgias
715 1185 786 1222 hoc
815 1184 869 1222 ita
899 1198 1001 1230 esse,
1042 1184 1080 1221 in
1111 1198 1231 1235 eaque
1269 1198 1309 1221 re
1339 1184 1431 1221 dicit

86 1240 188 1277 cerni
218 1254 332 1291 quam
361 1241 526 1278 maxime
566 1241 658 1278 artis
688 1241 898 1279 rhetoricae
938 1241 1121 1279 virtutem
1163 1254 1205 1278 ac
1235 1246 1432 1290 praestan-

85 1296 188 1334 tiam.
247 1297 345 1334 Tum
374 1297 493 1345 igitur
522 1298 714 1335 Socrates:
756 1299 814 1335 De
854 1299 925 1335 hoc
964 1312 1054 1335 vero
1093 1302 1319 1346 argumento
1357 1298 1432 1335 dis-

83 1353 304 1402 putabimus
334 1353 439 1400 alias,
471 1354 502 1391 si
532 1368 608 1405 qua
627 1368 720 1404 opus
739 1355 875 1400 fuerit;
906 1368 1008 1392 nunc
1037 1355 1131 1392 illud
1160 1355 1286 1404 potius
1316 1368 1432 1405 quae-

85 1422 233 1457 ramus,
272 1411 449 1448 valeatne
478 1411 579 1449 idem
609 1412 655 1448 de
685 1411 785 1450 iusto
816 1416 931 1462 atque
970 1412 1124 1449 iniusto.
1183 1411 1285 1452 Quid
1315 1412 1434 1460 igitur

87 1466 242 1504 censes?
271 1481 364 1504 num
392 1468 533 1514 rhetor,
565 1468 739 1516 neglecta
767 1469 846 1506 veri
876 1469 1101 1516 cognitione,
1135 1469 1213 1505 solo
1236 1482 1328 1505 usus
1348 1482 1432 1518 per-

87 1524 271 1561 suadendi
300 1524 461 1562 artificio
482 1525 520 1561 id
541 1525 692 1571 efficiet,
723 1529 767 1563 ut
788 1526 889 1574 apud
910 1525 1132 1574 insipientes
1151 1527 1270 1563 verba
1289 1526 1432 1563 faciens

87 1579 232 1618 iustum
251 1585 290 1618 et
309 1580 497 1618 iniustum
517 1582 654 1618 melius
674 1582 846 1630 sapiente
868 1582 1061 1630 cognitum
1082 1583 1223 1619 habere
1243 1582 1431 1628 videatur,

89 1649 139 1673 an
167 1637 219 1683 ei,
260 1637 325 1688 qui
354 1637 569 1675 rhetoricen
598 1642 847 1687 percepturus
877 1638 945 1685 sit,
987 1652 1139 1676 necesse
1177 1653 1258 1676 esse
1289 1639 1432 1676 iudica—

88 1693 233 1739 bimus,
265 1697 328 1740 ut,
358 1694 580 1745 priusquam
611 1696 658 1732 ad
687 1708 770 1732 eam
800 1696 1038 1733 tractandam
1068 1696 1240 1742 accedat,
1272 1696 1363 1734 iusti
1395 1701 1433 1734 et

88 1749 241 1797 iniusti,
279 1750 402 1799 turpis
431 1756 470 1788 et
497 1751 667 1796 honesti,
710 1751 797 1788 boni
829 1756 867 1790 et
896 1752 983 1789 mali
1015 1752 1228 1800 cognitione
1258 1753 1334 1790 iam
1363 1753 1432 1789 im—

87 1806 204 1844 butus
242 1806 316 1845 sit?
355 1811 485 1845 utrum
524 1807 643 1856 igitur
680 1815 742 1854 tu,
783 1808 875 1846 artis
915 1808 1018 1845 illius
1057 1809 1202 1847 scilicet
1239 1810 1431 1858 magister,

85 1862 223 1900 horum
251 1863 421 1900 omnium
450 1864 547 1901 nihil
573 1865 701 1902 trades
731 1864 926 1914 discipulis
962 1865 1038 1903 tuis
1069 1866 1288 1916 efficiesque
1323 1867 1432 1904 insti-

86 1919 235 1958 tutione
263 1924 341 1967 tua,
372 1924 417 1958 ut
444 1920 512 1968 illi,
542 1922 717 1972 quamvis
747 1922 837 1959 iusti
869 1927 906 1959 et
936 1922 1069 1960 iniusti
1090 1923 1236 1960 nullam
1266 1924 1433 1961 habeant

85 1976 273 2023 notitiam,
302 1981 431 2015 tamen
460 1978 699 2016 multitudini
719 1979 923 2016 videantur
943 1979 1024 2016 eius
1052 1979 1266 2028 cognitione
1288 1984 1432 2018 ceteros

87 2033 332 2080 antecellere,
374 2047 423 2071 an
455 2048 503 2072 ne
531 2035 673 2084 poteris
703 2035 857 2086 quidem
894 2036 1072 2086 cuiquam
1110 2036 1326 2074 rhetoricen
1355 2042 1431 2075 tra-

87 2090 195 2136 dere,
234 2090 309 2128 nisi
339 2091 424 2141 quis
454 2091 530 2128 iam
560 2095 648 2129 ante
678 2092 899 2140 cognoverit
936 2093 1106 2131 iustitiae
1143 2093 1433 2144 iniustitiaeque

87 2150 264 2184 naturam
293 2152 331 2185 et
359 2147 572 2185 rationem?
608 2149 649 2186 P.
681 2152 772 2185 459.
803 2149 1013 2186 C.—460.
1046 2151 1092 2186 A.
1132 2150 1309 2187 Sentiens
1339 2151 1432 2188 Gor-

88 2203 180 2251 gias,
210 2217 392 2254 quorsum
411 2204 507 2241 haec
526 2209 709 2254 spectent,
739 2218 787 2242 ne
809 2205 898 2255 quid
922 2206 1075 2242 absurdi
1095 2205 1237 2243 dixisse
1256 2207 1433 2245 Videatur

89 2264 156 2297 aut
184 2260 320 2298 deinde
349 2261 472 2310 turpis
502 2261 637 2298 erroris
667 2266 911 2310 coarguatur,
942 2262 1132 2312 Equidem
1163 2263 1344 2311 arbitror,
1375 2264 1431 2301 in-

89 2316 192 2366 quit,
235 2317 408 2364 Socrate,
448 2318 542 2355 haec
572 2331 724 2368 quoque
763 2332 811 2355 ex
840 2332 925 2355 mea
963 2318 1163 2367 disciplina
1201 2320 1432 2359 hausturum

89 2385 172 2410 esse
210 2386 317 2420 eum,
365 2374 430 2424 qui
480 2387 612 2411 eorum
649 2374 767 2412 fuerit
803 2375 960 2422 ignarus
1003 2380 1040 2413 et
1078 2375 1290 2425 imperitus.
1358 2378 1431 2414 Sed

89 2442 322 2480 quamquam
350 2431 444 2468 haec
474 2431 567 2469 satis
596 2436 706 2469 caute
736 2435 774 2469 ct
802 2432 1011 2480 prudenter
1048 2433 1262 2481 respondit,
1303 2438 1432 2471 tamen

90 2498 139 2522 ne
169 2485 222 2522 sic
251 2486 406 2536 quidem
435 2488 584 2536 effugit*
599 2492 761 2525 structas
801 2488 833 2525 ei
865 2487 1033 2525 insidias.
1092 2488 1221 2529 Quum
1260 2490 1362 2527 enim
1392 2491 1431 2527 in

91 2542 349 2590 superioribus
378 2543 539 2582 dixisset
566 2558 643 2581 non
672 2538 754 2581 esse
774 2544 866 2581 artis
895 2544 1107 2582 rhetoricae
1125 2546 1318 2594 magistris
1338 2547 1432 2584 vitio

90 2599 329 2645 vertendum,
359 2599 391 2636 si
417 2599 586 2648 ipsorum
615 2601 791 2650 discipuli
821 2604 901 2638 arte
923 2614 992 2638 sua
1020 2603 1240 2649 abutantur,
1271 2604 1433 2653 ideoque

89 2655 336 2693 concessisset
364 2668 473 2704 posse
501 2657 688 2695 iniustum
716 2670 798 2694 csse
818 2661 1015 2704 oratorem,
1047 2659 1220 2696 Socrates
1238 2659 1314 2696 iam
1343 2661 1432 2697 sub-

89 2711 209 2749 tiliter
237 2713 369 2750 docere
407 2712 577 2752 instituit
614 2727 827 2763 repugnare
867 2727 930 2761 ea,
970 2728 1067 2766 quae
1106 2717 1217 2753 modo
1256 2729 1433 2754 concessa
