1687 2969
404 196 644 234 GORGIAS.
674 196 716 233 P.
748 200 840 233 466.
873 197 964 232 467.
996 197 1053 233 ed.
1086 196 1139 233 St.

97 306 202 347 ἀλλὰ
229 304 286 360 μὴ
315 305 563 351 κολακείαν,
604 302 672 357 ἐμὲ
702 302 931 356 ἐξελέγξας·

1368 199 1443 233 149

95 374 283 424 λεγκτον,
315 371 357 412 οἷ
376 370 552 424 ῥήτορες
575 369 617 411 οἱ
631 375 854 416 ποιοῦντες
879 367 924 409 ἐν
952 371 1043 416 ταῖς
1070 369 1243 409 πόλεσιν
1273 370 1299 408 ἃ
1328 369 1445 409 δοκεῖ

95 437 242 484 αὐτοῖς
280 435 352 477 καὶ
391 435 433 476 οἷ
466 435 670 486 τύραννοι
711 433 837 475 οὐδὲν
865 433 1035 485 ἀγαθὸν
1064 437 1191 474 τοῦτο
1221 434 1442 487 κεκτήσον-

95 516 185 552 ται,
225 501 261 541 εἰ
298 499 350 554 δὴ
390 500 569 553 δύναμίς
607 499 743 548 ἐστιν,
785 499 842 547 ὠς
880 494 933 538 σὺ
963 500 1062 552 φῄς,
1093 498 1280 551 ἀγαθόν,
1322 498 1370 539 τὸ
1399 497 1443 538 δὲ

95 569 234 607 ποιεῖν
271 568 376 606 ἄνευ
413 572 495 607 νοῦ
533 566 559 606 ἃ
588 565 705 606 δοκεῖ
730 563 800 605 καὶ
828 563 881 604 σὺ
910 564 1130 616 ὁμολογεῖς
1158 564 1293 604 κακὸν
1322 559 1441 603 εἶναι.

98 631 224 685 ἢοῦ,·
274 632 420 672 ΠΩΛ.
460 626 646 683 ”Εγωγε.

703 630 803 669 ΣΩ.
860 630 962 677 Πῶς
1000 628 1053 669 ἂν
1091 625 1172 669 οὖν
1201 628 1243 669 οἱ
1270 628 1444 681 ῥήτορες

95 695 205 750 μέγα,
238 696 442 737 δύναιντο
482 695 507 748 ἢ
549 695 590 737 οἷ
625 696 831 747 τύραννοι
860 692 905 734 ἐν
933 697 1024 742 ταῖς
1050 694 1245 741 πόλεσιν,
1283 692 1358 734 ἐὰν
1386 691 1443 746 μὴ

50 762 330 814 -Σωκράτης
370 759 590 814 ἐξελεγχθῇ
630 759 714 800 ὑπὸ
747 761 928 808 Πώλου,
969 755 1032 799 ὅτι
1061 765 1259 800 ποιοῦσιν
1287 760 1313 798 ἃ
1344 758 1443 810 βού-

94 829 240 868 λονται
253 843 264 874 ,·

326 827 472 866 ΠΩΛ.
529 819 666 873 Οὗτος
696 825 804 878 ἁνήρ
833 849 883 853 -—
925 825 1024 864 Σῼ.
1079 825 1142 864 Οὔ
1170 839 1279 877 φημι
1305 826 1444 864 ποιεῖν
1474 830 1512 872 Β

96 891 254 940 αὐτοὺς
281 892 307 931 ἃ
336 891 586 943 βούλονται·
627 890 731 930 ἄλλοί
759 890 798 943 μ’
829 887 976 943 ἔλεγχε.

1034 890 1180 929 ΠΩΛ.
1231 889 1323 929 Οὐκ
1351 891 1446 940 ἄρτι

96 957 326 1009 ὡμολόγεις
363 958 501 997 ποιεῖν
540 956 566 995 ἃ
605 956 723 996 δοκεῖ
757 955 901 1003 αὐτοῖς
931 953 1123 1007 βέλτιστα
1152 949 1261 994 εἶναι
1288 954 1446 995 τούτου

96 1079 199 1112 etiam
232 1077 451 1121 Sybrandus,
488 1079 546 1120 qui
582 1059 740 1109 eodicum
775 1077 977 1118 scripturam
1013 1076 1097 1108 duas
1134 1076 1256 1108 offerre
1288 1076 1446 1118 periodos

97 1128 205 1167 putat,
230 1134 318 1166 quae
342 1123 464 1178 Poluin
489 1129 566 1165 apte
590 1122 758 1154 refellant.
807 1122 950 1164 Astiovy

977 1119 1019 1163 δὴ
1044 1120 1089 1153 δ’
1071 1134 1089 1153 z·
1091 1134 1109 1152 ι
1111 1133 1186 1160 acus
1211 1121 1377 1163 placebat.

165 1170 202 1201 B.
241 1173 389 1200 ποιεῑι
413 1166 465 1200 αι’
479 1181 574 1202 του
564 1167 595 1211 c]
622 1168 723 1199 Hunc
749 1167 914 1230 ordinem
926 1166 1022 1199 codd.
1046 1166 1201 1209 plerique
1227 1177 1306 1199 011111
1327 1166 1445 1199 Clark.

98 1219 132 1246 et
155 1215 232 1246 Vat.
257 1218 405 1246 tuentur.
441 1214 531 1245 Vett.
556 1213 649 1246 editt.
675 1210 797 1245 aziltoh
828 1216 951 1244 ποιεῖν.

166 1257 323 1291 τούτοι
349 1257 574 1302 πρόσθει]
611 1258 741 1290 Iniuria
765 1259 849 1290 haec
872 1259 996 1297 v,erba
1030 1256 1197 1298 superi01i
1222 1253 1295 1297 ἄρτι
1322 1255 1358 1288 ἑκ
1384 1267 1445 1287 πα-

103 1302 268 1347 ραλλήλου
300 1303 474 1343 subiecta,
511 1303 732 1336 exterminari
768 1303 960 1335 v.olue1·unt
1007 1303 1138 1334 Maiore
1172 1302 1326 1332 ubertate
1358 1301 1447 1332 infra

98 1361 130 1392 p.
155 1348 232 1382 508.
256 1350 295 1381 Ε.
327 1347 401 1381 ἂνω
424 1348 505 1401 f'ne?
527 1349 567 1381 ἑιν
594 1353 662 1382 τοῖς
688 1349 893 1388 ἕιιπροσθει
918 1346 1048 1388 λόγοις,

1083 1348 1142 1378 ubi
1166 1357 1197 1377 v.
1225 1357 1304 1378 ann.
1329 1347 1447 1378 Astius

97 1406 158 1437 pro
189 1393 265 1435 ἄρτι
296 1391 494 1435 00111.ἄρα.
539 1393 758 1436 Sybrandus,
793 1394 873 1435 quia
908 1391 973 1435 γὰρ
1011 1393 1047 1423 in
1071 1392 1236 1434 proximis
1261 1391 1326 1423 duo
1354 1391 1448 1423 codd.

100 1441 277 1479 omittunt,
309 1439 526 1472 scribendum
550 1440 763 1481 suspicatur:

101 1486 192 1517 σθεν
229 1485 285 1516 καὶ
328 1489 389 1517 νῦν
426 1483 601 1526 ὁμολογῶ.·

99 1530 287 1573 probabile.

100 1641 238 1684 ἐκείνην
274 1641 513 1684 ἑξέλεγξον-
536 1638 582 1674 ὠς
623 1638 663 1672 οὐ
703 1640 737 1672 τὸ

99 1685 233 1720 ἀδικεῖν
258 1686 328 1719 ἐστι
351 1700 378 1719 κ.
405 1699 430 1718 τ.
455 1687 499 1723 L,
532 1686 656 1717 illam
680 1697 739 1717 re-

99 1733 210 1765 felle
235 1737 275 1764 et
298 1732 403 1764 doce
422 1736 484 1763 etc.
503 1742 534 1773 p.
547 1730 677 1764 508.A.
695 1731 738 1762 al.

100 1777 251 1819 Euthyd.
275 1788 307 1819 p.
332 1775 410 1809 288.
428 1778 468 1809 Ε.
500 1777 641 1809 Theaet.
664 1775 739 1808 166.

103 1823 140 1855 C.
176 1822 318 1855 Phaedr.
344 1820 420 1855 273.
446 1823 486 1853 B.
520 1823 624 1864 Hipp.
657 1821 740 1853 Mai.

99 1879 131 1910 p.
156 1866 234 1900 288.
257 1868 295 1902 B.
344 1867 425 1899 Alia
449 1867 553 1899 huius
576 1877 660 1898 usus
685 1878 741 1898 ex-

101 1912 215 1955 empla
228 1912 321 1944 dedit
337 1912 576 1945 Fischerus
593 1912 636 1944 ad
651 1913 741 1943 Aua-

101 1957 551 1991 ereont.Carm.XXVII1.
573 1968 605 1989 v.
630 1956 684 1989 82.
710 1962 743 1987 et

100 2002 414 2090 WypttenYRaeh.
453 2002 497 2034 ad
532 2002 623 2034 Plut„
655 2004 742 2034 Mor.

147 2093 187 2124 Β.
249 2087 386 2125 Οὗτος
429 2089 542 2133 ἀιὴρ
575 2091 636 2134 -]
681 2092 744 2123 Est

103 2138 189 2170 haee
214 2137 404 2176 reticentia,
439 2147 542 2178 quam
567 2136 744 2179 appellant

102 2184 274 2221 rhetores,
315 2183 468 2214 animum
497 2182 676 2221 miratione
710 2187 743 2213 et

103 2207 339 2273 indignatione
352 2231 559 2259 commotum
574 2213 742 2260 indicans.

103 2274 162 2305 Sie
200 2275 302 2307 οὑτος
340 2269 430 2314 einp
468 2282 547 2304 eum
588 2271 743 2313 indigna-

102 2319 195 2350 tione
218 2318 275 2349 vel
303 2321 477 2349 contemtu
503 2317 628 2348 dicitur
654 2317 743 2348 infra

103 2357 430 2405 p.505.C:013109
455 2359 544 2404 ᾰιὴρ
571 2359 633 2403 οὐχ
660 2359 743 2393 ὑπο-

105 2408 198 2447 μείει
234 2405 488 2447 ὠφελούμειος.
525 2418 557 2449 p.
589 2405 666 2439 489.
698 2407 743 2438 B:

106 2450 224 2485 οὑτοσὶ
257 2449 348 2495 ἀνὴρ
377 2449 420 2485 οὐ
444 2450 608 2484 παύσεται
635 2453 745 2490 φλια-

109 2509 191 2543 ρων.
215 2498 393 2530 Lucian.
406 2498 539 2539 Nigr-in.
554 2499 594 2529 T.
604 2498 628 2528 I.
644 2508 675 2538 p.
684 2495 744 2529 50:

108 2544 208 2576 οὗτος
223 2541 313 2585 ἀνὴρ
340 2540 382 2574 οὐ
408 2553 572 2574 παυσεται
595 2540 747 2585 τήμεροιΙ

110 2586 197 2628 πρός
229 2599 269 2626 με
303 2588 405 2629 πολλῇ
430 2591 468 2629 τῇ
496 2591 603 2630 σκηιῆ
628 2587 683 2619 καὶ
710 2589 748 2628 τῇ

110 2631 284 2675 τραγῳδίᾳ
336 2630 521 2673 χριόιιειος.
598 2620 745 2687 Eurip.

108 2678 286 2709 Phoeniss.
306 2687 337 2708 v.
355 2676 440 2709 927:
465 2675 552 2720 ἀνὴρ
570 2675 618 2710 ὅδ’
639 2674 745 2709 ozne't'

110 2720 213 2757 αὐτὸς
254 2720 390 2754 εκνεύει
428 2721 550 2762 nollem
603 2723 643 2754 In
681 2722 748 2754 hac

800 1437 952 1480 βέλτιστα
977 1432 1079 1468 elimat
1120 1435 1197 1468 ΣΩ.
1226 1437 1336 1469 Toszo
1362 1434 1447 1477 ,τρό-

649 1483 740 1526 quod
780 1485 879 1516 nobis
918 1483 1054 1525 quidem
1090 1493 1160 1514 non
1195 1482 1331 1514 videtur
1373 1492 1448 1514 esse

807 1645 922 1671 autem
959 1639 1106 1671 formula
1150 1643 1241 1671 recte
1283 1638 1451 1670 omittitur

808 1684 982 1723 articulus,
1000 1685 1162 1726 quoniam
1182 1694 1259 1716 eum
1275 1688 1450 1715 contemtu

808 1730 933 1762 dicitur
955 1729 1126 1762 δεικτικῶς
1141 1729 1182 1760 (10
1199 1740 1250 1769 eo,
1275 1729 1333 1771 qui
1356 1739 1452 1770 prae-

809 1786 887 1807 sens
927 1780 992 1815 est,
1042 1785 1180 1816 prorsus
1225 1774 1267 1806 ad
1305 1773 1451 1806 eundem

808 1820 964 1859 modum,
1008 1830 1073 1861 quo
1109 1817 1200 1862 cirr'yo
1237 1817 1296 1851 ὅδε
1329 1819 1452 1851 dicitur

809 1876 868 1908 pro
895 1863 972 1907 ἐγώ,
998 1865 1107 1896 veluti
1131 1864 1221 1906 apud
1247 1864 1329 1906 Sop
1338 1863 1451 1896 hoel.

810 1911 973 1952 Antigon.
1005 1921 1037 1941 v.
1070 1908 1168 1942 1034.
1202 1909 1284 1941 Oed.
1312 1910 1394 1951 Tyr.
1418 1919 1450 1942 v

811 1955 908 1988 1464.
952 1955 1103 1999 Eurip.
1134 1955 1263 1987 Alcest.
1302 1965 1333 1985 v.
1343 1920 1451 1986 y.690

810 2001 899 2033 Nam
934 2011 1036 2033 0110,
1074 1998 1164 2042 αἰὴρ
1207 2011 1249 2031 ου
1288 1997 1453 2031 παύσεται

812 2046 1009 2078 contemtia]
1034 2045 1163 2077 dietum
1188 2049 1240 2076 est
1262 2055 1323 2086 pro
1351 2043 1392 2075 σὺ
1409 2041 1451 2075 οὐ

812 2089 880 2122 :tati
886 2100 946 2122 σει.

858 2146 1012 2167 τουτου
1065 2132 1286 2176 πρόσθεν]
1337 2132 1453 2165 Seolu-

811 2185 930 2212 serunt
963 2180 1049 2211 haec
1076 2184 1250 2221 tamquam
1281 2178 1453 2220 glossema

812 2225 1040 2257 Bekkerus
1085 2229 1118 2256 et
1162 2223 1453 2255 Schleierma-

813 2271 990 2309 eherus;
1022 2268 1174 2301 defendit
1197 2280 1237 2300 ea
1259 2270 1453 2311 Morgen-

813 2315 1013 2347 sternius
1044 2315 1253 2356 Programm.
1291 2324 1322 2345 a.
1354 2312 1453 2346 1821.

813 2360 903 2392 edito
920 2370 951 2401 p.
968 2359 1062 2391 XIV.
1085 2360 1174 2390 Mihi
1197 2360 1277 2391 item
1301 2359 1455 2401 genuina

813 2405 981 2437 videntur.
1028 2405 1166 2436 Etenim
1197 2414 1324 2447 urgens
1348 2404 1455 2436 Polus

815 2450 965 2482 Socratis
981 2449 1247 2491 disputationem
1261 2449 1348 2481 illud
1369 2447 1454 2490 ἄρτι,

815 2495 904 2537 quod
937 2505 1005 2527 non
1039 2495 1121 2526 satis
1156 2494 1293 2526 definite
1327 2494 1455 2526 dietum

815 2544 913 2578 esset,
946 2540 1056 2582 magis
1080 2541 1184 2572 etiam
1209 2539 1346 2579 definit,
1378 2537 1456 2570 sub-

814 2586 937 2617 iiciens
976 2583 1097 2616 τούτου
1137 2583 1318 2625 πρόσθεν,
1364 2584 1398 2615 11.
1429 2595 1456 2615 e.

817 2635 915 2662 ante
936 2630 1041 2661 1100
1032 2640 1191 2671 ipsum,
1214 2629 1328 2671 quod
1345 2639 1458 2660 nune

816 2675 940 2707 dieis.
995 2675 1165 2707 Convenit
1209 2675 1275 2706 hoe
1320 2684 1458 2717 prorsus

815 2721 964 2752 hominis
988 2721 1138 2763 ingenio.

975 304 1010 344 εἰ
1038 303 1081 344 δέ
1111 318 1159 357 με
1189 302 1321 352 ἐάσεις
1351 302 1442 344 α’νέ-
1473 310 1553 350 467
