1687 2969
589 180 630 184 —
690 139 786 197 ‘cvu
858 178 899 181 —

77 276 190 319 entia
228 280 271 316 et
309 272 535 315 dialectica
576 271 933 314 commentatione
978 275 1106 324 atque
1139 285 1191 312 ex
1219 268 1414 311 modesto

76 333 129 374 de
168 331 258 374 eius
296 330 437 387 pretio
478 345 527 371 ac
576 329 785 386 dignitate
822 327 983 369 iudicio
1034 327 1313 383 suspenditur
1354 326 1415 382 (p.

75 390 169 433 276.
198 388 254 430 A.
286 413 339 418 ——
371 389 465 429 277.
496 386 570 441 Ε.)
607 386 802 440 adeoque
832 385 868 426 is
897 398 1007 426 unus
1038 400 1118 439 pro
1154 383 1415 440 philosopho

74 446 305 503 probatur,
380 444 453 499 qui
516 459 684 496 eorum,
747 457 856 496 quae
906 440 1147 497 scripserit,
1207 441 1417 482 rationem

73 501 254 545 reddere
284 517 334 543 ac
364 500 654 542 defensionem
685 499 906 554 suscipere
934 498 1073 554 possit
1104 498 1166 553 (p.
1200 499 1295 539 278.
1316 497 1416 551 B.);

75 565 176 602 sunt
203 559 399 616 profecto
429 557 536 598 haec
566 556 708 598 omnia
725 556 787 597 ita
809 561 1069 611 comparata,
1101 561 1151 596 ut
1179 554 1263 596 nisi
1284 554 1420 595 verba

74 616 201 673 plane
240 616 363 657 aliter
402 629 529 669 quam
566 613 700 655 menti
739 628 788 654 ac
819 611 1057 654 sententiae
1087 611 1285 653 Platonis
1317 626 1419 652 con-

76 673 250 727 veniat,
291 687 387 714 cum
427 669 946 714 Schleiermachero
986 668 1192 725 Prolegg.
1234 667 1289 708 ad
1317 667 1419 709 Pla-

73 737 163 774 ton.
192 729 228 771 I.
262 731 298 770 1.
329 745 371 785 p.
403 729 441 772 8.
473 743 565 783 sqq.
600 733 642 769 et
671 744 712 783 p.
746 729 810 768 19.
851 742 945 782 sqq.
986 725 1257 782 interpretari
1297 724 1420 776 velis,

74 787 158 829 hoc
195 801 329 827 unum
368 799 595 842 superesse
635 783 858 825 fatendum
889 784 965 837 sit,
1006 788 1054 823 ut
1092 798 1143 824 ea
1180 782 1423 823 referantur

75 843 132 886 ad
160 843 233 884 illa
264 849 471 899 tempora,
504 842 660 897 quibus
682 841 809 882 Plato
839 846 940 896 post
958 839 1144 881 reditum
1174 839 1219 880 111
1239 838 1421 895 patriam

77 899 264 943 docendi
293 900 339 941 in
368 898 607 941 Academia
625 898 892 954 provinciam
920 897 1126 952 suscepit.
1160 897 1271 937 Tum
1294 895 1420 947 enim,

77 958 116 999 si
140 957 228 999 ullo
259 956 342 998 alio
372 962 581 1012 tempore,
614 955 746 997 libere
778 961 821 996 et
852 969 948 996 cum
978 968 1143 995 summa
1184 952 1315 993 animi
1348 967 1422 993 vo-

76 1015 242 1070 luptate
281 1014 477 1069 profiteri
513 1012 680 1068 potuit,
733 1010 850 1067 quod
890 1016 1038 1067 aperte
1075 1010 1297 1066 professus
1341 1014 1422 1060 cst,

77 1071 213 1113 maius
256 1069 474 1125 quiddam.
509 1085 558 1110 ac
596 1068 885 1125 praestantius
926 1067 1007 1109 sibi
1045 1066 1183 1108 videri
1224 1066 1422 1107 docere

78 1144 207 1183 quam
237 1127 509 1179 scribere,
544 1125 895 1181 quandoquidem
927 1123 1124 1165 docendo
1165 1129 1294 1178 atque
1335 1122 1423 1164 dis-

78 1183 261 1227 serendo
293 1183 423 1224 animi
460 1182 725 1224 audientium
762 1181 817 1223 ad
856 1197 1002 1223 veram
1044 1181 1147 1222 boni
1180 1186 1222 1221 et
1251 1179 1423 1222 honesti

77 1241 300 1284 scientiam
338 1239 689 1293 instituerentur,
734 1239 896 1294 scripta
939 1243 1082 1278 autem
1127 1235 1423 1278 tantummodo

77 1297 133 1339 ad
163 1296 507 1340 recordationem
537 1302 580 1338 et
605 1296 983 1338 commonitionem
1013 1294 1220 1336 valerent.
1281 1293 1423 1335 Nimi-

77 1371 172 1397 rum
210 1355 293 1397 isto
334 1353 507 1409 quidem
547 1353 676 1395 modo
705 1353 927 1395 verissime
958 1350 1181 1405 indicavit,
1215 1366 1425 1406 quaenam

78 1412 249 1468 scriptis
289 1412 378 1453 suis
420 1426 519 1452 cum
559 1409 740 1463 scholis,
775 1424 881 1465 quas
915 1414 1030 1451 esset
1059 1408 1308 1462 habiturus,
1349 1422 1425 1449 ne-

78 1468 298 1512 cessitudo
339 1474 383 1509 et
420 1467 667 1510 coniunctio
707 1467 853 1508 futura
897 1471 1024 1508 esset.
1103 1465 1260 1521 Neque
1313 1465 1426 1506 enim

79 1525 268 1582 scriptae
310 1525 494 1566 orationi
544 1540 668 1566 omne
708 1524 864 1579 eripuit
902 1523 1111 1579 pretium,
1164 1522 1242 1564 sed
1279 1522 1427 1577 potius

77 1592 298 1638 tamquam
338 1597 567 1638 germanae
609 1581 893 1622 institutionis
932 1580 1033 1621 viva
1074 1595 1183 1621 voce
1229 1579 1426 1634 prolatae

79 1639 217 1681 sorori
253 1640 324 1694 (p.
358 1640 452 1680 276.
485 1639 570 1693 Α.)
614 1637 696 1679 hoc
738 1637 912 1690 tribuit,
953 1642 1002 1678 ut
1042 1636 1126 1692 ipsi
1167 1641 1289 1677 tanto
1326 1635 1426 1691 plus

78 1695 220 1738 laudis
260 1695 592 1751 impertiendum
634 1709 726 1735 esse
765 1693 985 1748 statuerit,
1028 1699 1189 1747 quanto
1219 1692 1317 1748 plus
1348 1692 1426 1732 ha-

80 1754 202 1795 beret
245 1752 561 1794 coniunctionis
612 1765 708 1792 cum
747 1750 942 1792 veritatis
997 1750 1179 1791 scientia
1219 1755 1260 1791 et
1309 1764 1426 1790 com-

79 1809 343 1851 mentatione
374 1824 476 1851 vero
494 1808 755 1865 philosopho
779 1807 923 1864 digna.
985 1806 1104 1860 Quin
1128 1806 1275 1848 licebit
1297 1806 1426 1847 etiam

80 1866 161 1909 hac
189 1867 234 1908 in
263 1881 310 1907 re
341 1866 562 1922 aliquanto
579 1865 761 1906 ulterius
791 1863 1041 1921 procedere.
1110 1863 1262 1906 Voluit
1297 1862 1424 1916 enim,

81 1929 131 1965 ut
150 1923 337 1978 videtur,
359 1922 643 1980 philosophus
665 1922 792 1963 etiam
823 1921 1084 1978 significare,
1107 1936 1192 1975 quo
1223 1921 1320 1962 loco
1351 1919 1428 1960 ha-

75 1979 213 2022 bendi
253 1986 420 2034 essent,
462 1995 570 2035 quos
609 1978 772 2021 dudum
811 1978 1040 2032 edidisset,
1081 1977 1244 2034 dialogi
1274 1977 1343 2018 vel
1373 1975 1429 2017 ad

82 2037 338 2079 sententiam
386 2036 577 2080 Socratis
616 2036 685 2077 vel
735 2035 790 2076 ad
828 2036 1040 2077 rationem
1088 2034 1426 2091 Nlegaricorum,

83 2094 343 2149 quibuscum
380 2100 483 2150 post
533 2093 698 2135 obitum
751 2092 945 2135 Socratis
987 2098 1080 2133 erat
1129 2096 1427 2143 conversatus,

85 2151 322 2207 compositi.
398 2150 614 2193 Nimirum
666 2165 717 2191 ea
762 2150 928 2191 ratione
990 2149 1097 2191 scite
1145 2163 1247 2190 sane
1298 2153 1428 2201 atquc

84 2207 304 2263 eleganter
326 2208 456 2249 etiam
476 2223 582 2261 earn,
616 2222 702 2262 qua
732 2213 863 2248 antea
893 2221 997 2247 usus
1029 2211 1134 2258 erat,
1156 2204 1428 2261 dialogorum

87 2263 408 2306 scribendorum
454 2263 810 2306 consuetudinem
850 2261 1045 2304 defendit
1085 2271 1128 2302 et
1156 2260 1429 2303 commenda-

86 2319 162 2377 vit.
219 2321 287 2362 Ac
317 2321 410 2363 fieri
437 2326 598 2378 potest,
631 2326 680 2362 ut
708 2320 858 2362 eadem
890 2334 1022 2375 opera
1052 2318 1181 2359 etiam
1209 2317 1429 2375 significa-

85 2375 220 2429 verit,
265 2392 338 2419 cur
376 2394 482 2421 usus
512 2378 568 2420 sit
600 2378 736 2419 forma
767 2377 1052 2432 dialogorum.
1114 2374 1289 2431 Quippe
1318 2375 1430 2417 refe-

85 2438 186 2473 runt
215 2448 316 2475 sane
347 2435 408 2476 1111
437 2435 685 2491 planissime
717 2435 906 2490 speciem
929 2448 1174 2474 sermonum
1204 2432 1430 2474 dialectice

86 2489 395 2544 institutorum,
429 2492 586 2546 quibus
617 2491 714 2533 unis
744 2490 953 2532 iudicavit
982 2489 1144 2532 animos
1172 2489 1431 2532 discentium

88 2545 142 2586 ad
181 2546 272 2587 veri
301 2546 631 2604 intelligentiam
662 2548 844 2589 maxime
876 2545 1079 2600 excitari,
1113 2547 1224 2599 acui,
1259 2546 1430 2587 confor-

87 2603 205 2644 mari.
264 2603 426 2645 Verum
458 2611 558 2646 sunt
579 2605 707 2646 etiam
738 2605 821 2645 alia
840 2603 951 2645 scitu
980 2619 1065 2645 non
1094 2603 1287 2660 indigna,
1321 2618 1430 2658 quac

87 2675 140 2700 ex
184 2660 266 2701 hoc
310 2660 500 2702 Phaedri
545 2662 640 2704 loco
691 2661 745 2702 de
777 2660 1030 2716 disciplinae
1069 2660 1259 2714 ratione,
1304 2675 1430 2715 quam

88 2717 371 2773 philosophus
412 2717 550 2759 animo
594 2717 930 2774 designavisset,
963 2717 1243 2773 probabiliter
1285 2715 1431 2771 colligi
