1687 2969
585 153 626 158 ——
697 131 798 172 LXIX
870 153 911 157 ——

69 246 235 289 ratione
274 245 545 303 significatur
577 245 646 297 yis
678 251 721 287 et
750 252 905 286 natura
934 244 1127 286 idearum
1157 260 1234 301 per
1264 260 1309 287 se
1341 244 1415 287 ab·

69 303 212 345 soluta
247 309 376 357 atque
416 308 613 356 aeterna,
655 317 767 357 quae
813 300 989 356 quidem
1031 301 1164 355 scite,
1206 301 1414 344 adhibitis

67 359 339 402 Parmenidis
375 367 418 401 et
455 358 736 415 Empedoclis
778 357 832 402 de
873 357 1034 399 mundo
1072 357 1334 414 intelligibili
1373 365 1417 400 et

68 416 277 473 opinabili
307 416 508 469 decretis,
537 422 755 470 tamquam
788 417 832 458 in
865 415 1051 471 imagine
1075 414 1261 469 quadam
1291 430 1414 471 spec—

69 473 228 516 tandae
267 479 584 530 proponuntur.
653 471 786 525 Quod
824 472 989 515 etiamsi
1030 471 1282 526 neutiquam
1318 487 1416 514 cum

67 530 199 587 vulgo
254 531 535 587 interpretum
572 530 745 586 proprie
795 530 853 572 sit
892 527 1218 584 accipiendum,
1282 544 1414 583 quum

67 587 350 644 intelligibilis
388 592 557 628 tantum
605 585 801 628 idearum
854 592 1074 639 tamquam
1127 585 1307 627 intuitus
1374 592 1417 627 et

67 644 373 700 contemplatio
403 643 687 700 significetur,
719 644 889 698 qualem
912 643 1064 684 animis
1087 641 1206 697 puris
1226 641 1412 684 necdum

65 701 257 742 mortalis
288 701 481 757 corporis
519 701 794 742 concretione
837 699 1139 742 contaminatis
1184 699 1414 741 convenire

65 772 170 800 sane
198 764 537 799 consentaneum
567 763 654 809 est;
694 764 838 799 tamen
877 757 961 798 hoc
999 769 1173 811 quoque
1202 761 1330 812 pacto
1360 755 1415 797 ad

66 814 222 856 amoris
253 813 390 856 divini
421 813 751 870 explicationem
780 813 896 856 valet
924 813 1177 870 plurimum,
1220 812 1415 867 quando-

69 870 243 925 quidem
281 886 401 913 mens
442 877 572 926 atque
613 871 778 913 animus
818 887 868 913 eo
908 871 1026 926 ipso,
1073 869 1192 925 quod
1221 869 1414 912 idearum

65 942 204 984 capax
244 934 330 980 est,
383 927 439 969 ad
478 934 679 970 aeternae
718 928 912 970 veritatis
962 926 1233 982 quaerendae
1284 933 1414 982 atque

65 983 357 1040 possidendae
388 983 650 1027 desiderium
679 984 888 1027 ineffabili
917 999 1015 1026 cum
1044 984 1267 1040 voluptate
1300 985 1415 1026 exci-

65 1046 194 1082 tatur.
255 1040 387 1094 Quod
431 1056 532 1083 vero
576 1042 706 1084 animi
744 1041 844 1084 inde
882 1057 908 1083 a
937 1041 1101 1083 Vestae
1133 1040 1260 1094 sede,
1303 1057 1413 1096 quae

66 1097 158 1139 sine
197 1097 330 1140 dubio
365 1098 410 1140 in
456 1098 612 1141 vicinia
652 1105 816 1153 terrae,
857 1098 985 1141 sicuti
1021 1098 1067 1139 in
1096 1097 1332 1140 Phaedone
1371 1115 1412 1155 p.

69 1155 162 1196 108.
192 1155 246 1196 E.
282 1160 325 1196 et
354 1155 399 1196 in
429 1155 608 1198 Timaeo
639 1172 681 1212 p.
719 1157 788 1198 40.
821 1154 871 1198 C.
902 1155 964 1196 ita
994 1155 1123 1196 etiam
1152 1154 1221 1196 hic
1253 1156 1295 1196 in
1327 1171 1414 1197 me-

64 1210 136 1253 dio
168 1211 361 1253 universi
389 1211 581 1266 locatae,
623 1211 679 1253 ad
709 1212 888 1269 Olympi
918 1212 1142 1254 Homerici
1170 1212 1415 1254 similitudi-

63 1283 161 1310 nem
188 1268 333 1324 posita
361 1268 542 1325 fingitur
571 1270 629 1325 ²¹⁸),
661 1271 835 1326 agmina
864 1268 1066 1311 undecim
1099 1268 1275 1311 deorum
1299 1285 1413 1312 sum-

63 1341 133 1367 mo
163 1325 270 1367 Iove
300 1324 426 1379 duce,
458 1326 598 1368 Vesta
638 1325 754 1368 domi
784 1332 1056 1379 remanente,
1089 1325 1198 1368 coeli
1228 1327 1412 1382 superfi-

64 1382 173 1424 ciem
210 1397 362 1425 versus
399 1382 722 1439 proficiscentia
752 1383 924 1427 sublimi
954 1383 1101 1425 volatu
1132 1384 1341 1438 consequi
1373 1391 1416 1427 et

63 1454 150 1481 una
184 1454 281 1481 cum
323 1439 376 1482 iis
416 1439 515 1495 plus
545 1441 718 1483 minuve
749 1441 870 1483 ideas
901 1441 1058 1482 intueri
1088 1440 1228 1482 solere.
1263 1440 1414 1483 dicun-

63 1495 220 1550 tur,.in
252 1511 338 1551 quo
369 1496 657 1554 philosophus
688 1498 918 1540 manifesto
959 1496 1012 1539 de
1058 1496 1290 1540 duodecim
1332 1497 1414 1541 diis

63 1551 281 1610 Olympiis
336 1553 569 1610 cogitavit,
636 1570 745 1610 quos
809 1554 985 1597 eosdem
1039 1560 1172 1609 atque
1233 1570 1415 1611 corpora

63 1610 268 1651 coelestia
307 1625 403 1652 esse
444 1611 606 1665 voluit,
649 1611 863 1666 siquidem
902 1612 954 1654 iis
984 1626 1082 1653 cum
1124 1611 1414 1668 Pythagoreis

61 1666 243 1721 aliisque
282 1665 552 1709 divinitatem
602 1668 799 1710 attribuit
848 1669 918 1723 (V.
956 1669 1160 1725 Prolegg.
1199 1668 1256 1710 ad
1302 1669 1412 1710 Tim.

62 1739 106 1779 p.
151 1724 215 1765 15.
256 1724 365 1778 sq.);
413 1723 592 1767 dubium
630 1731 745 1767 certe
778 1741 870 1781 ⁵non
902 1731 991 1779 est,
1035 1726 1138 1780 quin
1169 1724 1253 1767 isto
1284 1725 1413 1768 modo

62 1779 219 1837 grandi
263 1780 449 1837 imagine
505 1782 731 1838 proposita
777 1782 1054 1836 ostendatur,
1106 1782 1312 1837 quidnam
1359 1784 1416 1825 sit

60 1836 170 1879 illud
199 1842 391 1880 ἕπεσθαί
433 1838 523 1880 sive
569 1841 843 1882 ακωλουθεῖν
872 1842 933 1893 τῷ
976 1842 1072 1892 θεῷ
1115 1840 1185 1881 vel
1230 1840 1415 1895 ὁμοιοῦ-

64 1897 180 1937 σθαι
210 1896 274 1946 τῷ
304 1897 418 1948 θεῷ,
449 1895 494 1936 in
525 1911 610 1951 quo
643 1912 808 1938 summa
847 1896 1062 1953 sapientia
1091 1897 1253 1952 pariter
1285 1903 1414 1952 atque

61 1951 246 1994 beatitas
284 1952 474 1994 cernitur
512 1953 573 2007 (v.
628 1953 810 1995 Theaet.
863 1970 905 2010 p.
951 1955 1044 1995 176.
1097 1954 1150 1996 B.
1202 1969 1297 2009 sqq.
1345 1955 1415 1997 De

62 2007 171 2065 Rep.
210 2007 270 2050 X.
314 2025 355 2064 p.
388 2011 484 2052 613.
515 2010 571 2051 A.
602 2010 744 2067 chg.
775 2010 856 2052 IV.
888 2027 929 2066 p.
967 2013 1061 2052 716.
1093 2012 1150 2053 A.
1183 2026 1280 2066 sqq.
1316 2012 1412 2054 coll.

61 2064 465 2121 Wyttenbach.
507 2066 563 2108 ad
608 2068 830 2109 Plutarch.
869 2068 939 2110 De
981 2067 1076 2111 Ser.
1118 2069 1249 2110 Num.
1279 2068 1413 2110 Vind.

68 2138 110 2178 p.
141 2124 207 2164 27.
239 2123 378 2178 sqq),
412 2123 764 2179 quandoquidem
795 2125 924 2167 etiam
955 2125 1090 2167 divini
1120 2126 1306 2166 numinis
1339 2126 1414 2168 ab·

66 2177 222 2221 solutio
253 2186 296 2221 et
324 2180 507 2223 beatitas
536 2181 581 2223 in
612 2182 806 2238 perfecta
832 2197 975 2223 rerum
1005 2182 1251 2239 cognitione
1283 2197 1414 2236 quae-

67 2235 202 2277 renda
231 2242 319 2290 est,
361 2237 489 2280 sicuti
519 2238 564 2280 in
597 2239 707 2281 Tim.
739 2256 781 2296 p.
813 2240 880 2281 28.
913 2238 963 2280 C.
997 2265 1050 2269 —-
1082 2241 1149 2281 29.
1180 2239 1232 2280 E.
1264 2238 1413 2295 dispu-

67 2296 193 2355 tatur.
248 2293 405 2349 Itaque
435 2301 590 2351 sponte
619 2296 898 2353 intelligitur,
940 2301 1153 2351 quatenus
1186 2295 1295 2338 haec
1323 2313 1413 2338 om—

69 2362 139 2389 nia
173 2346 228 2390 ad
264 2349 563 2394 illustrandam
601 2352 736 2395 divini
772 2353 929 2396 amoris
968 2352 1206 2395 doctrinam
1235 2353 1412 2398 faciant.

136 2517 170 2558 *)
203 2517 431 2552 Dissentimus
457 2523 543 2554 enim
570 2521 623 2555 hic
649 2533 724 2555 cum
767 2526 803 2556 A.
832 2522 1049 2555 Boeckhio
1079 2523 1128 2556 De
1157 2525 1330 2557 Platonico
1356 2536 1411 2567 sy-

204 2566 352 2596 stemate
385 2568 585 2601 coelestium
615 2570 795 2610 globorum
828 2579 861 2610 p.
898 2569 1039 2603 Xxvn.
1067 2580 1115 2611 sq.
1143 2574 1177 2602 et
1201 2571 1233 2602 in
1261 2570 1411 2603 Philouao

206 2620 237 2651 p·
276 2608 352 2644 105.
378 2622 449 2653 sqq.
474 2615 528 2655 qui
557 2617 729 2647 Platonem
763 2614 937 2647 contendit
961 2615 991 2646 ἱιι
1020 2615 1172 2648 Phaedro
1197 2617 1314 2648 sedem
1345 2617 1409 2648 Ve-

208 2659 282 2687 stae
297 2656 329 2687 in
355 2657 468 2691 medio
495 2661 621 2693 mundo
645 2660 818 2702 posuisse,
844 2660 951 2693 Terra
979 2662 1009 2693 in
1035 2662 1137 2695 anum
1163 2663 1275 2695 locum
1301 2667 1409 2695 trans-

210 2702 290 2734 lata.
320 2711 350 2735 v.
378 2702 609 2740 commentat.
635 2711 742 2740 nostr.
769 2707 791 2740 1.
819 2717 847 2742 c.
874 2719 905 2750 p.
937 2707 986 2742 18.
1013 2718 1085 2749 sqq.
