1687 2969
379 200 621 240 GORGIAS.
651 201 694 238 P.
726 199 818 237 471.
851 199 942 236 472.
974 199 1033 237 ed.
1065 198 1120 236 St.
1345 199 1420 233 163

83 312 278 364 ὁμολογῶ
306 301 368 350 ὧν
394 309 448 350 σὺ
477 310 571 363 φῄς.
605 310 745 349 ΠΩΛ.
781 307 844 348 Οὐ
872 307 953 360 γὰρ
983 305 1160 353 ἐθέλεις·
1193 303 1280 345 ἐπεὶ
1308 304 1426 345 δοκεῖ

87 374 132 428 γέ
163 385 230 417 σοι
259 375 315 424 ῶς
345 374 426 429 ἐγὼ
456 373 574 428 λέγω.
632 376 728 414 ΣΩ.
751 365 806 413 ³52
834 373 1035 425 μακάριε,
1077 371 1309 425 ῥητορικῶς
1344 370 1426 423 γάρ

85 455 135 494 με
175 439 390 495 ἐπιχειρεῖς
430 438 632 493 ἐλέγχειν,
683 437 818 491 ὥςπερ
855 437 897 479 οἷ
937 436 982 478 έν
1019 440 1107 484 τοῖς
1147 435 1428 489 δικαστηρίοις

84 506 314 560 ἡγούμενοι
343 505 535 559 ἐλέγχειν.
576 504 646 546 καὶ
673 503 754 557 γὰρ
785 502 869 544 ἐκεῖ
906 503 947 543 οἱ
973 502 1105 554 ἕτεροι
1132 501 1232 550 τοὺς
1260 500 1428 553 ἑτέρους

86 572 289 613 δοκοῦσιν
326 569 530 625 ἐλέγχειν,
579 569 749 611 ἐπειδὰν
787 570 872 609 τῶν
910 568 1050 621 λόγων
1088 558 1149 607 ὧν
1187 566 1240 607 ἂν
1278 565 1428 619 λέγωσι

85 638 302 691 μάρτυρας
337 635 521 683 πολλοὺς
568 633 832 688 παρέχωνται
880 633 950 674 καὶ
1002 632 1274 685 εὐδοκίμους,
1321 632 1344 672 ὁ
1384 631 1426 672 δὲ

85 702 288 743 τάναντία
324 700 461 755 λέγων
502 699 577 742 ἕνα
614 700 708 741 τινὰ
747 697 974 752 παρέχηται
1019 697 1044 751 ἢ
1084 695 1255 750 μηδένα.
1302 691 1427 745 οὗτος

84 767 127 808 δὲ
168 767 191 808 ὁ
231 764 396 820 ἔλεγχος
435 764 611 814 οὐδενὸς
651 765 764 814 ἄξιός
807 764 890 805 ἐστι
931 764 1036 816 πρὸς
1084 763 1161 815 τὴν
1200 764 1424 816 ἀλήθειαν·

87 832 219 874 ἐνίοτε
247 832 328 885 γὰρ
368 831 422 873 ἂν
449 830 519 872 καὶ
558 829 1092 883 καταψευδομαρτυρηθείη
1127 844 1189 877 τις
1216 828 1300 869 ὑπὸ
1330 830 1427 868 πολ-

85 901 172 939 λῶν
199 897 269 939 καὶ
297 898 542 939 δοκούντων
570 892 679 937 εἶναι’
706 911 756 937 τι.
783 895 865 958 ,καὶ
896 902 977 936 νῦν
1004 894 1095 946 περὶ
1128 886 1189 934 ὧν
1218 893 1270 933 σὺ
1298 892 1430 946 λέγεις

85 964 233 1017 ὀλίγου
283 973 350 1005 σοι
394 963 548 1011 πάντες
600 963 873 1015 συμφήσουσι
912 960 1042 1001 ταύτὰ
1091 960 1321 1012 Ἀθηναῖοι
1360 958 1429 999 καὶ

85 1028 207 1079 ξένοι,
249 1027 323 1069 ἐὰν
362 1029 496 1082 βούλῃ
526 1028 613 1069 κατ’
644 1026 748 1080 ἐμοῦ
784 1027 1000 1080 μάρτυρας
1029 1023 1343 1078 παρασχέσθαι,
1374 1024 1430 1072 ὡς

85 1095 164 1136 οὐκ
201 1095 340 1148 ἀληθῆ
378 1092 507 1147 λέγω·
559 1092 878 1146 μαρτυρήσουσί
917 1103 1004 1140 σοι,
1056 1089 1130 1131 ἐὰν
1167 1089 1243 1143 μὲν
1280 1090 1429 1143 βούλῃ,

87 1160 241 1208 Νικίας
272 1159 295 1200 ὁ
325 1159 575 1212 Νικηράτου
613 1156 682 1199 καὶ
712 1157 754 1198 οἱ
780 1155 956 1210 αδελφοί
983 1157 1067 1210 μετ’
1097 1156 1257 1205 αὐτοῦ,
1302 1147 1364 1196 ὧν
1391 1154 1433 1196 οἱ

155 1283 199 1314 D.
238 1279 335 1314 ἄλλο
361 1294 394 1313 τι
420 1276 548 1315 οὗτός
574 1279 711 1324 ἐστιν]
738 1278 815 1312 ἄλλο
837 1293 864 1312 τι
889 1277 908 1322 ἢ
934 1274 1033 1311 οὗτος
1059 1280 1144 1311 Ven.
1166 1278 1205 1310 Σ.
1231 1278 1332 1310 Vind.
1351 1277 1382 1311 2.
1401 1277 1431 1310 7.

88 1328 163 1359 Par.
188 1327 228 1359 V.
263 1327 355 1359 Flor.
379 1327 412 1358 d.
439 1327 527 1369 Aug.
551 1327 691 1358 Meerm.

152 1373 190 1404 P.
214 1370 290 1404 472.
315 1370 473 1405 πάντες
501 1369 798 1415 συμφήσουσι]
829 1368 1102 1412 συμφωνήσουσι
1127 1370 1211 1401 Ven.
1233 1369 1311 1401 ΞΣ.
1330 1368 1431 1400 vind.

93 1417 124 1450 2.
160 1416 190 1450 7.
222 1418 299 1450 Par.
333 1418 375 1449 V.
406 1416 503 1449 Bodl.
535 1419 624 1460 Aug.
659 1417 798 1448 Meerm.
844 1417 935 1448 Dein
974 1426 1034 1457 pro
1064 1415 1156 1457 vulg.
1199 1418 1310 1452 ταῦτα,
1343 1414 1433 1455 quod

88 1463 238 1495 servavit
260 1463 388 1503 Herm„
413 1473 430 1494 e
453 1463 543 1494 Flor.
569 1473 594 1494 s.
621 1462 699 1494 dedi
724 1459 842 1499 ταῦτα’,
868 1466 904 1493 ut
929 1461 1084 1492 voluerat
1108 1461 1293 1492 Heusdius.
1340 1460 1434 1491 Idem

87 1509 173 1541 liber
204 1508 283 1540 dein
314 1508 369 1540 καὶ
403 1507 512 1548 ξένοι,
546 1508 672 1540 omisso
697 1507 862 1547 articulo,
887 1506 921 1538 οἱ
944 1506 1048 1549 vulgo
1075 1510 1152 1538 ante
1179 1506 1271 1546 ξένοι
1294 1506 1433 1537 inserto.

158 1551 235 1584 ἐὰν
258 1551 394 1595 βούλῃ
420 1550 500 1584 κατ’
528 1552 644 1596 ἐμοῦ]
678 1552 783 1584 Editt.
809 1562 925 1583 omnes
951 1551 1005 1583 καὶ
1032 1550 1095 1583 ἐὰν
1120 1550 1238 1593 βούλῃ.
1289 1550 1354 1583 Sed
1379 1551 1432 1582 καὶ

89 1598 185 1630 codd.
211 1609 328 1631 omnes
359 1599 519 1640 ignorant
542 1602 675 1641 praeter
699 1609 766 1630 rec.
790 1599 866 1630 Par.
891 1598 930 1629 Ε.
955 1598 1045 1629 Flor.
1070 1608 1098 1629 c.
1124 1598 1146 1629 f.
1172 1608 1214 1637 s.,
1246 1607 1308 1628 nec
1332 1596 1435 1629 babet

89 1644 167 1676 Bas.
192 1642 222 1678 2.

133 1756 173 1788 Ε.
220 1749 350 1789 οὗτος
376 1754 421 1787 δὲ
445 1752 463 1786 o‘
490 1755 728 1798 ἕλεγχος-
845 1753 1003 1787 Νικίας
1073 1752 1089 1786 ὁ

1163 1752 1433 1796 Νικηράτου]

93 1799 278 1844 ἀλήθεια
291 1800 326 1843 ν]
353 1800 507 1833 Socrates
528 1801 564 1831 in
579 1800 729 1832 Lachete

799 1800 1082 1839 „Atheniensium
1106 1799 1175 1831 dux
1197 1800 1353 1842 insignis,
1378 1801 1436 1841 qui

90 1858 122 1888 p.
148 1844 224 1878 184.
242 1847 290 1878 E:
316 1844 480 1888 ἐπιστήμη
505 1844 583 1888 γάρ,
608 1846 728 1887 inquit,

92 1892 146 1923 δεῖ
160 1892 357 1932 κρίνεσθαι,
382 1889 448 1923 ἀλλ’
467 1889 509 1923 οὐ
532 1889 665 1933 πλήθει,
694 1889 727 1922 τὸ

91 1935 209 1976 μέλλον
235 1938 343 1970 καλῶς
368 1937 564 1978 κρίνεσθαι.
606 1936 728 1968 Paullo

90 1986 168 2014 ante
201 1981 262 2013 ἕνα
294 1979 314 2025 ἢ
343 1980 474 2024 μηδένα
499 1985 566 2014 est:
597 1993 728 2024 prope

90 2027 276 2066 nullum,
299 2033 407 2067 809201}
430 2027 481 2058 als
504 2027 644 2059 beinahe
664 2038 730 2069 yar

92 2072 220 2104 keinen.
260 2072 317 2104 Sic
342 2071 362 2114 ἢ
385 2083 432 2105 τις
458 2070 478 2115 ἣ
502 2070 617 2106 οὐδείς
641 2073 730 2114 Apo-

90 2117 158 2159 log.
184 2117 275 2149 Socr.
301 2128 333 2158 p.
362 2116 415 2148 17.
437 2117 486 2157 B„
510 2117 570 2149 ubi
594 2129 626 2149 v.
652 2129 731 2149 ann.

94 2163 234 2204 Proprie
271 2162 456 2204 significat:
498 2173 623 2194 unum
659 2168 730 2195 aut

95 2208 197 2240 adeo
221 2207 404 2239 nullum.

159 2254 198 2284 P.
229 2251 304 2285 472.
362 2250 436 2284 ἐὰν
471 2250 607 2294 βούλῃ
648 2250 729 2283 κατ’

94 2296 198 2336 ἐμοῦ
221 2308 252 2336 μ.
273 2296 319 2340 π.]
344 2298 579 2339 Exspectabas
604 2308 730 2338 μαρτυ-

96 2341 250 2385 ρήσουσί
273 2353 325 2374 σοι
347 2340 412 2386 γὰρ
439 2355 467 2374 κ.
494 2355 518 2374 τ.
541 2343 567 2374 λ.
592 2342 658 2374 Sed
681 2343 734 2373 in-

93 2389 248 2420 serviunt
271 2388 356 2420 haec
380 2388 593 2420 illustrandis
618 2387 732 2419 verbis

92 2433 374 2475 praecedentibus
420 2433 564 2475 ideoque
616 2433 730 2465 addita

93 2483 175 2510 sunt
220 2475 441 2511 dovvfis'zws:
488 2478 578 2520 quod
624 2489 733 2521 genus

93 2523 257 2565 loquendi
288 2523 357 2555 dici
388 2534 457 2555 non
491 2527 602 2566 potest
632 2534 733 2565 quam

93 2568 161 2600 late
185 2572 310 2610 pateat.
369 2569 489 2610 Itaque
514 2569 603 2611 quod
628 2569 732 2611 vulgo

93 2613 221 2645 editum
244 2618 316 2645 erat
340 2614 409 2644 καὶ
436 2612 499 2645 ἐὰν
524 2611 629 2656 βούλῃ
644 2639 653 2653 ,
679 2625 734 2646 co-

93 2659 206 2690 dicum
247 2659 447 2691 auctoritate
491 2664 623 2691 mutare
665 2671 733 2691 non

94 2703 336 2736 dubitavimus.
368 2704 653 2746 Distinguebatur
677 2715 734 2736 au—

93 2753 161 2782 tem
192 2749 295 2792 vulgo
337 2753 501 2782 commate
531 2755 608 2792 post
638 2749 733 2793 λέγω.

798 1847 831 1876 in
867 1846 999 1877 infelici
1037 1845 1098 1877 illa
1129 1850 1249 1877 contra
1283 1845 1435 1876 Siciliam

799 1891 1032 1932 expeditione,
1067 1902 1086 1922 a
1111 1891 1211 1922 Nicia
1236 1892 1309 1932 ipso
1336 1894 1436 1931 atque

799 1937 955 1976 Socrate,
990 1941 1027 1967 ut
1058 1936 1160 1968 refert
1189 1937 1224 1967 in
1256 1935 1437 1968 Alcibiade

799 1981 1022 2014 Plutarch.
1054 1992 1084 2023 p.
1121 1980 1194 2013 199.
1226 1982 1284 2021 Ε.,
1314 1983 1437 2023 impro-

799 2026 897 2065 bata,
929 2027 1084 2068 captivus
1115 2027 1235 2058 ductus
1266 2037 1285 2058 a
1311 2026 1438 2058 Siculis

800 2073 932 2104 occisus
971 2076 1031 2103 est.
1070 2083 1100 2102 v.
1141 2072 1362 2103 Plutarch.
1402 2072 1436 2102 in

800 2118 896 2149 Nicia
920 2128 951 2159 p.
971 2116 1047 2149 542.
1074 2118 1112 2148 A.
1140 2121 1173 2149 et
1197 2116 1436 2158 Thucydid.

800 2163 874 2194 VII.
901 2172 929 2194 c.
954 2161 1028 2194 863³
1051 2162 1225 2194 ROUTH.
1249 2180 1293 2185 —
1317 2162 1437 2194 Niciae

800 2218 957 2240 caussam
981 2207 1144 2239 adversus
1164 2207 1342 2240 Platonem
1368 2208 1439 2250 agit

801 2252 1032 2284 Aristides
1069 2253 1162 2285 Orat.
1201 2252 1287 2284 Plat.
1322 2253 1366 2284 II.
1406 2264 1437 2295 p.

800 2296 865 2329 277
891 2308 982 2338 seqq.
1025 2298 1101 2330 Non
1127 2297 1302 2340 indigebat
1325 2303 1438 2330 tamen

801 2343 860 2374 ille
884 2343 945 2374 tali
963 2342 1148 2375 defensore.
1174 2344 1261 2375 Nam
1282 2344 1439 2376 consulto

802 2388 901 2420 Plato
940 2389 1130 2420 nominavit
1172 2389 1265 2420 viros
1304 2389 1439 2431 probos,

801 2433 979 2473 honestos,
1009 2434 1084 2475 pios
1128 2439 1186 2466 aut
1222 2438 1309 2466 certe
1332 2435 1368 2466 in
1393 2435 1440 2466 ci-

802 2480 907 2510 vitate
932 2478 1054 2517 claros,
1078 2480 1202 2522 quippe
1227 2491 1369 2521 quorum
1393 2484 1438 2511 te—

802 2524 997 2556 stimonium
1045 2524 1153 2556 videri
1207 2525 1353 2557 debebat
1404 2526 1439 2556 iu

802 2569 875 2613 hac-
890 2579 1010 2600 caussa
1033 2571 1282 2611 gravissimum.

848 2614 906 2645 ὠν
931 2614 971 2645 οἰ
998 2614 1216 2657 τρίποδες]
1253 2614 1440 2656 „Tripodes

803 2660 859 2690 isti
881 2663 950 2690 tam
976 2670 995 2691 a
1018 2660 1179 2692 fratribus
1196 2660 1315 2692 Niciae
1340 2671 1441 2701 quam

804 2715 823 2735 a
858 2704 959 2736 Nicia
990 2705 1062 2746 ipso
1106 2706 1208 2747 positi
1240 2706 1345 2737 fuisse
1378 2705 1442 2736 hoc

804 2749 929 2791 templo
961 2749 1136 2790 dicuntur3
1170 2750 1228 2782 sed
1258 2750 1298 2782 de
1322 2750 1442 2782 Niciae

1106 2815 1176 2848 11²¹<

1452 304 1490 346 E

1456 769 1538 810 472
