1687 2969
777 153 818 157 *—
890 134 1007 172 GXXX
1079 154 1121 159 —

278 264 332 292 ne
361 247 572 304 prolixior
595 247 752 290 evadat
779 247 1047 302 disputatio,
1094 263 1222 300 quam
1249 247 1503 290 brevissime
1534 261 1621 288 non

279 313 368 348 tam
397 304 692 346 demonstrare
723 319 851 358 quam
883 303 1110 346 ostendere
1143 304 1407 346 conabimur.

392 361 454 403 Et
491 360 777 402 elocutionem
810 360 986 414 quidem
1016 360 1162 414 operis
1194 360 1277 402 iam
1324 368 1494 402 veteres
1537 359 1622 400 eri-

280 419 359 461 tici
421 424 642 471 tamquam
687 417 950 472 singularem
1005 422 1213 458 notarunt
1266 417 1334 458 vel
1374 417 1503 458 etiam
1555 431 1622 456 re-

282 473 607 530 prehenderunt
645 480 695 514 ut
737 489 761 514 a
800 488 932 527 prosa
973 473 1168 514 oratione
1219 473 1483 515 alieniorem.
1552 472 1624 514 Ita

280 532 570 574 Aristoxenus
612 530 732 584 apud
770 530 1010 585 Diogen.
1051 529 1105 571 L.
1146 530 1227 571 ΙΙΙ.
1259 530 1325 571 25.
1358 536 1402 571 et
1432 530 1498 570 38.
1546 531 1624 570 rou

281 586 447 642 τρόπον
480 590 554 638 τῆς
586 588 763 644 γραφῆς
793 586 899 628 ὅλον
930 586 986 635 ὡς
1018 586 1239 641 φορτικόν
1267 586 1451 628 notavit.
1481 586 1622 627 Porro

281 645 511 699 Dionys,
556 643 674 686 Hal.
705 644 750 684 in
779 641 923 698 Epist.
966 642 1022 684 ad
1051 643 1206 698 Pomp.
1240 659 1282 699 p.
1314 644 1408 685 762.
1440 657 1538 696 sqq.
1569 642 1624 685 T.

283 701 365 744 VI.
406 700 472 744 ed.
509 699 658 742 Reisk.
696 706 741 741 et
779 698 832 741 de
870 700 914 740 vi
953 699 1191 741 admirand.
1260 698 1546 742 Demosthen.
1579 714 1622 754 p.

283 759 379 800 969.
440 771 537 811 sqq.
596 771 772 812 gravem
852 756 897 798 in
961 755 1162 798 Phaedro
1231 756 1436 798 dictionis
1494 771 1624 811 urpa—

281 821 351 856 tae
411 828 639 854 censuram
694 813 903 854 instituit.
1023 812 1322 867 Reprehendit
1380 813 1493 854 enim
1562 811 1625 854 ibi

286 869 619 926 philosophum,
662 868 782 922 quod
810 869 856 909 in
885 868 968 910 hoc
997 869 1107 910 libro
1138 870 1297 911 nimius
1328 869 1461 910 fuerit
1489 868 1624 910 subli—

282 926 447 969 mitatis
467 932 599 979 atque
624 924 885 981 granditatis
906 925 1132 967 affectator
1152 925 1340 979 ideoque
1363 926 1406 966 in
1428 925 1626 979 ineptum

286 990 502 1025 tumorem
519 997 567 1023 ae
585 983 747 1024 fastum
765 982 1011 1035 incurrerit,
1031 997 1117 1036 quo
1139 983 1310 1024 nomine
1331 982 1417 1037 ipsi
1443 988 1626 1038 ψοφυυς

283 1042 358 1082 καὶ
412 1038 729 1093 &carpentium
778 1044 847 1080 καὶ
899 1038 1069 1093 κόμπον
1124 1038 1362 1092 ὀνομάτων
1401 1036 1538 1080 πολὺν
1580 1043 1626 1080 ct

283 1095 536 1152 Gorgianae
581 1095 792 1137 orationis
832 1102 1055 1152 turgorem
1084 1096 1218 1137 vertit
1249 1095 1511 1150 opprobri03
1544 1094 1623 1136 im-

284 1153 437 1208 primis
482 1158 627 1193 autem
667 1167 764 1193 eum
802 1153 1047 1207 vituperat,
1093 1151 1211 1206 quod
1251 1152 1416 1194 relictis
1448 1152 1625 1206 saepius

284 1224 441 1265 prosae
465 1208 677 1250 orationis
698 1208 857 1250 finibus
876 1214 1034 1250 temere
1057 1208 1111 1249 ad
1134 1209 1365 1260 ποιητικήν
1391 1208 1626 1263 ἀπειροκα-

284 1270 408 1316 λίαν,
441 1280 572 1319 quam
607 1271 762 1318 vocat,
795 1264 1164 1321 transgrediatur,
1206 1271 1256 1307 ut
1285 1281 1417 1319 quum
1448 1280 1492 1320 p.
1527 1266 1623 1307 237.

282 1324 340 1365 A.
380 1328 560 1377 repente
601 1322 753 1364 Musas
801 1322 846 1362 in
893 1337 938 1362 re
978 1322 1147 1378 vulgari
1186 1323 1388 1377 precibus
1425 1321 1623 1371 invocet3

284 1396 327 1434 p.
359 1380 455 1421 238.
487 1376 536 1420 C.
577 1378 734 1420 amoris
771 1379 858 1419 vim
895 1384 1179 1432 naturamque
1210 1379 1411 1421 inanibus
1442 1377 1625 1434 argutiis

284 1436 466 1479 definiat
503 1450 584 1477 nec
622 1435 714 1476 sine
752 1435 921 1490 magnis
963 1435 1193 1477 verborum
1231 1435 1453 1490 ampullis3
1493 1441 1625 1489 atque

284 1509 328 1549 p.
361 1494 456 1535 266.
495 1491 547 1534 Ε.
593 1507 688 1545 sqq.
734 1492 815 1532 iter
853 1491 1033 1532 deorum
1070 1498 1202 1546 atque
1253 1492 1494 1533 animorum
1547 1506 1626 1546 per

286 1550 396 1592 coeli
459 1549 598 1604 spatia
654 1549 902 1590 institutum
974 1549 1320 1604 magnificentius
1390 1547 1623 1590 describat.

287 1606 523 1647 Enimvero
540 1605 585 1646 in
602 1604 670 1646 his
703 1605 901 1646 omnibus
917 1604 1159 1661 Dionysius
1174 1605 1381 1660 exemplis
1402 1604 1585 1646 maxime
1601 1619 1624 1645 c

286 1661 489 1704 Phaedro
503 1662 700 1717 repetitis
716 1660 761 1702 id
777 1661 881 1717 agit,
898 1673 947 1702 ut
964 1662 1189 1703 Platonem
1206 1677 1230 1702 a
1245 1661 1540 1703 Demosthene
1557 1660 1623 1702 di-

286 1718 413 1761 cendi
429 1717 556 1759 laude
574 1724 825 1773 superatum
851 1732 946 1760 esse
965 1717 1134 1772 doceat,
1167 1718 1295 1759 sicuti
1325 1734 1377 1759 ex
1407 1718 1550 1760 verbis
1580 1733 1623 1772 p.

290 1777 412 1817 1000.
442 1791 484 1831 p.
516 1775 639 1817 1026.
672 1779 714 1816 et
743 1790 786 1829 p.
821 1776 943 1816 1058.
980 1774 1047 1816 ed.
1078 1775 1228 1816 Reisk.
1270 1774 1523 1829 perscriptis
1561 1774 1624 1814 fa-

281 1833 365 1875 cile
413 1831 685 1885 intelligitur.
761 1831 854 1873 Iam
902 1846 1004 1872 vero
1054 1831 1153 1872 huic
1202 1831 1407 1887 Dionysii
1459 1829 1622 1872 iudicio

285 1888 478 1944 proxime
510 1884 774 1943 subiungere
798 1887 941 1941 placet
970 1888 1227 1929 sententiam
1253 1885 1446 1940 Caecilii,
1478 1886 1624 1928 rheto-

283 1946 343 1988 ris
364 1943 515 1997 Siculi,
550 1944 623 1997 qui
654 1944 736 1985 fuit
764 1943 893 1985 homo
924 1944 967 1984 in
998 1952 1088 1985 arte
1119 1959 1199 1985 sua
1228 1943 1461 1986 admodum
1481 1943 1623 1985 clarus

285 2018 336 2044 ac
374 2000 581 2056 Dionysii
634 2000 868 2041 familiaris.
935 2000 980 2042 Is
1024 2000 1137 2041 enim
1176 2006 1287 2042 teste
1328 2003 1514 2055 Longino
1553 2000 1622 2042 De

284 2057 563 2101 sublimitate
594 2071 630 2098 c.
664 2058 730 2098 29.
762 2065 803 2097 et
833 2071 870 2098 c.
902 2058 984 2110 32.⁹
1017 2057 1196 2098 crimine
1225 2057 1408 2098 tumoris
1447 2057 1492 2098 in
1522 2057 1645 2098 Pla-=

283 2122 431 2157 tonem
489 2113 711 2167 coniecto,
751 2112 931 2169 Lysiam
983 2112 1277 2155 demonstrare
1323 2119 1506 2156 conatus
1555 2119 1623 2154 est

283 2172 469 2214 Platone
514 2169 648 2211 multo
693 2185 790 2212 esse
830 2175 873 2211 et
902 2170 1196 2212 venustiorem
1226 2176 1269 2211 et
1297 2170 1621 2225 elegantiorem,

284 2235 334 2270 ut
373 2226 511 2270 simile
553 2225 760 2280 quiddam
799 2226 939 2282 egisse
970 2225 1228 2268 iudicandus
1261 2227 1318 2268 sit
1350 2232 1482 2280 atque
1512 2225 1623 2267 Dio-

283 2285 448 2341 nysius,
481 2283 555 2337 qui
577 2282 914 2325 Demosthenem
933 2283 1104 2324 censuit
1121 2282 1297 2324 Platoni
1327 2297 1423 2324 esse
1441 2288 1623 2337 antepo-

283 2341 484 2382 nendum.
544 2339 597 2380 In
628 2355 714 2394 quo
745 2339 865 2381 illum
895 2339 1125 2394 verisimile
1156 2345 1224 2381 est
1253 2339 1356 2381 item
1375 2338 1623 2381 Phaedrum

282 2396 492 2452 imprimis
524 2394 745 2452 dialogum
777 2396 832 2438 ob
866 2396 1016 2438 oculos
1046 2395 1276 2450 habuisse,
1306 2403 1357 2437 ut
1385 2397 1430 2438 in
1460 2409 1547 2450 quo
1578 2401 1623 2436 et

281 2454 442 2511 Lysias
468 2451 775 2508 aphilosopho
805 2458 977 2494 taxatur
1005 2452 1202 2494 acerbius
1233 2462 1278 2494 et
1309 2453 1417 2495 bene
1446 2450 1621 2493 dicendi

281 2515 513 2565 praecepta
551 2523 603 2549 ex
643 2509 949 2565 philosophiae
986 2524 1103 2564 penu
1145 2507 1373 2564 depromta
1411 2524 1498 2554 non
1528 2507 1620 2549 sine

281 2566 504 2608 rhetorum
550 2564 750 2607 irrisione
798 2571 1113 2622 proponuntur.
1193 2565 1486 2619 Quamobrem
1532 2563 1619 2617 ille,

282 2637 543 2677 quamquam
573 2621 736 2678 Lysiae
776 2622 1047 2678 potissimum
1087 2621 1297 2665 vindicias
1329 2623 1468 2679 egisse
1498 2619 1619 2662 vide-

281 2686 367 2733 tur,
396 2686 539 2722 tamen
570 2684 612 2720 et
643 2677 696 2721 de
716 2694 880 2723 summa
908 2694 954 2723 re
984 2694 1080 2722 cum
1100 2679 1319 2736 Dionysio
1349 2677 1620 2723 consensisse
