1687 2969
89 310 170 351 516

203 203 224 236 3
231 203 252 236 O
259 202 280 235 8
749 196 1008 235 PLATONIS

201 305 342 359 ἐπειδὴ
381 304 426 346 δὲ
453 304 575 346 καλοὶ
602 303 790 357 κάγαθοὶ
820 303 1072 358 ἐγεγόνεσαν
1099 299 1168 344 ὐπ’
1198 298 1354 352 αὐτοῦ,
1393 301 1460 343 ἐπὶ
1486 316 1546 343 τε-

200 375 324 424 λευτῇ
353 377 430 411 τοῦ
460 370 559 423 βίου
586 374 665 411 τοῦ
697 368 976 421 Πεοικλέους
1016 367 1180 421 κλοπὴν
1209 364 1343 408 αυτοῦ
1371 374 1548 421 κατεψη-

202 437 397 490 φίσαντο.
428 435 576 489 ὀλίγου
602 434 646 476 δὲ
673 435 744 477 καὶ
773 437 970 476 θανάτου
1000 433 1209 487 ἐτίμησαν7
1239 433 1371 486 δῆλον
1401 429 1465 473 ὅτι
1493 433 1549 480 ὠς

201 508 395 554 πονηοοὺ
424 503 559 547 ὄντος.

289 567 395 624 Cap.
425 566 615 609 LXXII.
677 566 812 605 ΚΑΛ.
862 563 912 603 Τί
942 559 1045 611 οὗν;
1086 563 1243 603 τούτου
1270 560 1393 603 ἕνεκα
1421 561 1550 610 κακὸς

201 629 256 686 ’ἧν
281 635 510 685 Περικλῆς,·
541 633 642 672 ΣΩ.
660 627 813 671 ’Ὸνων
836 637 944 683 γοῦν
965 630 1018 670 ἂν
1043 627 1287 682 ἐπιμελητὴς
1312 628 1382 670 καὶ
1408 630 1550 670 ἵππων

201 698 273 738 καὶ
313 699 429 749 βοῶν
467 704 659 744 τοιοῦτος
695 695 756 737 ὢν
784 697 913 743 κακὸς
941 695 995 735 ἂν
1025 693 1158 735 ἐδόκει
1187 691 1314 741 εἶναι,
1354 695 1389 735 εἰ
1419 709 1550 747 παρα-

202 763 347 816 λαβὼν
386 762 442 816 μὴ
483 764 753 812 λακτίζοντας
791 759 893 813 μηδὲ
929 760 1205 813 κυρίττοντας
1240 757 1343 812 μηδὲ
1373 759 1550 800 δάκνον-

203 843 275 875 τας
322 827 506 877 ἀπέδειξε
553 831 687 867 ταῦτα
737 825 905 865 ἅπαντα
951 827 1182 872 ποιοῦντας
1221 819 1269 865 δι’
1310 824 1549 878 ἀγριότητα.

207 889 233 945 ἢ
258 889 311 933 οὐ
335 894 453 934 ὁοκεῖ
479 903 546 932 σοι
575 891 704 938 κακὸς
734 886 843 930 εἶναι
872 888 1118 944 ἐπιμελητὴς
1146 889 1337 937 ὁςτιςοῦν
1366 889 1552 930 ὁτουοῦν

204 954 330 1008 ζώου.
371 959 417 1005 ὃς
447 957 500 997 ἂν
528 956 790 1008 παραλαβὼν
817 952 1062 1008 ἡμερώτερα
1090 954 1287 1007 ἀποδείξῃ
1317 950 1552 1006 ἀγριώτερα

206 1019 231 1076 ἦ
258 1021 489 1075 παρέλαβες
529 1026 674 1067 Δοκεῖ,
705 1018 732 1072 ἢ
760 1024 835 1069 οὔ;
884 1022 1012 1060 ΚΑΛ.
1044 1021 1171 1060 Πάνυ
1201 1033 1258 1072 γε,
1290 1019 1360 1059 ἴνα
1389 1030 1455 1059 σοι
1482 1035 1551 1072 χα-

204 1089 396 1141 ρίσωμαι.
453 1089 549 1127 ΣΩ.
596 1086 682 1127 Καὶ
720 1087 813 1127 τόδε
850 1086 1000 1126 τοίνυν
1028 1101 1100 1138 μοι
1129 1085 1296 1138 χᾴρισαι
1324 1084 1552 1136 ἀποκρινοί-

273 1207 461 1252 κᾰγαθοὶ
496 1206 779 1251 ἐγεγόνεσαν]
820 1208 909 1241 Vett.
942 1206 1034 1238 editt.
1068 1205 1300 1249 ἐγεγόνεισαν.
1333 1207 1422 1249 Aug.
1453 1205 1552 1249 γεγό-

203 1266 331 1287 1εισα1
379 1255 419 1285 In
445 1254 560 1286 Clark.
585 1255 662 1285 Vat.
687 1254 792 1285 Coisl.
823 1253 902 1285 aliis
934 1263 1003 1284 non
1035 1254 1156 1293 paucis
1180 1252 1404 1294 perscriptum
1428 1252 1554 1294 legitur

205 1299 422 1343 ἐγεγόιεσαι.
467 1300 553 1331 Ven.
586 1299 624 1330 Σ.
663 1299 764 1330 Vind.
789 1298 819 1330 2.
846 1297 875 1329 7.
909 1298 985 1329 Par.
1011 1298 1077 1329 IV.
1108 1297 1198 1329 Flor.
1223 1297 1256 1328 b.
1288 1298 1430 1328 Meerm.
1455 1296 1552 1339 γεγό-

206 1356 324 1381 πεσαι,
356 1344 445 1386 quod
480 1349 569 1376 certe
600 1355 669 1375 non
703 1348 754 1375 est
785 1343 1080 1375 contemnendum.
1128 1343 1181 1374 De
1206 1343 1332 1374 omisso
1356 1342 1553 1384 plusquam-

203 1391 344 1432 perfecti
362 1395 545 1432 augmento
571 1400 640 1420 non
665 1394 716 1420 est
740 1399 801 1420 eur
825 1398 1047 1429 exponamus.
1096 1388 1147 1419 De
1172 1388 1414 1419 terminatione
1438 1392 1551 1419 autem

203 1435 530 1477 plusquamperfecti
555 1435 588 1465 in
615 1444 700 1465 εσαι
724 1444 755 1465 v.
780 1434 930 1465 Fischer.
957 1433 998 1464 ad
1023 1432 1164 1464 Weller
1184 1433 1226 1464 ΙΙ.
1244 1443 1276 1474 p.
1291 1431 1367 1465 373.
1399 1432 1552 1466 Lobeck.

204 1481 246 1512 ad
271 1480 457 1522 Phrynich.
469 1491 514 1535 p.
540 1478 605 1511 149
630 1490 698 1520 seq

271 1527 308 1556 P.
334 1525 410 1557 516.
459 1524 531 1556 ἐπὶ
565 1526 733 1555 τελειτν
766 1526 838 1554 τοῦ
863 1522 988 1564 βίον]
1021 1523 1096 1554 Par.
1122 1523 1148 1554 I.
1175 1521 1231 1554 ἐπὶ
1258 1525 1294 1564 τῇ
1320 1524 1464 1565 τελευτῇ.

204 1570 321 1613 steph.
346 1570 503 1612 exemplo
530 1573 589 1601 τοῦ
614 1570 786 1602 omissum.

1512 1523 1551 1554 In

249 1693 287 1726 P.
304 1692 380 1726 516.
406 1691 568 1735 κλοπὴν
588 1689 722 1723 αὐτοῦ
742 1690 844 1733 nan]

206 1738 332 1770 Narrat
367 1738 585 1770 Diodorus
618 1738 696 1768 XII.
732 1748 759 1768 c.
791 1735 845 1768 38.

960 1691 1043 1744 Cap.
1058 1691 1201 1722 LXXII.
1234 1687 1436 1731 ἀπέδειξε
1462 1694 1552 1722 ταῦ-

916 1747 960 1767 τα
992 1735 1055 1768 ἅπ.
1087 1735 1140 1778 π.]
1179 1736 1217 1767 si
1241 1755 1284 1760 —
1308 1746 1376 1768 eos
1409 1735 1553 1768 redde-

206 1794 237 1824 p.
262 1782 338 1815 306.
363 1784 420 1823 B.‚
449 1783 586 1825 Ephoro
611 1787 760 1822 auctore,
785 1782 846 1813 Pe-

206 1828 325 1860 riclem
380 1829 420 1860 de
475 1829 645 1860 sociorum
698 1827 847 1869 pecunia

207 1884 366 1915 magnam
404 1879 533 1915 partem
572 1874 607 1903 in
643 1884 714 1904 rem
749 1883 845 1904 suam

205 1920 349 1950 vertisse
373 1929 424 1958 ac,
452 1929 495 1949 ne
519 1918 683 1950 rationem
707 1917 845 1949 reddere

207 1968 393 2006 cogeretur,
418 1961 548 1995 bellum
565 1963 759 1995 concitasse
785 1963 846 1993 Pe-

206 2009 498 2050 loponnesiacum.
519 2009 609 2040 conf.
624 2007 844 2039 Plutarch.

206 2054 273 2085 Vit.
309 2054 431 2086 Periel.
461 2052 515 2085 31.
553 2064 585 2095 p.
618 2052 692 2085 169.
750 2052 845 2084 Idem

205 2100 389 2130 memoriae
447 2098 586 2130 tradidit
642 2102 842 2129 accusatum

206 2154 283 2175 enm
301 2154 374 2175 esse
393 2150 581 2185 propterea,
607 2143 697 2184 quod
714 2150 844 2184 partem

205 2189 300 2220 illius
323 2189 505 2230 pecuniae,
538 2199 579 2220 ex
611 2199 677 2229 qua
703 2188 845 2219 Phidias

206 2235 383 2266 Minervae
408 2239 554 2265 statuam
580 2234 784 2272 vestivisset‚
809 2234 844 2264 in

206 2280 358 2320 privatos
389 2289 472 2310 usus
504 2279 737 2310 convertisset.
776 2278 843 2309 vid.

207 2324 386 2355 Diodor.
411 2324 433 2357 1.
458 2334 486 2355 c.
519 2323 745 2355 Plutarch.
769 2324 790 2355 l.
816 2333 842 2354 c.

206 2369 369 2400 Defendit
408 2368 574 2400 Periclem
621 2368 843 2400 Aristides

207 2413 384 2445 Commun.
408 2413 554 2455 Apolog.
579 2414 618 2446 T.
646 2414 688 2444 II.
712 2424 744 2454 p.
766 2412 844 2445 244.

206 2459 258 2490 ed.
290 2458 383 2490 Iebb.
415 2468 558 2489 narrans
592 2469 669 2489 eum
700 2459 844 2500 pecunia

205 2508 338 2535 tantum
385 2503 565 2534 multatum
616 2514 689 2535 esse
742 2508 843 2544 atque

205 2552 282 2590 post
313 2548 490 2589 peculatus
522 2547 775 2579 damnationem
807 2549 842 2579 in

204 2593 350 2634 gratiam
374 2602 452 2624 cum
476 2593 745 2624 Atheniensibus
770 2593 843 2624 red-

204 2639 295 2669 iisse.
339 2639 391 2669 De
417 2638 557 2669 Periclis
587 2639 782 2679 integritate
811 2649 842 2670 v.

206 2683 456 2724 Thueyd.11‚
473 2682 525 2715 56.
540 2682 593 2715 65.
619 2683 841 2717 Plutarch.

203 2727 271 2762 Vit.
297 2728 419 2760 Pericl.
442 2739 471 2760 c.
495 2726 549 2760 35.
573 2726 627 2760 37.

915 1786 978 1812 ret
1023 1782 1131 1813 haec
1179 1781 1323 1813 omnia
1364 1787 1553 1823 propter

915 1827 1137 1858 feritatem
1167 1826 1403 1858 facientes.
1451 1825 1551 1858 ’Ano-

916 1869 1093 1903 δεικνύναι
1137 1873 1272 1913 proprie
1319 1876 1370 1903 est
1420 1872 1552 1903 mani-

915 1917 1074 1948 festum
1109 1916 1307 1956 reddere,
1343 1916 1465 1947 deinde
1490 1927 1552 1948 ex-

915 1961 1084 2001 hibere,
1115 1961 1314 2001 reddere,
1348 1963 1397 1993 ita
1425 1967 1555 2001 tamen,

914 2012 952 2037 ut
966 2007 1127 2047 primaria
1142 2006 1343 2038 ostendendi
1364 2008 1458 2039 notio
1483 2018 1552 2038 non

914 2062 1051 2092 prorsus
1105 2051 1293 2084 aboleatur.
1360 2052 1551 2093 Xenoph.

915 2096 1038 2138 Cyrop.
1056 2097 1081 2135 I,
1097 2095 1128 2136 2,
1144 2096 1183 2129 5:
1209 2097 1332 2130 παῖδας
1353 2097 1551 2138 βελτιστους

913 2121 1174 2178 ἀποδεικιᾍυαι,
1209 2142 1299 2183 quod
1330 2141 1448 2183 paullo
1475 2146 1553 2183 post

915 2187 1040 2218 dicitur
1071 2186 1230 2228 παοέχευ
1261 2185 1299 2218 τὰ
1332 2186 1453 2218 δέοντα
1478 2198 1551 2217 ποι-

915 2230 1433 2271 0131·ms.1bid.11,1‚23.et
1456 2232 1550 2271 VIII,

916 2276 953 2316 1,
984 2276 1037 2308 ὃὸ.
1075 2281 1286 2318 permutatur
1320 2286 1398 2308 cum
1438 2277 1551 2308 verbis

914 2321 1193 2363 παιτ1ασκειιίζει1
1222 2326 1254 2353 et
1277 2333 1344 2352 ατε
1350 2320 1549 2363 1γαδεσθαι

913 2368 1053 2398 Memor.
1078 2368 1105 2407 Ι,
1129 2366 1160 2406 6,
1184 2365 1223 2398 3:
1252 2365 1392 2407 ιιιιιηῑὰι
1417 2366 1550 2398 ἑαυτων

913 2409 1104 2443 a’nossecm'
1075 2424 1146 2443 υο(
1152 2422 1216 2442 σιπ.
1248 2412 1330 2443 Mox
1345 2412 1447 2443 etiam
1466 2409 1550 2443 ἀτο-

914 2460 1056 2497 φαίνειν
1079 2457 1127 2488 sic
1151 2457 1285 2487 dicitur.

956 2503 993 2533 B.
1066 2502 1134 2532 ἵνα
1178 2511 1242 2532 σοι
1285 2500 1548 2543 χαρίσωμαι]

913 2547 1023 2588 Supra
1048 2557 1080 2587 p.
1105 2545 1181 2579 514.
1208 2547 1255 2577 A:
1296 2544 1396 2577 Πάνυ
1428 2557 1484 2588 γε,
1518 2547 1567 2587 εἴ,

914 2602 967 2622 σοι
997 2589 1106 2633 ἥδιον.
1155 2590 1306 2622 Verbum
1333 2592 1549 2631 χαρίζεσθαι,

911 2636 976 2668 hoc
995 2637 1031 2667 in
1046 2646 1170 2678 genere
1187 2636 1347 2678 frequens
1367 2636 1456 2677 apud
1473 2636 1549 2667 Pla-

911 2687 1041 2720 tonem,
1075 2681 1172 2712 docte
1201 2681 1390 2713 illustravit
1412 2681 1549 2712 Ruhn-

911 2727 1001 2758 ken.
1026 2725 1069 2757 ad
1094 2727 1180 2758 Tim.
1205 2737 1238 2768 p.
1263 2724 1330 2759 274
1353 2736 1423 2767 seq.
