1687 2969
397 213 641 253 GORGIAS.
671 214 715 252 P.
747 217 840 252 463.
870 217 962 252 464.
994 216 1052 254 ed.
1086 215 1142 254 St.
1371 219 1446 253 135

100 322 263 375 ψυχήν,·
320 323 447 364 ΓΟΡ.
478 324 580 370 Πῶς
607 320 689 375 γὰρ
719 324 794 371 οὒς

93 387 172 428 οἴει
198 387 292 428 τινὰ
322 383 431 428 εἶναι
468 385 668 440 ἑκατέρου
709 383 895 437 adaglam
956 391 996 428 Γ
995 390 1078 429 ΟΡ.
1099 384 1286 442 ”Εγωγε.
1346 390 1446 429 ΣΩ.

101 453 152 492 Τί
179 452 270 501 δαίς
311 453 526 494 δοκοῦσαν
554 452 631 506 μὲν
671 449 857 503 εὐεξίαν,
897 445 1032 494 οὖσαν
1061 454 1097 494 δ’
1128 456 1202 503 οὕς
1244 450 1339 495 οἷον
1366 469 1446 494 τοι-

93 518 190 558 όνδε
218 517 349 571 λέγω·
391 516 540 558 πολλοὶ
578 518 780 559 δοκοῦσιν
819 514 865 558 εὖ
908 516 1015 571 ἔχειν
1055 519 1104 559 τὰ
1134 519 1329 572 σώματα,
1370 515 1447 568 οὓς

92 583 172 624 οὐκ
201 582 255 623 ἂν
283 583 439 638 ῥᾳδίως
468 582 664 624 αἴσθοιτό
692 598 777 631 τις.
808 582 870 623 ὅτι
900 584 979 625 οὐκ
1008 580 1054 625 εὖ
1085 583 1276 637 ἔχουσιν,
1321 587 1446 632 ἄλλος

95 648 118 702 ἢ
159 649 302 702 ἰατρός
337 663 380 689 τε
417 648 488 689 καὶ
525 651 610 689 τῶν
647 651 947 701 γυμναστικών
988 665 1058 698 τις.
1121 652 1158 690 Γ
1160 651 1241 690 ΟΡ.
1276 645 1445 703 Ἀληθῆ

90 712 232 766 λέγεις.
282 715 384 754 ΣΩ.
423 713 481 755 Τὸ
510 720 709 756 τοιοῦτον
737 711 843 767 λέγω
872 714 941 755 καὶ
973 713 1018 756 ἐν
1047 716 1207 768 σώματι
1236 710 1342 755 εἶναι
1374 714 1444 755 καὶ

93 777 139 819 ἐν
168 783 305 832 ψυχῇ,
345 778 368 820 ὅ
404 795 443 820 τι
471 782 585 820 ποιεῖ
622 780 765 820 δοκεῖν
802 779 879 833 μὲν
919 776 964 821 εὖ
1003 778 1111 834 ἔχειν
1152 780 1198 821 τὸ
1229 782 1348 833 σῶμα
1376 779 1445 821 καὶ

848 325 949 363 Σῼ.
984 319 1160 364 Οὐκοῦν
1188 323 1256 365 καὶ
1286 324 1450 365 τούτων
1478 329 1560 370 464

92 843 170 897 τὴν
198 845 357 898 ψυχήν,
386 841 466 897 ἔχει
494 843 537 885 δὲ
567 844 694 886 οὐδὲν
722 847 896 898 μᾶλλον.
930 847 1054 886 ΓΟΡ.
1072 841 1191 886 ’Ἐστι
1219 851 1363 886 ταῦτα.

178 909 283 967 Cap.
314 910 443 954 XIX.
504 913 606 952 ΣΩ..
642 909 749 965 Φέρε
789 912 840 966 δή
870 922 960 963 σοι,

157 1103 196 1134 Ρ.
219 1101 296 1135 464.
333 1103 381 1135 Τι’
410 1102 502 1139 Bal,-

97 1147 211 1179 Clark.
239 1147 352 1191 Vulgo
379 1145 428 1180 δέ.

1003 911 1078 953 ἐὰν
1115 912 1308 966 δύνωμαι
1321 944 1332 962 ,
1372 922 1442 954 σα-

543 1102 770 1135 δοκοῦσα1’
799 1102 862 1146 -]
897 1102 958 1135 δαί
985 1103 1062 1136 Vat.
1096 1103 1197 1135 vind.
1230 1102 1261 1136 6.
1294 1107 1327 1135 ct
1357 1113 1444 1136 corr.

157 1212 255 1247 οἷον
280 1213 457 1248 τοιόνδε
483 1214 604 1258 λέγω]
633 1214 765 1248 τοιόνδε
793 1228 818 1247 τι
843 1217 920 1248 Par.
948 1216 1023 1248 BC.
1049 1214 1129 1248 οἷον
1156 1214 1233 1248 τάδε
1258 1216 1350 1250 Flor.
1376 1216 1441 1248 fis.

91 1261 167 1295 Par.
192 1262 231 1293 E.

161 1333 281 1361 ποιεῖ
310 1328 459 1361 δοκεῑι
490 1328 568 1367 μὲν
598 1323 645 1360 εὖ
681 1327 807 1371 ἔχειι]

857 1329 897 1360 V.
923 1326 989 1367 νὲι
1025 1327 1152 1360 δοκεῖν.
1188 1328 1265 1359 Par.
1290 1329 1316 1359 I
1350 1327 1446 1359 δοκεῖ

90 1372 168 1413 αέι,
192 1373 283 1406 unde
309 1373 462 1406 ordinem
487 1373 668 1406 verborum
693 1374 884 1417 legitimum
909 1374 1057 1406 restiuut
1080 1374 1269 1406 Bekkerus.
1303 1373 1394 1405 Flor.
1419 1374 1442 1404 f.

90 1430 116 1451 s.
142 1431 174 1451 x.
200 1423 233 1451 et
256 1419 424 1452 Aristides
450 1417 467 1451 ὃ
493 1423 585 1451 ποιεῖ
606 1430 666 1462 pro
692 1418 712 1451 ὅ
737 1432 763 1451 τι
790 1431 821 1454 π,
848 1420 899 1451 De
925 1416 945 1449 ὅ
965 1431 990 1451 τι
1016 1420 1066 1452 sic
1082 1423 1245 1462 usurpato
1270 1429 1302 1450 v.
1320 1418 1441 1451 Elmsl

91 1464 134 1497 ad
158 1465 276 1508 Eurip.
301 1465 392 1498 Med.
415 1475 446 1497 v.
473 1463 548 1498 775.

89 1621 283 1664 praedicato
329 1621 622 1654 accommodatum
665 1632 730 1653 usu

91 1668 175 1700 satis
199 1668 378 1709 frequenti.
405 1667 447 1699 cf.
473 1668 525 1699 De
544 1665 728 1709 Republ.I.

91 1724 122 1755 p.
146 1711 225 1746 333.
248 1713 285 1745 E.
311 1723 343 1755 Ρ.
358 1710 435 1746 336.
453 1712 495 1744 Α.
520 1713 578 1744 IV.
602 1722 635 1753 Ρ.
653 1710 730 1744 420.

90 1759 132 1790 D.
156 1756 234 1791 354.
258 1757 294 1790 C.
327 1759 433 1801 Legg.
459 1758 501 1790 X.
532 1768 562 1800 p.
587 1755 664 1789 892.
688 1758 728 1790 A.

87 1803 166 1835 XII.
190 1814 222 1846 p.
247 1801 324 1837 961.
349 1804 393 1835 D.

137 1894 174 1926 P.
198 1892 276 1926 464.
314 1893 363 1925 Τι’
391 1891 481 1931 δαι’;
508 1891 731 1925 δοκοῦσαν

95 1937 152 1981 -]
177 1939 241 1970 Est
267 1939 398 1970 sanitas
422 1938 528 1970 animi
557 1942 589 1970 et
614 1948 731 1980 corpo-

91 1984 138 2015 ris
161 1995 229 2016 non
255 1983 355 2015 modo
385 1982 465 2015 ficta
495 1987 528 2015 et
560 1983 731 2022 simulata,

91 2028 150 2061 sed
181 2029 284 2061 etiam
313 2038 404 2060 vera.
474 2028 592 2069 Itaque
635 2028 730 2061 locus

92 2073 206 2106 labem
237 2073 418 2106 contraxit.
472 2074 642 2113 Quaerere
666 2074 731 2105 uti-

90 2129 156 2160 que
179 2118 297 2151 debuit
321 2119 497 2150 Socrates:
536 2119 578 2152 Τί
599 2118 656 2155 6⁶¹,-
689 2116 731 2151 οὐ

92 2165 146 2196 καὶ
173 2163 348 2196 δοκοῦσαν
373 2176 400 2195 κ.
427 2175 452 2195 τ.
477 2164 502 2195 λ..

138 2250 237 2286 οἷον
280 2251 455 2285 τοιόνδε
487 2252 604 2296 λέγω]
652 2253 731 2285 Fre-

92 2309 199 2340 quens
234 2299 382 2331 formula
422 2297 513 2340 apud
551 2298 732 2329 Platonem

93 2345 129 2375 in
171 2343 350 2376 afferendis
390 2343 566 2385 exemplis.
602 2343 732 2384 Euthy-

93 2389 212 2431 phron.
250 2399 283 2430 p.
322 2387 375 2422 13.
405 2390 455 2421 B:
505 2386 632 2420 οὐκοῦν
670 2389 732 2420 θε-

96 2436 220 2474 ραπεία
242 2445 280 2479 γε
305 2437 396 2466 πᾶσα
420 2431 544 2466 τα1’τὸ1
570 2431 732 2474 διαπράτ-

95 2490 201 2516 τεται,·
233 2481 313 2510 οἱον
345 2477 492 2511 τοιόνδε·
525 2476 576 2510 εἴτ’
607 2475 733 2521 ἀγαθῶ

95 2526 164 2556 τιιί
181 2522 252 2555 ἐστι
271 2535 298 2555 κ.
315 2535 340 2555 τ.
353 2525 390 2561 2„
415 2523 476 2555 ubi
495 2524 733 2564 Heusdius,

94 2569 196 2601 huius
219 2568 313 2601 loei'
304 2579 491 2609 immemor,
516 2569 733 2602 scribendum

93 2613 235 2656 putabat
269 2610 348 2645 οἷον
387 2613 420 2646 τὸ
454 2612 606 2652 τοιόνδε,
643 2614 733 2656 quod

92 2670 175 2692 sane
198 2658 306 2691 multo
331 2662 383 2690 est
405 2659 627 2701 frequentius.
667 2659 733 2691 Sed

93 2704 172 2737 vide
196 2715 284 2746 quae
311 2703 462 2736 diximus
493 2704 537 2736 ad
560 2704 733 2737 Phaedon.

93 2760 127 2792 p.
149 2748 206 2784 65.
235 2750 278 2782 A.
331 2749 371 2782 In
402 2749 568 2793 proximis
597 2750 734 2783 notabis

800 1619 897 1655 ἄλλος
923 1622 1078 1664 longiore
1109 1622 1292 1655 intervallo
1323 1634 1343 1655 a
1367 1633 1442 1665 pro-

800 1667 936 1699 nomine
962 1667 1010 1701 tis
1035 1667 1219 1700 divulsum.

846 1712 931 1753 ἔχει
979 1712 1025 1744 δὲ
1079 1710 1214 1744 οὐδὲν

800 1767 925 1799 quum
958 1763 1099 1789 tamen
1131 1757 1278 1789 nihilo
1303 1758 1441 1801 magis

800 1802 910 1834 bene
935 1803 1126 1835 valeant.
1166 1803 1362 1836 structurae
1386 1814 1441 1846 ge-

799 1859 864 1879 nus
895 1848 1095 1890 explanavit
1125 1848 1168 1880 ad
1199 1848 1231 1880 h.
1263 1849 1285 1880 l.
1317 1849 1441 1881 Hein-

800 1893 1149 1937 dodina-Philet).
1183 1904 1214 1935 p.
1246 1892 1300 1926 37.
1332 1894 1370 1926 Β.
1396 1895 1440 1926 C:

802 1942 845 1981 τῷ
871 1950 951 1970 ποτε
967 1939 1030 1971 οὖν
1055 1938 1097 1981 δὴ
1116 1937 1232 1982 τρόπῳ
1253 1938 1338 1980 δόξα
1358 1946 1439 1993 333„-

1267 1712 1440 1755 μᾶλλον]

801 1983 862 2027 δὴς
893 2002 937 2007 -—
972 1986 1066 2024 ᾳιλεῖ
1094 1986 1294 2027 γιγιεσθαι,
1335 1983 1369 2016 τὸ
1404 1984 1442 2016 δὲ

802 2033 858 2071 τῆς
883 2026 1011 2072 ήδοιῆ,Ι
1037 2028 1148 2068 (ror-01
1151 2028 1312 2082 ἀληθές.
1340 2028 1441 2070 δοξά-

801 2076 875 2115 δειι
901 2074 940 2106 δὲ
965 2074 1073 2108 limos
1087 2071 1320 2115 -ἀμφότερα
1345 2072 1440 2113 ὁμοί

801 2131 847 2153 ως
860 2119 1011 2161 εἰληχεν·
1037 2131 1162 2161 quum
1180 2126 1320 2152 tamen
1341 2120 1442 2151 utri-

802 2175 880 2206 que
916 2163 950 2196 τὸ
976 2163 1084 2198 ὅνιςτι)
1111 2164 1270 2206 δοξάζειι
1303 2164 1442 2196 tribu-

801 2209 956 2241 endum
982 2210 1049 2241 sit.
1074 2210 1166 2242 Men.
1190 2220 1221 2252 p.
1240 2209 1295 2242 79.
1318 2211 1365 2241 Β;
1391 2209 1441 2240 λε’-

800 2266 885 2309 γἐει
896 2254 932 2285 δέ
956 2266 1022 2293 αοι,
1048 2253 1094 2287 ὅτι
1118 2252 1226 2298 αοετή
1250 2254 1343 2286 ἐστι1
1362 2252 1443 2307 οἷοί1

803 2297 825 2331 τ’
852 2295 943 2330 εἶναι
970 2298 1103 2342 τάγαθὰ
1130 2301 1340 2341 πορίζεσθαι
1361 2299 1442 2339 μετὰ

803 2343 1044 2386 δικαιοοίνης,
1084 2349 1180 2377 τοῦτο
1216 2345 1254 2377 δὲ
1289 2357 1358 2387 (γης
1382 2343 1442 2384 μό-

805 2401 880 2430 ριον
906 2387 1030 2432 ἀρετῆς
1055 2386 1156 2422 εἷται.
1182 2391 1235 2422 De
1259 2391 1341 2432 Rep.
1366 2391 1443 2422 V-II

802 2445 833 2476 p.
858 2433 934 2467 533.
958 2436 1001 2466 D.
1040 2436 1191 2468 Pessime
1221 2436 1273 2468 vir
1305 2435 1444 2478 quidam

802 2479 922 2512 doetus
959 2480 1049 2522 apud
1087 2481 1328 2513 Routhium
1368 2492 1445 2513 con-

803 2525 883 2557 iecit
915 2524 1010 2566 ἔχειν.
1079 2525 1178 2566 Quod
1211 2530 1324 2558 autem
1367 2525 1444 2558 sub-

802 2570 929 2601 iectum
953 2569 996 2602 ad
1021 2570 1083 2612 ἔχει
1108 2571 1372 2624 intelligendum
1395 2581 1445 2602 re-

802 2614 980 2656 linquitur,
1001 2616 1082 2671 quia
1096 2615 1298 2649 antecedit
1286 2615 1305 2647 ό
1321 2629 1346 2647 τι
1359 2620 1448 2647 ποιεῖ

803 2659 920 2692 δοκεῖι
944 2660 1009 2699 μὲι
1033 2656 1072 2692 εὖ
1097 2662 1194 2702 ἔχειι,
1220 2662 1253 2693 h.
1273 2673 1300 2693 e.
1327 2661 1446 2693 δοκεῖι

803 2704 865 2744 μέι
892 2717 983 2737 τιια
1015 2700 1055 2738 εὖ
1079 2707 1112 2748 ἔχ
1114 2719 1166 2738 ειι
1218 2705 1259 2739 de
1291 2717 1331 2738 eo
1365 2716 1445 2738 con-

803 2750 899 2784 sulas
915 2751 1018 2784 etiam
1035 2761 1068 2794 p.
1085 2750 1162 2785 456.
1173 2752 1216 2785 D.
1226 2749 1303 2785 457.
1313 2751 1353 2785 E.
1365 2762 1443 2785 ann.
