<?xml version="1.0" encoding="UTF-8"?>
<!DOCTYPE html PUBLIC "-//W3C//DTD XHTML 1.0 Transitional//EN"
    "http://www.w3.org/TR/xhtml1/DTD/xhtml1-transitional.dtd">
<html xmlns="http://www.w3.org/1999/xhtml" xml:lang="en" lang="en">
 <head>
  <title>
</title>
<meta http-equiv="Content-Type" content="text/html;charset=utf-8" />
  <meta name='ocr-system' content='tesseract 3.04.00' />
  <meta name='ocr-capabilities' content='ocr_page ocr_carea ocr_par ocr_line ocrx_word'/>
</head>
<body>
  <div class='ocr_page' id='page_1' title='image "./n1operaomniarecens04platuoft/n1operaomniarecens04platuoft_0355.png"; bbox 0 0 1687 2969; ppageno 0'>
   <div class='ocr_carea' id='block_1_1' title="bbox 405 123 1441 167">
    <p class='ocr_par' dir='ltr' id='par_1_1' title="bbox 405 123 1441 167">
     <span class='ocr_line' id='line_1_1' title="bbox 405 123 1441 167; baseline -0.003 -3"><span class='ocrx_word' id='word_1_1' title='bbox 405 123 825 166; x_wconf 70' lang='lat' dir='ltr'><strong>PHAEDRUS.</strong></span> <span class='ocrx_word' id='word_1_2' title='bbox 853 125 906 165; x_wconf 86' lang='lat' dir='ltr'><strong>P.</strong></span> <span class='ocrx_word' id='word_1_3' title='bbox 942 126 1038 166; x_wconf 57' lang='lat'>⁸270.</span> <span class='ocrx_word' id='word_1_4' title='bbox 1071 124 1135 167; x_wconf 81' lang='lat' dir='ltr'><strong>St.</strong></span> <span class='ocrx_word' id='word_1_5' title='bbox 1363 126 1441 165; x_wconf 62' lang='lat'><strong>‘189</strong></span> 
     </span>
    </p>
   </div>
   <div class='ocr_carea' id='block_1_2' title="bbox 31 239 1441 969">
    <p class='ocr_par' dir='ltr' id='par_1_2' title="bbox 31 239 1441 566">
     <span class='ocr_line' id='line_1_2' title="bbox 31 239 1439 303; baseline 0.001 -19"><span class='ocrx_word' id='word_1_6' title='bbox 31 287 42 291; x_wconf 61' lang='grc'>,</span> <span class='ocrx_word' id='word_1_7' title='bbox 74 258 215 297; x_wconf 81' lang='grc' dir='ltr'><em>ματος</em></span> <span class='ocrx_word' id='word_1_8' title='bbox 256 243 336 297; x_wconf 78' lang='grc' dir='ltr'><strong>μὲν</strong></span> <span class='ocrx_word' id='word_1_9' title='bbox 380 246 426 284; x_wconf 81' lang='grc' dir='ltr'><strong>ἐν</strong></span> <span class='ocrx_word' id='word_1_10' title='bbox 471 243 521 303; x_wconf 72' lang='grc' dir='ltr'><strong>τῇ</strong></span> <span class='ocrx_word' id='word_1_11' title='bbox 568 245 706 297; x_wconf 74' lang='grc' dir='ltr'><em>ἑτέρᾳ,</em></span> <span class='ocrx_word' id='word_1_12' title='bbox 751 242 897 299; x_wconf 77' lang='grc' dir='ltr'><em>ψυχῆς</em></span> <span class='ocrx_word' id='word_1_13' title='bbox 940 239 978 283; x_wconf 85' lang='grc' dir='ltr'><strong>δ’</strong></span> <span class='ocrx_word' id='word_1_14' title='bbox 1022 246 1077 284; x_wconf 77' lang='grc' dir='ltr'><strong>ἐν·</strong></span> <span class='ocrx_word' id='word_1_15' title='bbox 1116 242 1168 301; x_wconf 71' lang='grc' dir='ltr'><strong>τῇ</strong></span> <span class='ocrx_word' id='word_1_16' title='bbox 1206 245 1355 298; x_wconf 74' lang='grc' dir='ltr'><em>ἑτέρᾳ,</em></span> <span class='ocrx_word' id='word_1_17' title='bbox 1402 248 1439 286; x_wconf 83' lang='grc' dir='ltr'><strong>εὶ</strong></span> 
     </span>
     <span class='ocr_line' id='line_1_3' title="bbox 73 306 1438 370; baseline -0.001 -17"><span class='ocrx_word' id='word_1_18' title='bbox 73 311 239 364; x_wconf 79' lang='grc' dir='ltr'><strong><em>μέλλεις</em></strong></span> <span class='ocrx_word' id='word_1_19' title='bbox 271 307 332 364; x_wconf 81' lang='grc' dir='ltr'><strong>μὴ</strong></span> <span class='ocrx_word' id='word_1_20' title='bbox 367 310 494 370; x_wconf 75' lang='grc' dir='ltr'><em>τριβῇ</em></span> <span class='ocrx_word' id='word_1_21' title='bbox 528 307 668 366; x_wconf 82' lang='grc' dir='ltr'><em>μόνον</em></span> <span class='ocrx_word' id='word_1_22' title='bbox 705 310 777 351; x_wconf 84' lang='grc' dir='ltr'><strong>καὶ</strong></span> <span class='ocrx_word' id='word_1_23' title='bbox 814 311 1027 363; x_wconf 78' lang='grc' dir='ltr'><em>ἐμπειρίᾳ,</em></span> <span class='ocrx_word' id='word_1_24' title='bbox 1060 306 1174 350; x_wconf 75' lang='grc' dir='ltr'><em>ἀλλὰ</em></span> <span class='ocrx_word' id='word_1_25' title='bbox 1214 312 1338 369; x_wconf 74' lang='grc' dir='ltr'><em>τέχνῃ</em></span> <span class='ocrx_word' id='word_1_26' title='bbox 1376 311 1438 364; x_wconf 75' lang='grc' dir='ltr'><strong>τῷ</strong></span> 
     </span>
     <span class='ocr_line' id='line_1_4' title="bbox 73 372 1441 434; baseline 0.001 -17"><span class='ocrx_word' id='word_1_27' title='bbox 73 378 154 431; x_wconf 80' lang='grc' dir='ltr'><strong>μὲν</strong></span> <span class='ocrx_word' id='word_1_28' title='bbox 188 373 406 433; x_wconf 67' lang='grc' dir='ltr'><em>φάρμακα</em></span> <span class='ocrx_word' id='word_1_29' title='bbox 442 379 514 420; x_wconf 82' lang='grc' dir='ltr'><strong>καὶ</strong></span> <span class='ocrx_word' id='word_1_30' title='bbox 551 373 726 433; x_wconf 60' lang='grc' dir='ltr'><em>τροφὴν</em></span> <span class='ocrx_word' id='word_1_31' title='bbox 764 378 1021 434; x_wconf 68' lang='grc' dir='ltr'><em>προςφέρων</em></span> <span class='ocrx_word' id='word_1_32' title='bbox 1054 372 1223 428; x_wconf 65' lang='grc' dir='ltr'><em>ὑγίειαν</em></span> <span class='ocrx_word' id='word_1_33' title='bbox 1247 379 1320 419; x_wconf 81' lang='grc' dir='ltr'><strong>καὶ</strong></span> <span class='ocrx_word' id='word_1_34' title='bbox 1357 375 1441 433; x_wconf 81' lang='grc' dir='ltr'><strong>ῥώ-</strong></span> 
     </span>
     <span class='ocr_line' id='line_1_5' title="bbox 73 439 1440 504; baseline 0.001 -20"><span class='ocrx_word' id='word_1_35' title='bbox 73 459 161 498; x_wconf 84' lang='grc' dir='ltr'><strong>μην</strong></span> <span class='ocrx_word' id='word_1_36' title='bbox 196 442 461 498; x_wconf 81' lang='grc' dir='ltr'><em>ὲμποιησειν,</em></span> <span class='ocrx_word' id='word_1_37' title='bbox 500 445 551 504; x_wconf 75' lang='grc' dir='ltr'><strong>τῆ</strong></span> <span class='ocrx_word' id='word_1_38' title='bbox 588 444 632 485; x_wconf 80' lang='grc' dir='ltr'><strong>δὲ</strong></span> <span class='ocrx_word' id='word_1_39' title='bbox 669 439 749 497; x_wconf 64' lang='grc' dir='ltr'><strong>λό)</strong></span> <span class='ocrx_word' id='word_1_40' title='bbox 754 458 830 491; x_wconf 85' lang='grc' dir='ltr'><strong>ους</strong></span> <span class='ocrx_word' id='word_1_41' title='bbox 863 458 908 484; x_wconf 84' lang='grc' dir='ltr'><strong>τε</strong></span> <span class='ocrx_word' id='word_1_42' title='bbox 943 443 1016 483; x_wconf 84' lang='grc' dir='ltr'><strong>καὶ</strong></span> <span class='ocrx_word' id='word_1_43' title='bbox 1043 441 1337 493; x_wconf 73' lang='grc' dir='ltr'><em>ἐπιτηδεύσεις</em></span> <span class='ocrx_word' id='word_1_44' title='bbox 1365 460 1440 486; x_wconf 81' lang='grc' dir='ltr'><strong>νο-</strong></span> 
     </span>
     <span class='ocr_line' id='line_1_6' title="bbox 73 506 1438 569; baseline 0.001 -17.004"><span class='ocrx_word' id='word_1_45' title='bbox 73 512 231 566; x_wconf 81' lang='grc' dir='ltr'><em>ιιίμους</em></span> <span class='ocrx_word' id='word_1_46' title='bbox 277 506 422 552; x_wconf 79' lang='grc' dir='ltr'><em>πειθώ</em></span> <span class='ocrx_word' id='word_1_47' title='bbox 469 507 523 562; x_wconf 79' lang='grc' dir='ltr'><strong>ἠν</strong></span> <span class='ocrx_word' id='word_1_48' title='bbox 568 506 626 552; x_wconf 76' lang='grc' dir='ltr'><strong>ἄν</strong></span> <span class='ocrx_word' id='word_1_49' title='bbox 660 509 802 569; x_wconf 79' lang='grc' dir='ltr'><em>βούλη</em></span> <span class='ocrx_word' id='word_1_50' title='bbox 838 510 909 550; x_wconf 83' lang='grc' dir='ltr'><strong>καὶ</strong></span> <span class='ocrx_word' id='word_1_51' title='bbox 945 506 1110 564; x_wconf 77' lang='grc' dir='ltr'><em>ἀρετὴν</em></span> <span class='ocrx_word' id='word_1_52' title='bbox 1141 508 1438 564; x_wconf 76' lang='grc' dir='ltr'><em>παραδώσειν.</em></span> 
     </span>
    </p>

    <p class='ocr_par' dir='ltr' id='par_1_3' title="bbox 180 568 1314 632">
     <span class='ocr_line' id='line_1_7' title="bbox 180 568 1314 632; baseline -0.003 -12"><span class='ocrx_word' id='word_1_53' title='bbox 180 577 309 620; x_wconf 76' lang='grc' dir='ltr'><em>ΦΑΙ,</em></span> <span class='ocrx_word' id='word_1_54' title='bbox 385 573 444 618; x_wconf 81' lang='grc' dir='ltr'><strong>Τὸ</strong></span> <span class='ocrx_word' id='word_1_55' title='bbox 482 579 591 632; x_wconf 63' lang='lat' dir='ltr'><strong>lofin!</strong></span> <span class='ocrx_word' id='word_1_56' title='bbox 627 573 758 626; x_wconf 74' lang='grc' dir='ltr'><em>εἰκός,</em></span> <span class='ocrx_word' id='word_1_57' title='bbox 796 568 826 617; x_wconf 80' lang='grc' dir='ltr'><em>ὦ</em></span> <span class='ocrx_word' id='word_1_58' title='bbox 867 573 1120 631; x_wconf 79' lang='grc' dir='ltr'><em>Σώκρατες,</em></span> <span class='ocrx_word' id='word_1_59' title='bbox 1159 574 1314 626; x_wconf 79' lang='grc' dir='ltr'><em>οὕτως.</em></span> 
     </span>
    </p>

    <p class='ocr_par' dir='ltr' id='par_1_4' title="bbox 81 637 1437 768">
     <span class='ocr_line' id='line_1_8' title="bbox 171 637 1437 702; baseline 0.002 -17.029"><span class='ocrx_word' id='word_1_60' title='bbox 171 643 276 685; x_wconf 80' lang='grc' dir='ltr'><strong>ΣΩ.</strong></span> <span class='ocrx_word' id='word_1_61' title='bbox 351 645 498 698; x_wconf 78' lang='grc' dir='ltr'><em>Ψυχῆς</em></span> <span class='ocrx_word' id='word_1_62' title='bbox 532 637 612 687; x_wconf 78' lang='grc' dir='ltr'><strong>οὖν</strong></span> <span class='ocrx_word' id='word_1_63' title='bbox 658 640 790 702; x_wconf 64' lang='grc' dir='ltr'><em>φύσιν</em></span> <span class='ocrx_word' id='word_1_64' title='bbox 827 640 956 694; x_wconf 75' lang='grc' dir='ltr'><em>ἀξίως</em></span> <span class='ocrx_word' id='word_1_65' title='bbox 990 641 1068 696; x_wconf 65' lang='grc' dir='ltr'><strong>λό)</strong></span> <span class='ocrx_word' id='word_1_66' title='bbox 1072 659 1123 685; x_wconf 92' lang='grc' dir='ltr'><strong>ου</strong></span> <span class='ocrx_word' id='word_1_67' title='bbox 1160 646 1437 697; x_wconf 79' lang='grc' dir='ltr'><em>κατανοῆσαι</em></span> 
     </span>
     <span class='ocr_line' id='line_1_9' title="bbox 81 707 1275 768; baseline 0 -15"><span class='ocrx_word' id='word_1_68' title='bbox 81 709 160 753; x_wconf 84' lang='grc' dir='ltr'><em>οἴει</em></span> <span class='ocrx_word' id='word_1_69' title='bbox 193 708 388 754; x_wconf 79' lang='grc' dir='ltr'><em>δυνατὸν</em></span> <span class='ocrx_word' id='word_1_70' title='bbox 424 711 537 754; x_wconf 82' lang='grc' dir='ltr'><em>εἶναι</em></span> <span class='ocrx_word' id='word_1_71' title='bbox 568 707 674 753; x_wconf 77' lang='grc' dir='ltr'><em>ἄνευ</em></span> <span class='ocrx_word' id='word_1_72' title='bbox 710 712 787 762; x_wconf 79' lang='grc' dir='ltr'><strong>τῆς</strong></span> <span class='ocrx_word' id='word_1_73' title='bbox 822 711 900 752; x_wconf 86' lang='grc' dir='ltr'><strong>τοῦ</strong></span> <span class='ocrx_word' id='word_1_74' title='bbox 938 707 1044 752; x_wconf 83' lang='grc' dir='ltr'><em>ὅλου</em></span> <span class='ocrx_word' id='word_1_75' title='bbox 1081 707 1275 768; x_wconf 73' lang='grc' dir='ltr'><em>φύσεωςς</em></span> 
     </span>
    </p>

    <p class='ocr_par' dir='ltr' id='par_1_5' title="bbox 74 774 1440 969">
     <span class='ocr_line' id='line_1_10' title="bbox 178 774 1440 834; baseline 0 -14"><span class='ocrx_word' id='word_1_76' title='bbox 178 779 309 821; x_wconf 78' lang='grc' dir='ltr'><strong>ΦΑΙ,</strong></span> <span class='ocrx_word' id='word_1_77' title='bbox 384 780 433 820; x_wconf 75' lang='grc' dir='ltr'><strong>Εἰ</strong></span> <span class='ocrx_word' id='word_1_78' title='bbox 477 780 557 834; x_wconf 82' lang='grc' dir='ltr'><strong>μὲν</strong></span> <span class='ocrx_word' id='word_1_79' title='bbox 598 774 890 834; x_wconf 72' lang='grc' dir='ltr'><em>Ἱπποκράτει</em></span> <span class='ocrx_word' id='word_1_80' title='bbox 932 792 979 829; x_wconf 70' lang='grc' dir='ltr'><strong>γε</strong></span> <span class='ocrx_word' id='word_1_81' title='bbox 1023 778 1084 832; x_wconf 78' lang='grc' dir='ltr'><strong>τῷ</strong></span> <span class='ocrx_word' id='word_1_82' title='bbox 1129 778 1218 820; x_wconf 83' lang='grc' dir='ltr'><strong>τῶν</strong></span> <span class='ocrx_word' id='word_1_83' title='bbox 1258 775 1440 830; x_wconf 83' lang='grc' dir='ltr'><em>Ἀσκλη-</em></span> 
     </span>
     <span class='ocr_line' id='line_1_11' title="bbox 74 841 1440 900; baseline 0.001 -14"><span class='ocrx_word' id='word_1_84' title='bbox 74 846 245 888; x_wconf 84' lang='grc' dir='ltr'><em>πιαδῶν</em></span> <span class='ocrx_word' id='word_1_85' title='bbox 291 847 355 888; x_wconf 87' lang='grc' dir='ltr'><strong>δεῖ</strong></span> <span class='ocrx_word' id='word_1_86' title='bbox 399 861 441 887; x_wconf 84' lang='grc' dir='ltr'><strong>τι</strong></span> <span class='ocrx_word' id='word_1_87' title='bbox 487 847 750 896; x_wconf 77' lang='grc' dir='ltr'><em>πείθεσθαι,</em></span> <span class='ocrx_word' id='word_1_88' title='bbox 789 842 889 887; x_wconf 81' lang='grc' dir='ltr'><em>οὐδὲ</em></span> <span class='ocrx_word' id='word_1_89' title='bbox 938 845 1035 898; x_wconf 83' lang='grc' dir='ltr'><em>περὶ</em></span> <span class='ocrx_word' id='word_1_90' title='bbox 1085 841 1289 900; x_wconf 67' lang='grc' dir='ltr'><em>σώματος</em></span> <span class='ocrx_word' id='word_1_91' title='bbox 1330 841 1440 888; x_wconf 74' lang='grc' dir='ltr'><em>ἄνευ</em></span> 
     </span>
     <span class='ocr_line' id='line_1_12' title="bbox 75 910 600 969; baseline 0.004 -15"><span class='ocrx_word' id='word_1_92' title='bbox 75 914 152 964; x_wconf 77' lang='grc' dir='ltr'><strong>τῆς</strong></span> <span class='ocrx_word' id='word_1_93' title='bbox 185 911 391 969; x_wconf 74' lang='grc' dir='ltr'><em>μεθ’όὸου</em></span> <span class='ocrx_word' id='word_1_94' title='bbox 425 910 600 966; x_wconf 82' lang='grc' dir='ltr'><em>ταύτης.</em></span> 
     </span>
    </p>
   </div>
   <div class='ocr_carea' id='block_1_3' title="bbox 74 1108 1440 1519">
    <p class='ocr_par' dir='ltr' id='par_1_6' title="bbox 75 1108 1439 1196">
     <span class='ocr_line' id='line_1_13' title="bbox 160 1108 1439 1154; baseline -0.002 -11"><span class='ocrx_word' id='word_1_95' title='bbox 160 1109 224 1143; x_wconf 80' lang='grc' dir='ltr'><strong>Ἐν</strong></span> <span class='ocrx_word' id='word_1_96' title='bbox 258 1109 561 1154; x_wconf 69' lang='grc' dir='ltr'><strong>ἀμφοτέραις]</strong></span> <span class='ocrx_word' id='word_1_97' title='bbox 610 1111 644 1141; x_wconf 79' lang='grc' dir='ltr'><strong>ἐν</strong></span> <span class='ocrx_word' id='word_1_98' title='bbox 679 1120 753 1142; x_wconf 89' lang='lat' dir='ltr'><strong>cum</strong></span> <span class='ocrx_word' id='word_1_99' title='bbox 785 1109 883 1144; x_wconf 86' lang='lat' dir='ltr'><strong>Bodl</strong></span> <span class='ocrx_word' id='word_1_100' title='bbox 909 1110 1005 1142; x_wconf 88' lang='lat' dir='ltr'><strong>multi</strong></span> <span class='ocrx_word' id='word_1_101' title='bbox 1033 1110 1087 1142; x_wconf 86' lang='lat' dir='ltr'><strong>alii</strong></span> <span class='ocrx_word' id='word_1_102' title='bbox 1114 1119 1181 1142; x_wconf 89' lang='lat' dir='ltr'><strong>om</strong></span> <span class='ocrx_word' id='word_1_103' title='bbox 1210 1108 1332 1141; x_wconf 90' lang='lat' dir='ltr'><strong>Paullo</strong></span> <span class='ocrx_word' id='word_1_104' title='bbox 1359 1114 1439 1151; x_wconf 89' lang='lat' dir='ltr'><strong>post</strong></span> 
     </span>
     <span class='ocr_line' id='line_1_14' title="bbox 75 1154 1438 1196; baseline -0.003 -7"><span class='ocrx_word' id='word_1_105' title='bbox 75 1156 164 1189; x_wconf 87' lang='lat' dir='ltr'><strong>idem</strong></span> <span class='ocrx_word' id='word_1_106' title='bbox 202 1166 279 1188; x_wconf 89' lang='lat' dir='ltr'><strong>cum</strong></span> <span class='ocrx_word' id='word_1_107' title='bbox 309 1156 385 1188; x_wconf 87' lang='lat' dir='ltr'><strong>Vat.</strong></span> <span class='ocrx_word' id='word_1_108' title='bbox 412 1157 495 1189; x_wconf 81' lang='lat' dir='ltr'><strong>Ven.</strong></span> <span class='ocrx_word' id='word_1_109' title='bbox 526 1156 565 1189; x_wconf 91' lang='lat' dir='ltr'><strong>ll.</strong></span> <span class='ocrx_word' id='word_1_110' title='bbox 593 1157 673 1190; x_wconf 86' lang='lat' dir='ltr'><strong>Par.</strong></span> <span class='ocrx_word' id='word_1_111' title='bbox 700 1155 932 1195; x_wconf 46' lang='lat' dir='ltr'>DGNOPT4</span> <span class='ocrx_word' id='word_1_112' title='bbox 958 1159 1003 1186; x_wconf 74' lang='grc' dir='ltr'><strong>τῶ</strong></span> <span class='ocrx_word' id='word_1_113' title='bbox 1031 1156 1062 1187; x_wconf 73' lang='grc' dir='ltr'><strong>δὲ</strong></span> <span class='ocrx_word' id='word_1_114' title='bbox 1090 1154 1212 1196; x_wconf 75' lang='grc' dir='ltr'><em>λογοις</em></span> <span class='ocrx_word' id='word_1_115' title='bbox 1233 1164 1294 1196; x_wconf 94' lang='lat' dir='ltr'><strong>pro</strong></span> <span class='ocrx_word' id='word_1_116' title='bbox 1320 1157 1361 1195; x_wconf 75' lang='grc' dir='ltr'><strong>τῇ</strong></span> <span class='ocrx_word' id='word_1_117' title='bbox 1388 1154 1438 1186; x_wconf 78' lang='grc' dir='ltr'><strong>δὲ.</strong></span> 
     </span>
    </p>

    <p class='ocr_par' dir='ltr' id='par_1_7' title="bbox 165 1199 1248 1244">
     <span class='ocr_line' id='line_1_15' title="bbox 165 1199 1248 1244; baseline -0.003 -10"><span class='ocrx_word' id='word_1_118' title='bbox 165 1202 236 1234; x_wconf 76' lang='grc' dir='ltr'><strong>καὶ</strong></span> <span class='ocrx_word' id='word_1_119' title='bbox 256 1201 412 1244; x_wconf 53' lang='grc' dir='ltr'><em>(ρώμην</em></span> <span class='ocrx_word' id='word_1_120' title='bbox 439 1201 730 1243; x_wconf 66' lang='grc' dir='ltr'><em>ἰμποιιὶσειν]</em></span> <span class='ocrx_word' id='word_1_121' title='bbox 760 1203 885 1244; x_wconf 65' lang='grc' dir='ltr'><em>ἐμποιῇ</em></span> <span class='ocrx_word' id='word_1_122' title='bbox 890 1215 945 1232; x_wconf 68' lang='lat' dir='ltr'><strong>ma</strong></span> <span class='ocrx_word' id='word_1_123' title='bbox 972 1202 1063 1234; x_wconf 85' lang='lat' dir='ltr'><strong>llor</strong></span> <span class='ocrx_word' id='word_1_124' title='bbox 1091 1212 1122 1242; x_wconf 71' lang='lat' dir='ltr'>g</span> <span class='ocrx_word' id='word_1_125' title='bbox 1153 1199 1181 1233; x_wconf 88' lang='lat' dir='ltr'><strong>h.</strong></span> <span class='ocrx_word' id='word_1_126' title='bbox 1211 1204 1248 1234; x_wconf 71' lang='grc' dir='ltr'><strong>θ.</strong></span> 
     </span>
    </p>

    <p class='ocr_par' dir='ltr' id='par_1_8' title="bbox 165 1246 1440 1290">
     <span class='ocr_line' id='line_1_16' title="bbox 165 1246 1440 1290; baseline -0.002 -10"><span class='ocrx_word' id='word_1_127' title='bbox 165 1248 204 1280; x_wconf 92' lang='lat' dir='ltr'><strong>C.</strong></span> <span class='ocrx_word' id='word_1_128' title='bbox 232 1252 307 1288; x_wconf 79' lang='grc' dir='ltr'><strong>τῆς</strong></span> <span class='ocrx_word' id='word_1_129' title='bbox 331 1260 400 1279; x_wconf 75' lang='grc' dir='ltr'><em>τοι</em></span> <span class='ocrx_word' id='word_1_130' title='bbox 401 1247 568 1290; x_wconf 33' lang='lat' dir='ltr'><strong>Mb&#39;lov]</strong></span> <span class='ocrx_word' id='word_1_131' title='bbox 609 1246 806 1289; x_wconf 65' lang='lat'><strong>10520&#39;201</strong></span> <span class='ocrx_word' id='word_1_132' title='bbox 832 1249 946 1289; x_wconf 80' lang='lat' dir='ltr'><strong>mepte</strong></span> <span class='ocrx_word' id='word_1_133' title='bbox 966 1247 1064 1279; x_wconf 78' lang='lat' dir='ltr'><strong>Bodl</strong></span> <span class='ocrx_word' id='word_1_134' title='bbox 1096 1248 1171 1279; x_wconf 56' lang='lat' dir='ltr'><strong>iat</strong></span> <span class='ocrx_word' id='word_1_135' title='bbox 1202 1246 1282 1279; x_wconf 80' lang='lat' dir='ltr'><strong>Ven.</strong></span> <span class='ocrx_word' id='word_1_136' title='bbox 1312 1246 1350 1278; x_wconf 92' lang='lat' dir='ltr'><strong>ll.</strong></span> <span class='ocrx_word' id='word_1_137' title='bbox 1374 1246 1440 1278; x_wconf 77' lang='lat' dir='ltr'><strong>alii.</strong></span> 
     </span>
    </p>

    <p class='ocr_par' dir='ltr' id='par_1_9' title="bbox 74 1289 1439 1519">
     <span class='ocr_line' id='line_1_17' title="bbox 165 1289 1437 1337; baseline -0.002 -11"><span class='ocrx_word' id='word_1_138' title='bbox 165 1294 204 1328; x_wconf 88' lang='lat' dir='ltr'><strong>C.</strong></span> <span class='ocrx_word' id='word_1_139' title='bbox 230 1294 274 1325; x_wconf 83' lang='grc' dir='ltr'><strong>Εἰ</strong></span> <span class='ocrx_word' id='word_1_140' title='bbox 298 1296 369 1335; x_wconf 74' lang='grc' dir='ltr'><strong>μὲν</strong></span> <span class='ocrx_word' id='word_1_141' title='bbox 391 1292 685 1337; x_wconf 75' lang='grc' dir='ltr'><em>Ἱπποκράτει</em></span> <span class='ocrx_word' id='word_1_142' title='bbox 710 1296 776 1336; x_wconf 75' lang='grc' dir='ltr'><strong>γε]</strong></span> <span class='ocrx_word' id='word_1_143' title='bbox 805 1293 909 1326; x_wconf 87' lang='lat' dir='ltr'><strong>Solus</strong></span> <span class='ocrx_word' id='word_1_144' title='bbox 937 1292 1016 1325; x_wconf 89' lang='lat' dir='ltr'><strong>Flor</strong></span> <span class='ocrx_word' id='word_1_145' title='bbox 1056 1297 1093 1325; x_wconf 76' lang='grc' dir='ltr'><strong>θ.</strong></span> <span class='ocrx_word' id='word_1_146' title='bbox 1111 1293 1139 1324; x_wconf 77' lang='grc' dir='ltr'><strong>εἰ</strong></span> <span class='ocrx_word' id='word_1_147' title='bbox 1160 1293 1220 1332; x_wconf 75' lang='grc' dir='ltr'><em>μὲι</em></span> <span class='ocrx_word' id='word_1_148' title='bbox 1240 1289 1316 1331; x_wconf 75' lang='grc' dir='ltr'><strong>οὖν,</strong></span> <span class='ocrx_word' id='word_1_149' title='bbox 1341 1291 1437 1333; x_wconf 85' lang='lat' dir='ltr'><strong>quod</strong></span> 
     </span>
     <span class='ocr_line' id='line_1_18' title="bbox 74 1338 1438 1383; baseline -0.002 -11"><span class='ocrx_word' id='word_1_150' title='bbox 74 1350 252 1383; x_wconf 82' lang='lat' dir='ltr'>perperam</span> <span class='ocrx_word' id='word_1_151' title='bbox 287 1340 389 1372; x_wconf 85' lang='lat' dir='ltr'><strong>&#39;.rnrr</strong></span> <span class='ocrx_word' id='word_1_152' title='bbox 416 1339 606 1374; x_wconf 88' lang='lat' dir='ltr'><strong>ediderunt.</strong></span> <span class='ocrx_word' id='word_1_153' title='bbox 655 1340 724 1372; x_wconf 87' lang='lat' dir='ltr'><strong>Pro</strong></span> <span class='ocrx_word' id='word_1_154' title='bbox 754 1351 810 1376; x_wconf 72' lang='grc' dir='ltr'><strong>τε</strong></span> <span class='ocrx_word' id='word_1_155' title='bbox 837 1338 927 1380; x_wconf 83' lang='lat' dir='ltr'><strong>quod</strong></span> <span class='ocrx_word' id='word_1_156' title='bbox 959 1338 1134 1371; x_wconf 83' lang='lat' dir='ltr'>Heindorf.</span> <span class='ocrx_word' id='word_1_157' title='bbox 1159 1338 1344 1379; x_wconf 82' lang='lat' dir='ltr'><strong>Astinsque</strong></span> <span class='ocrx_word' id='word_1_158' title='bbox 1367 1338 1438 1369; x_wconf 81' lang='lat' dir='ltr'><strong>eie-</strong></span> 
     </span>
     <span class='ocr_line' id='line_1_19' title="bbox 75 1384 1439 1428; baseline -0.001 -10"><span class='ocrx_word' id='word_1_159' title='bbox 75 1390 207 1426; x_wconf 86' lang='lat' dir='ltr'>cerunt,</span> <span class='ocrx_word' id='word_1_160' title='bbox 238 1386 333 1418; x_wconf 88' lang='lat' dir='ltr'><strong>uncis</strong></span> <span class='ocrx_word' id='word_1_161' title='bbox 358 1386 492 1418; x_wconf 81' lang='lat' dir='ltr'><strong>inclusit</strong></span> <span class='ocrx_word' id='word_1_162' title='bbox 510 1385 672 1425; x_wconf 85' lang='lat' dir='ltr'><strong>Bekker.‚</strong></span> <span class='ocrx_word' id='word_1_163' title='bbox 698 1386 896 1428; x_wconf 83' lang='lat' dir='ltr'><strong>scripsimus</strong></span> <span class='ocrx_word' id='word_1_164' title='bbox 921 1397 970 1426; x_wconf 74' lang='grc' dir='ltr'><strong>γε,</strong></span> <span class='ocrx_word' id='word_1_165' title='bbox 997 1384 1088 1426; x_wconf 83' lang='lat' dir='ltr'><strong>quod</strong></span> <span class='ocrx_word' id='word_1_166' title='bbox 1113 1388 1224 1425; x_wconf 66' lang='lat' dir='ltr'><strong>nuper</strong></span> <span class='ocrx_word' id='word_1_167' title='bbox 1243 1384 1344 1416; x_wconf 87' lang='lat' dir='ltr'><strong>etiam</strong></span> <span class='ocrx_word' id='word_1_168' title='bbox 1364 1386 1439 1416; x_wconf 80' lang='lat' dir='ltr'><strong>Ast.</strong></span> 
     </span>
     <span class='ocr_line' id='line_1_20' title="bbox 74 1428 1438 1474; baseline -0.002 -10"><span class='ocrx_word' id='word_1_169' title='bbox 74 1436 128 1464; x_wconf 88' lang='lat' dir='ltr'><strong>est</strong></span> <span class='ocrx_word' id='word_1_170' title='bbox 151 1433 376 1473; x_wconf 76' lang='lat' dir='ltr'><strong>amplexatus.</strong></span> <span class='ocrx_word' id='word_1_171' title='bbox 426 1431 526 1464; x_wconf 89' lang='lat' dir='ltr'><strong>Bodl.</strong></span> <span class='ocrx_word' id='word_1_172' title='bbox 550 1433 727 1464; x_wconf 79' lang='grc' dir='ltr'><em>πιθέσθαι</em></span> <span class='ocrx_word' id='word_1_173' title='bbox 751 1442 814 1474; x_wconf 91' lang='lat' dir='ltr'><strong>pro</strong></span> <span class='ocrx_word' id='word_1_174' title='bbox 840 1431 1048 1472; x_wconf 72' lang='grc' dir='ltr'><em>πείθεσθαι,</em></span> <span class='ocrx_word' id='word_1_175' title='bbox 1077 1435 1115 1463; x_wconf 90' lang='lat' dir='ltr'><strong>ut</strong></span> <span class='ocrx_word' id='word_1_176' title='bbox 1135 1441 1166 1472; x_wconf 89' lang='lat' dir='ltr'><strong>p.</strong></span> <span class='ocrx_word' id='word_1_177' title='bbox 1191 1430 1268 1465; x_wconf 83' lang='lat'>235.</span> <span class='ocrx_word' id='word_1_178' title='bbox 1285 1429 1325 1463; x_wconf 90' lang='lat' dir='ltr'><strong>B.</strong></span> <span class='ocrx_word' id='word_1_179' title='bbox 1344 1428 1438 1472; x_wconf 85' lang='lat' dir='ltr'><strong>quod</strong></span> 
     </span>
     <span class='ocr_line' id='line_1_21' title="bbox 74 1477 704 1519; baseline 0.003 -9"><span class='ocrx_word' id='word_1_180' title='bbox 74 1487 141 1510; x_wconf 91' lang='lat' dir='ltr'><strong>non</strong></span> <span class='ocrx_word' id='word_1_181' title='bbox 166 1477 313 1510; x_wconf 88' lang='lat' dir='ltr'><strong>debebat</strong></span> <span class='ocrx_word' id='word_1_182' title='bbox 338 1478 491 1519; x_wconf 89' lang='lat' dir='ltr'><strong>recipere</strong></span> <span class='ocrx_word' id='word_1_183' title='bbox 514 1477 704 1512; x_wconf 83' lang='lat' dir='ltr'>Hermann.</span> 
     </span>
    </p>
   </div>
   <div class='ocr_carea' id='block_1_4' title="bbox 789 1652 1439 1790">
    <p class='ocr_par' dir='ltr' id='par_1_10' title="bbox 789 1652 1439 1790">
     <span class='ocr_line' id='line_1_22' title="bbox 791 1652 1438 1698; baseline -0.006 -10"><span class='ocrx_word' id='word_1_184' title='bbox 791 1667 810 1688; x_wconf 84' lang='lat' dir='ltr'><strong>a</strong></span> <span class='ocrx_word' id='word_1_185' title='bbox 828 1654 945 1698; x_wconf 76' lang='grc' dir='ltr'><em>λόγοις</em></span> <span class='ocrx_word' id='word_1_186' title='bbox 960 1655 1202 1698; x_wconf 80' lang='lat' dir='ltr'><strong>proficiscitur3</strong></span> <span class='ocrx_word' id='word_1_187' title='bbox 1227 1652 1352 1697; x_wconf 74' lang='grc' dir='ltr'><em>ἀρετῆς</em></span> <span class='ocrx_word' id='word_1_188' title='bbox 1378 1662 1438 1685; x_wconf 86' lang='lat' dir='ltr'><strong>au-</strong></span> 
     </span>
     <span class='ocr_line' id='line_1_23' title="bbox 791 1698 1438 1742; baseline -0.006 -9"><span class='ocrx_word' id='word_1_189' title='bbox 791 1707 860 1734; x_wconf 76' lang='lat' dir='ltr'><strong>tem</strong></span> <span class='ocrx_word' id='word_1_190' title='bbox 896 1701 972 1733; x_wconf 82' lang='lat' dir='ltr'><strong>sons</strong></span> <span class='ocrx_word' id='word_1_191' title='bbox 1007 1703 1039 1733; x_wconf 82' lang='lat' dir='ltr'><strong>iu</strong></span> <span class='ocrx_word' id='word_1_192' title='bbox 1073 1698 1307 1742; x_wconf 70' lang='grc' dir='ltr'><em>ἐπιτηδεύσεοι</em></span> <span class='ocrx_word' id='word_1_193' title='bbox 1340 1699 1438 1742; x_wconf 76' lang='grc' dir='ltr'><em>νομί-</em></span> 
     </span>
     <span class='ocr_line' id='line_1_24' title="bbox 789 1744 1439 1790; baseline -0.002 -13"><span class='ocrx_word' id='word_1_194' title='bbox 789 1760 857 1790; x_wconf 78' lang='grc' dir='ltr'><strong>μας</strong></span> <span class='ocrx_word' id='word_1_195' title='bbox 896 1746 1109 1788; x_wconf 84' lang='lat' dir='ltr'><strong>quaerendus</strong></span> <span class='ocrx_word' id='word_1_196' title='bbox 1147 1749 1220 1778; x_wconf 86' lang='lat' dir='ltr'><strong>est:</strong></span> <span class='ocrx_word' id='word_1_197' title='bbox 1261 1749 1297 1777; x_wconf 92' lang='lat' dir='ltr'><strong>ut</strong></span> <span class='ocrx_word' id='word_1_198' title='bbox 1339 1744 1439 1777; x_wconf 82' lang='lat' dir='ltr'><strong>facile</strong></span> 
     </span>
    </p>
   </div>
   <div class='ocr_carea' id='block_1_5' title="bbox 73 1655 723 1791">
    <p class='ocr_par' dir='ltr' id='par_1_11' title="bbox 73 1655 723 1791">
     <span class='ocr_line' id='line_1_25' title="bbox 74 1655 723 1697; baseline -0.003 -7"><span class='ocrx_word' id='word_1_199' title='bbox 74 1667 163 1691; x_wconf 88' lang='lat' dir='ltr'><strong>esse.</strong></span> <span class='ocrx_word' id='word_1_200' title='bbox 226 1655 380 1689; x_wconf 81' lang='lat' dir='ltr'><strong>Taxatur</strong></span> <span class='ocrx_word' id='word_1_201' title='bbox 412 1661 525 1689; x_wconf 88' lang='lat' dir='ltr'><strong>autem</strong></span> <span class='ocrx_word' id='word_1_202' title='bbox 559 1658 723 1697; x_wconf 83' lang='lat' dir='ltr'><strong>eloquen-</strong></span> 
     </span>
     <span class='ocr_line' id='line_1_26' title="bbox 75 1701 721 1742; baseline -0.002 -8"><span class='ocrx_word' id='word_1_203' title='bbox 75 1704 120 1735; x_wconf 90' lang='lat' dir='ltr'><strong>tia</strong></span> <span class='ocrx_word' id='word_1_204' title='bbox 152 1703 185 1734; x_wconf 90' lang='lat' dir='ltr'><strong>in</strong></span> <span class='ocrx_word' id='word_1_205' title='bbox 217 1701 377 1735; x_wconf 88' lang='lat' dir='ltr'><strong>Phaedro</strong></span> <span class='ocrx_word' id='word_1_206' title='bbox 413 1703 531 1735; x_wconf 86' lang='lat' dir='ltr'><strong>nrtis</strong></span> <span class='ocrx_word' id='word_1_207' title='bbox 573 1702 721 1742; x_wconf 79' lang='lat' dir='ltr'><strong>nomine,</strong></span> 
     </span>
     <span class='ocr_line' id='line_1_27' title="bbox 73 1748 721 1791; baseline -0.003 -10"><span class='ocrx_word' id='word_1_208' title='bbox 73 1758 178 1790; x_wconf 89' lang='lat' dir='ltr'><strong>quum</strong></span> <span class='ocrx_word' id='word_1_209' title='bbox 202 1748 235 1780; x_wconf 90' lang='lat' dir='ltr'><strong>in</strong></span> <span class='ocrx_word' id='word_1_210' title='bbox 259 1748 388 1791; x_wconf 81' lang='lat' dir='ltr'>Gorgia</span> <span class='ocrx_word' id='word_1_211' title='bbox 423 1749 466 1781; x_wconf 87' lang='lat' dir='ltr'><strong>de</strong></span> <span class='ocrx_word' id='word_1_212' title='bbox 498 1759 538 1781; x_wconf 92' lang='lat' dir='ltr'><strong>ea</strong></span> <span class='ocrx_word' id='word_1_213' title='bbox 562 1748 721 1780; x_wconf 88' lang='lat' dir='ltr'><strong>iudicium</strong></span> 
     </span>
    </p>
   </div>
   <div class='ocr_carea' id='block_1_6' title="bbox 47 1793 725 2748">
    <p class='ocr_par' dir='ltr' id='par_1_12' title="bbox 73 1793 722 2202">
     <span class='ocr_line' id='line_1_28' title="bbox 74 1793 722 1827; baseline -0.003 0"><span class='ocrx_word' id='word_1_214' title='bbox 74 1796 134 1827; x_wconf 80' lang='lat' dir='ltr'><strong>fiat</strong></span> <span class='ocrx_word' id='word_1_215' title='bbox 163 1793 415 1827; x_wconf 80' lang='lat' dir='ltr'><strong>honestatis</strong></span> <span class='ocrx_word' id='word_1_216' title='bbox 455 1805 500 1826; x_wconf 91' lang='lat' dir='ltr'><strong>ac</strong></span> <span class='ocrx_word' id='word_1_217' title='bbox 533 1794 722 1826; x_wconf 87' lang='lat' dir='ltr'><strong>virtutis</strong></span> 
     </span>
     <span class='ocr_line' id='line_1_29' title="bbox 75 1839 721 1874; baseline -0.003 -1"><span class='ocrx_word' id='word_1_218' title='bbox 75 1839 187 1873; x_wconf 83' lang='lat' dir='ltr'><strong>habita</strong></span> <span class='ocrx_word' id='word_1_219' title='bbox 216 1840 360 1872; x_wconf 90' lang='lat' dir='ltr'><strong>ratione.</strong></span> <span class='ocrx_word' id='word_1_220' title='bbox 422 1839 592 1874; x_wconf 80' lang='lat' dir='ltr'><strong>Quocirca</strong></span> <span class='ocrx_word' id='word_1_221' title='bbox 638 1839 721 1872; x_wconf 88' lang='lat' dir='ltr'><strong>mire</strong></span> 
     </span>
     <span class='ocr_line' id='line_1_30' title="bbox 74 1884 718 1927; baseline -0.003 -9"><span class='ocrx_word' id='word_1_222' title='bbox 74 1885 202 1918; x_wconf 87' lang='lat' dir='ltr'><strong>iudicio</strong></span> <span class='ocrx_word' id='word_1_223' title='bbox 223 1895 285 1918; x_wconf 79' lang='lat' dir='ltr'><strong>suo</strong></span> <span class='ocrx_word' id='word_1_224' title='bbox 306 1886 390 1927; x_wconf 88' lang='lat' dir='ltr'><strong>lapsi</strong></span> <span class='ocrx_word' id='word_1_225' title='bbox 410 1890 499 1926; x_wconf 80' lang='lat' dir='ltr'><strong>sunt,</strong></span> <span class='ocrx_word' id='word_1_226' title='bbox 523 1885 578 1927; x_wconf 89' lang='lat' dir='ltr'><strong>qui</strong></span> <span class='ocrx_word' id='word_1_227' title='bbox 599 1896 639 1917; x_wconf 84' lang='lat' dir='ltr'><strong>ex</strong></span> <span class='ocrx_word' id='word_1_228' title='bbox 658 1884 718 1917; x_wconf 90' lang='lat' dir='ltr'><strong>ho-</strong></span> 
     </span>
     <span class='ocr_line' id='line_1_31' title="bbox 74 1930 721 1972; baseline -0.002 -9"><span class='ocrx_word' id='word_1_229' title='bbox 74 1931 217 1964; x_wconf 79' lang='lat' dir='ltr'><strong>norifico</strong></span> <span class='ocrx_word' id='word_1_230' title='bbox 236 1930 279 1963; x_wconf 89' lang='lat' dir='ltr'><strong>de</strong></span> <span class='ocrx_word' id='word_1_231' title='bbox 304 1932 438 1964; x_wconf 89' lang='lat' dir='ltr'><strong>Pericle</strong></span> <span class='ocrx_word' id='word_1_232' title='bbox 462 1931 601 1972; x_wconf 80' lang='lat' dir='ltr'><strong>iudicio,</strong></span> <span class='ocrx_word' id='word_1_233' title='bbox 619 1932 721 1972; x_wconf 87' lang='lat' dir='ltr'><strong>quale</strong></span> 
     </span>
     <span class='ocr_line' id='line_1_32' title="bbox 75 1976 722 2019; baseline -0.002 -10"><span class='ocrx_word' id='word_1_234' title='bbox 75 1986 163 2009; x_wconf 89' lang='lat' dir='ltr'><strong>nunc</strong></span> <span class='ocrx_word' id='word_1_235' title='bbox 189 1976 386 2019; x_wconf 80' lang='lat' dir='ltr'><strong>exhibetur,</strong></span> <span class='ocrx_word' id='word_1_236' title='bbox 426 1981 590 2019; x_wconf 82' lang='lat' dir='ltr'><strong>protenus</strong></span> <span class='ocrx_word' id='word_1_237' title='bbox 615 1977 722 2009; x_wconf 84' lang='lat' dir='ltr'><strong>colle-</strong></span> 
     </span>
     <span class='ocr_line' id='line_1_33' title="bbox 73 2022 722 2066; baseline -0.002 -11"><span class='ocrx_word' id='word_1_238' title='bbox 73 2026 197 2066; x_wconf 83' lang='lat' dir='ltr'><strong>gerunt</strong></span> <span class='ocrx_word' id='word_1_239' title='bbox 220 2022 306 2055; x_wconf 90' lang='lat' dir='ltr'><strong>hunc</strong></span> <span class='ocrx_word' id='word_1_240' title='bbox 336 2033 473 2065; x_wconf 84' lang='lat' dir='ltr'><strong>quoque</strong></span> <span class='ocrx_word' id='word_1_241' title='bbox 492 2023 601 2055; x_wconf 87' lang='lat' dir='ltr'><strong>locum</strong></span> <span class='ocrx_word' id='word_1_242' title='bbox 627 2023 660 2054; x_wconf 91' lang='lat' dir='ltr'><strong>in</strong></span> <span class='ocrx_word' id='word_1_243' title='bbox 682 2022 722 2054; x_wconf 82' lang='lat' dir='ltr'><strong>iis</strong></span> 
     </span>
     <span class='ocr_line' id='line_1_34' title="bbox 75 2068 721 2110; baseline 0 -10"><span class='ocrx_word' id='word_1_244' title='bbox 75 2078 172 2109; x_wconf 83' lang='lat' dir='ltr'><strong>esse,</strong></span> <span class='ocrx_word' id='word_1_245' title='bbox 205 2068 296 2101; x_wconf 88' lang='lat' dir='ltr'><strong>unde</strong></span> <span class='ocrx_word' id='word_1_246' title='bbox 321 2068 468 2101; x_wconf 81' lang='lat' dir='ltr'><strong>Phaedri</strong></span> <span class='ocrx_word' id='word_1_247' title='bbox 500 2069 721 2110; x_wconf 85' lang='lat' dir='ltr'><strong>scriptionem</strong></span> 
     </span>
     <span class='ocr_line' id='line_1_35' title="bbox 75 2113 721 2148; baseline 0 -2"><span class='ocrx_word' id='word_1_248' title='bbox 75 2114 211 2147; x_wconf 85' lang='lat' dir='ltr'><strong>Platoni</strong></span> <span class='ocrx_word' id='word_1_249' title='bbox 252 2113 463 2148; x_wconf 86' lang='lat' dir='ltr'><strong>adolescenti</strong></span> <span class='ocrx_word' id='word_1_250' title='bbox 503 2113 721 2146; x_wconf 86' lang='lat' dir='ltr'><strong>tribuendam</strong></span> 
     </span>
     <span class='ocr_line' id='line_1_36' title="bbox 75 2160 542 2202; baseline 0.004 -11"><span class='ocrx_word' id='word_1_251' title='bbox 75 2170 153 2192; x_wconf 83' lang='lat' dir='ltr'><strong>esse</strong></span> <span class='ocrx_word' id='word_1_252' title='bbox 175 2160 247 2193; x_wconf 91' lang='lat' dir='ltr'><strong>iure</strong></span> <span class='ocrx_word' id='word_1_253' title='bbox 275 2160 388 2202; x_wconf 80' lang='lat' dir='ltr'><strong>colligi</strong></span> <span class='ocrx_word' id='word_1_254' title='bbox 415 2161 542 2193; x_wconf 78' lang='lat' dir='ltr'><strong>liceret.</strong></span> 
     </span>
    </p>

    <p class='ocr_par' dir='ltr' id='par_1_13' title="bbox 74 2203 723 2420">
     <span class='ocr_line' id='line_1_37' title="bbox 119 2203 721 2248; baseline 0.002 -12"><span class='ocrx_word' id='word_1_255' title='bbox 119 2203 198 2237; x_wconf 76' lang='grc' dir='ltr'><strong>τὸν</strong></span> <span class='ocrx_word' id='word_1_256' title='bbox 220 2205 366 2238; x_wconf 77' lang='grc' dir='ltr'><em>πολὺν</em></span> <span class='ocrx_word' id='word_1_257' title='bbox 391 2204 543 2248; x_wconf 78' lang='grc' dir='ltr'><em>λόγον]</em></span> <span class='ocrx_word' id='word_1_258' title='bbox 577 2207 721 2238; x_wconf 86' lang='lat' dir='ltr'><strong>multum</strong></span> 
     </span>
     <span class='ocr_line' id='line_1_38' title="bbox 74 2250 722 2293; baseline -0.002 -10"><span class='ocrx_word' id='word_1_259' title='bbox 74 2250 169 2283; x_wconf 85' lang='lat' dir='ltr'><strong>illum</strong></span> <span class='ocrx_word' id='word_1_260' title='bbox 195 2261 410 2293; x_wconf 89' lang='lat' dir='ltr'><strong>sermonem,</strong></span> <span class='ocrx_word' id='word_1_261' title='bbox 444 2262 463 2284; x_wconf 92' lang='lat' dir='ltr'><strong>e</strong></span> <span class='ocrx_word' id='word_1_262' title='bbox 488 2251 625 2293; x_wconf 86' lang='lat' dir='ltr'><strong>scriptis</strong></span> <span class='ocrx_word' id='word_1_263' title='bbox 651 2251 722 2283; x_wconf 89' lang='lat' dir='ltr'><strong>eius</strong></span> 
     </span>
     <span class='ocr_line' id='line_1_39' title="bbox 76 2295 722 2338; baseline 0.003 -10"><span class='ocrx_word' id='word_1_264' title='bbox 76 2295 159 2328; x_wconf 84' lang='lat' dir='ltr'><strong>satis</strong></span> <span class='ocrx_word' id='word_1_265' title='bbox 191 2301 308 2329; x_wconf 89' lang='lat' dir='ltr'><strong>notum</strong></span> <span class='ocrx_word' id='word_1_266' title='bbox 357 2307 387 2327; x_wconf 89' lang='lat' dir='ltr'><strong>v.</strong></span> <span class='ocrx_word' id='word_1_267' title='bbox 421 2297 462 2329; x_wconf 90' lang='lat' dir='ltr'><strong>ad</strong></span> <span class='ocrx_word' id='word_1_268' title='bbox 504 2307 536 2338; x_wconf 89' lang='lat' dir='ltr'><strong>p.</strong></span> <span class='ocrx_word' id='word_1_269' title='bbox 569 2295 648 2331; x_wconf 78' lang='lat'><strong>248.</strong></span> <span class='ocrx_word' id='word_1_270' title='bbox 682 2296 722 2330; x_wconf 87' lang='lat' dir='ltr'><strong>B.</strong></span> 
     </span>
     <span class='ocr_line' id='line_1_40' title="bbox 77 2340 723 2384; baseline -0.005 -10"><span class='ocrx_word' id='word_1_271' title='bbox 77 2340 177 2374; x_wconf 83' lang='lat' dir='ltr'><strong>Aliud</strong></span> <span class='ocrx_word' id='word_1_272' title='bbox 202 2345 257 2375; x_wconf 83' lang='lat' dir='ltr'><strong>est</strong></span> <span class='ocrx_word' id='word_1_273' title='bbox 281 2341 391 2374; x_wconf 68' lang='grc' dir='ltr'><em>πολὺν</em></span> <span class='ocrx_word' id='word_1_274' title='bbox 414 2342 478 2374; x_wconf 74' lang='grc' dir='ltr'><strong>τὸν</strong></span> <span class='ocrx_word' id='word_1_275' title='bbox 500 2340 603 2384; x_wconf 71' lang='grc' dir='ltr'><em>λόγον</em></span> <span class='ocrx_word' id='word_1_276' title='bbox 630 2344 723 2374; x_wconf 74' lang='grc' dir='ltr'><em>ἐποι-</em></span> 
     </span>
     <span class='ocr_line' id='line_1_41' title="bbox 77 2397 161 2420; baseline 0.012 -1"><span class='ocrx_word' id='word_1_277' title='bbox 77 2397 161 2420; x_wconf 67' lang='lat' dir='ltr'><strong>zaro.</strong></span> 
     </span>
    </p>

    <p class='ocr_par' dir='ltr' id='par_1_14' title="bbox 47 2431 725 2748">
     <span class='ocr_line' id='line_1_42' title="bbox 122 2431 725 2475; baseline -0.003 -11"><span class='ocrx_word' id='word_1_278' title='bbox 122 2432 162 2466; x_wconf 91' lang='grc' dir='ltr'><strong>Β.</strong></span> <span class='ocrx_word' id='word_1_279' title='bbox 204 2434 254 2472; x_wconf 80' lang='grc' dir='ltr'><strong>τῇ</strong></span> <span class='ocrx_word' id='word_1_280' title='bbox 291 2431 332 2463; x_wconf 75' lang='grc' dir='ltr'><strong>δὲ</strong></span> <span class='ocrx_word' id='word_1_281' title='bbox 369 2431 529 2475; x_wconf 77' lang='grc' dir='ltr'><em>λόγους</em></span> <span class='ocrx_word' id='word_1_282' title='bbox 572 2445 611 2464; x_wconf 79' lang='grc' dir='ltr'><strong>τε</strong></span> <span class='ocrx_word' id='word_1_283' title='bbox 655 2431 725 2463; x_wconf 82' lang='grc' dir='ltr'><strong>καὶ</strong></span> 
     </span>
     <span class='ocr_line' id='line_1_43' title="bbox 74 2477 721 2520; baseline 0 -10"><span class='ocrx_word' id='word_1_284' title='bbox 74 2477 242 2519; x_wconf 75' lang='grc' dir='ltr'><em>ἔπιτηδ.</em></span> <span class='ocrx_word' id='word_1_285' title='bbox 293 2477 531 2520; x_wconf 77' lang='grc' dir='ltr'><em>νομίνους]</em></span> <span class='ocrx_word' id='word_1_286' title='bbox 614 2478 721 2510; x_wconf 76' lang='lat' dir='ltr'><strong>lntell.</strong></span> 
     </span>
     <span class='ocr_line' id='line_1_44' title="bbox 75 2523 721 2566; baseline -0.002 -11"><span class='ocrx_word' id='word_1_287' title='bbox 75 2525 284 2566; x_wconf 72' lang='grc' dir='ltr'><em>προςφέρων.</em></span> <span class='ocrx_word' id='word_1_288' title='bbox 332 2523 396 2555; x_wconf 87' lang='lat' dir='ltr'><strong>His</strong></span> <span class='ocrx_word' id='word_1_289' title='bbox 423 2534 504 2556; x_wconf 88' lang='lat' dir='ltr'><strong>vero</strong></span> <span class='ocrx_word' id='word_1_290' title='bbox 522 2523 721 2556; x_wconf 83' lang='lat' dir='ltr'><strong>adhibendis</strong></span> 
     </span>
     <span class='ocr_line' id='line_1_45' title="bbox 76 2568 723 2612; baseline -0.002 -11"><span class='ocrx_word' id='word_1_291' title='bbox 76 2568 192 2601; x_wconf 86' lang='lat' dir='ltr'><strong>rhetor</strong></span> <span class='ocrx_word' id='word_1_292' title='bbox 217 2568 336 2600; x_wconf 82' lang='lat' dir='ltr'><strong>dicitur</strong></span> <span class='ocrx_word' id='word_1_293' title='bbox 368 2569 504 2602; x_wconf 84' lang='lat' dir='ltr'><strong>efficere</strong></span> <span class='ocrx_word' id='word_1_294' title='bbox 529 2570 723 2612; x_wconf 90' lang='lat' dir='ltr'><strong>persuasio-</strong></span> 
     </span>
     <span class='ocr_line' id='line_1_46' title="bbox 77 2613 721 2657; baseline -0.002 -10"><span class='ocrx_word' id='word_1_295' title='bbox 77 2624 172 2655; x_wconf 89' lang='lat' dir='ltr'><strong>nem,</strong></span> <span class='ocrx_word' id='word_1_296' title='bbox 206 2623 306 2655; x_wconf 87' lang='lat' dir='ltr'><strong>quam</strong></span> <span class='ocrx_word' id='word_1_297' title='bbox 332 2615 426 2655; x_wconf 81' lang='lat' dir='ltr'><strong>velit,</strong></span> <span class='ocrx_word' id='word_1_298' title='bbox 450 2618 553 2656; x_wconf 85' lang='lat' dir='ltr'><strong>atque</strong></span> <span class='ocrx_word' id='word_1_299' title='bbox 576 2613 721 2657; x_wconf 72' lang='grc' dir='ltr'><strong>α’ρετήνε</strong></span> 
     </span>
     <span class='ocr_line' id='line_1_47' title="bbox 75 2658 723 2702; baseline -0.003 -10"><span class='ocrx_word' id='word_1_300' title='bbox 75 2669 164 2701; x_wconf 87' lang='lat' dir='ltr'><strong>quae</strong></span> <span class='ocrx_word' id='word_1_301' title='bbox 188 2658 370 2692; x_wconf 81' lang='lat' dir='ltr'><strong>manifesto</strong></span> <span class='ocrx_word' id='word_1_302' title='bbox 386 2660 595 2701; x_wconf 83' lang='lat' dir='ltr'><strong>respondent</strong></span> <span class='ocrx_word' id='word_1_303' title='bbox 610 2659 723 2702; x_wconf 72' lang='grc' dir='ltr'><em>ὑγιείᾳ</em></span> 
     </span>
     <span class='ocr_line' id='line_1_48' title="bbox 47 2703 720 2748; baseline 0 -12"><span class='ocrx_word' id='word_1_304' title='bbox 47 2735 52 2740; x_wconf 90' lang='grc'>,</span> <span class='ocrx_word' id='word_1_305' title='bbox 77 2704 132 2737; x_wconf 82' lang='grc' dir='ltr'><strong>καὶ</strong></span> <span class='ocrx_word' id='word_1_306' title='bbox 163 2703 272 2748; x_wconf 77' lang='grc' dir='ltr'><em>ῥώμῃ.</em></span> <span class='ocrx_word' id='word_1_307' title='bbox 320 2704 365 2737; x_wconf 81' lang='lat' dir='ltr'><strong>Et</strong></span> <span class='ocrx_word' id='word_1_308' title='bbox 380 2706 559 2747; x_wconf 88' lang='lat' dir='ltr'><strong>persuasio</strong></span> <span class='ocrx_word' id='word_1_309' title='bbox 581 2705 720 2747; x_wconf 84' lang='lat' dir='ltr'><strong>quidem</strong></span> 
     </span>
    </p>
   </div>
   <div class='ocr_carea' id='block_1_7' title="bbox 789 1791 1443 2748">
    <p class='ocr_par' dir='ltr' id='par_1_15' title="bbox 790 1791 1438 1871">
     <span class='ocr_line' id='line_1_49' title="bbox 791 1791 1438 1835; baseline -0.005 -10"><span class='ocrx_word' id='word_1_310' title='bbox 791 1797 957 1835; x_wconf 85' lang='lat' dir='ltr'><strong>appareat</strong></span> <span class='ocrx_word' id='word_1_311' title='bbox 997 1792 1072 1824; x_wconf 85' lang='lat' dir='ltr'><strong>nihil</strong></span> <span class='ocrx_word' id='word_1_312' title='bbox 1111 1793 1143 1824; x_wconf 91' lang='lat' dir='ltr'><strong>in</strong></span> <span class='ocrx_word' id='word_1_313' title='bbox 1179 1791 1228 1823; x_wconf 88' lang='lat' dir='ltr'><strong>his</strong></span> <span class='ocrx_word' id='word_1_314' title='bbox 1259 1801 1337 1823; x_wconf 88' lang='lat' dir='ltr'><strong>esse</strong></span> <span class='ocrx_word' id='word_1_315' title='bbox 1367 1791 1438 1822; x_wconf 90' lang='lat' dir='ltr'><strong>ullo</strong></span> 
     </span>
     <span class='ocr_line' id='line_1_50' title="bbox 790 1838 1199 1871; baseline -0.005 0"><span class='ocrx_word' id='word_1_316' title='bbox 790 1838 894 1871; x_wconf 91' lang='lat' dir='ltr'><strong>modo</strong></span> <span class='ocrx_word' id='word_1_317' title='bbox 922 1839 1199 1871; x_wconf 81' lang='lat' dir='ltr'><strong>contaminatum.</strong></span> 
     </span>
    </p>

    <p class='ocr_par' dir='ltr' id='par_1_16' title="bbox 789 1880 1443 2748">
     <span class='ocr_line' id='line_1_51' title="bbox 835 1880 1437 1928; baseline -0.005 -12"><span class='ocrx_word' id='word_1_318' title='bbox 835 1885 873 1916; x_wconf 90' lang='lat' dir='ltr'><strong>C.</strong></span> <span class='ocrx_word' id='word_1_319' title='bbox 895 1884 944 1915; x_wconf 82' lang='lat' dir='ltr'><strong>El</strong></span> <span class='ocrx_word' id='word_1_320' title='bbox 966 1887 1041 1928; x_wconf 69' lang='grc' dir='ltr'><strong>μὲν</strong></span> <span class='ocrx_word' id='word_1_321' title='bbox 1061 1880 1345 1926; x_wconf 76' lang='grc' dir='ltr'><em>Ἱπποκράτει</em></span> <span class='ocrx_word' id='word_1_322' title='bbox 1368 1884 1437 1925; x_wconf 78' lang='grc' dir='ltr'><strong>γε]</strong></span> 
     </span>
     <span class='ocr_line' id='line_1_52' title="bbox 793 1929 1441 1972; baseline -0.005 -9"><span class='ocrx_word' id='word_1_323' title='bbox 793 1930 871 1963; x_wconf 86' lang='lat' dir='ltr'><strong>Hoc</strong></span> <span class='ocrx_word' id='word_1_324' title='bbox 896 1930 956 1962; x_wconf 73' lang='lat' dir='ltr'><strong>viri</strong></span> <span class='ocrx_word' id='word_1_325' title='bbox 983 1930 1143 1972; x_wconf 79' lang='lat' dir='ltr'><strong>placitum</strong></span> <span class='ocrx_word' id='word_1_326' title='bbox 1167 1938 1276 1971; x_wconf 89' lang='lat' dir='ltr'><strong>nuper</strong></span> <span class='ocrx_word' id='word_1_327' title='bbox 1292 1929 1441 1960; x_wconf 89' lang='lat' dir='ltr'><strong>illustra-</strong></span> 
     </span>
     <span class='ocr_line' id='line_1_53' title="bbox 791 1973 1441 2009; baseline -0.003 -2"><span class='ocrx_word' id='word_1_328' title='bbox 791 1977 838 2008; x_wconf 75' lang='lat' dir='ltr'><strong>vit</strong></span> <span class='ocrx_word' id='word_1_329' title='bbox 872 1974 1228 2009; x_wconf 86' lang='lat' dir='ltr'><strong>Lichtenstaedt.</strong></span> <span class='ocrx_word' id='word_1_330' title='bbox 1297 1973 1441 2006; x_wconf 86' lang='lat' dir='ltr'><strong>Platons</strong></span> 
     </span>
     <span class='ocr_line' id='line_1_54' title="bbox 791 2018 1443 2056; baseline -0.006 -2"><span class='ocrx_word' id='word_1_331' title='bbox 791 2022 893 2056; x_wconf 86' lang='lat' dir='ltr'><strong>Lehr.</strong></span> <span class='ocrx_word' id='word_1_332' title='bbox 928 2021 991 2054; x_wconf 85' lang='lat' dir='ltr'><strong>auf</strong></span> <span class='ocrx_word' id='word_1_333' title='bbox 1020 2021 1051 2056; x_wconf 90' lang='lat' dir='ltr'><strong>d.</strong></span> <span class='ocrx_word' id='word_1_334' title='bbox 1081 2021 1209 2054; x_wconf 84' lang='lat' dir='ltr'><strong>Gebiet</strong></span> <span class='ocrx_word' id='word_1_335' title='bbox 1243 2019 1275 2053; x_wconf 90' lang='lat' dir='ltr'><strong>d.</strong></span> <span class='ocrx_word' id='word_1_336' title='bbox 1308 2018 1443 2052; x_wconf 86' lang='lat' dir='ltr'><strong>Naturf.</strong></span> 
     </span>
     <span class='ocr_line' id='line_1_55' title="bbox 789 2063 1443 2110; baseline -0.008 -10"><span class='ocrx_word' id='word_1_337' title='bbox 789 2078 821 2102; x_wconf 92' lang='lat' dir='ltr'><strong>u.</strong></span> <span class='ocrx_word' id='word_1_338' title='bbox 849 2067 962 2102; x_wconf 85' lang='lat' dir='ltr'><strong>Heiik.</strong></span> <span class='ocrx_word' id='word_1_339' title='bbox 999 2078 1031 2110; x_wconf 90' lang='lat' dir='ltr'><strong>p.</strong></span> <span class='ocrx_word' id='word_1_340' title='bbox 1057 2066 1105 2101; x_wconf 77' lang='lat'><strong>83</strong></span> <span class='ocrx_word' id='word_1_341' title='bbox 1132 2077 1182 2107; x_wconf 90' lang='lat' dir='ltr'><strong>sq.</strong></span> <span class='ocrx_word' id='word_1_342' title='bbox 1234 2065 1334 2097; x_wconf 88' lang='lat' dir='ltr'><strong>Ducit</strong></span> <span class='ocrx_word' id='word_1_343' title='bbox 1358 2063 1443 2096; x_wconf 84' lang='lat' dir='ltr'><strong>haec</strong></span> 
     </span>
     <span class='ocr_line' id='line_1_56' title="bbox 791 2110 1442 2153; baseline -0.006 -8"><span class='ocrx_word' id='word_1_344' title='bbox 791 2115 998 2146; x_wconf 81' lang='lat' dir='ltr'><strong>Galenus</strong></span> <span class='ocrx_word' id='word_1_345' title='bbox 1032 2123 1073 2145; x_wconf 86' lang='lat' dir='ltr'><strong>ex</strong></span> <span class='ocrx_word' id='word_1_346' title='bbox 1117 2110 1341 2153; x_wconf 85' lang='lat' dir='ltr'><strong>Hippocratis</strong></span> <span class='ocrx_word' id='word_1_347' title='bbox 1383 2110 1442 2142; x_wconf 83' lang='lat' dir='ltr'><strong>De</strong></span> 
     </span>
     <span class='ocr_line' id='line_1_57' title="bbox 792 2154 1442 2200; baseline -0.006 -9"><span class='ocrx_word' id='word_1_348' title='bbox 792 2158 962 2191; x_wconf 89' lang='lat' dir='ltr'><strong>homine</strong></span> <span class='ocrx_word' id='word_1_349' title='bbox 997 2169 1102 2200; x_wconf 88' lang='lat' dir='ltr'><strong>opere</strong></span> <span class='ocrx_word' id='word_1_350' title='bbox 1134 2157 1177 2190; x_wconf 90' lang='lat' dir='ltr'><strong>T.</strong></span> <span class='ocrx_word' id='word_1_351' title='bbox 1214 2156 1251 2190; x_wconf 93' lang='lat' dir='ltr'><strong>V.</strong></span> <span class='ocrx_word' id='word_1_352' title='bbox 1291 2167 1323 2198; x_wconf 88' lang='lat' dir='ltr'><strong>p.</strong></span> <span class='ocrx_word' id='word_1_353' title='bbox 1348 2154 1380 2189; x_wconf 85' lang='lat'><strong>2.</strong></span> <span class='ocrx_word' id='word_1_354' title='bbox 1407 2160 1442 2188; x_wconf 87' lang='lat' dir='ltr'><strong>et</strong></span> 
     </span>
     <span class='ocr_line' id='line_1_58' title="bbox 794 2201 1443 2245; baseline -0.005 -8"><span class='ocrx_word' id='word_1_355' title='bbox 794 2204 845 2238; x_wconf 87' lang='grc'><strong>16.</strong></span> <span class='ocrx_word' id='word_1_356' title='bbox 863 2208 984 2245; x_wconf 82' lang='lat' dir='ltr'><strong>estque</strong></span> <span class='ocrx_word' id='word_1_357' title='bbox 1002 2203 1044 2236; x_wconf 88' lang='lat' dir='ltr'><strong>ad</strong></span> <span class='ocrx_word' id='word_1_358' title='bbox 1061 2212 1214 2235; x_wconf 89' lang='lat' dir='ltr'><strong>normam</strong></span> <span class='ocrx_word' id='word_1_359' title='bbox 1226 2201 1325 2233; x_wconf 84' lang='lat' dir='ltr'><strong>huius</strong></span> <span class='ocrx_word' id='word_1_360' title='bbox 1342 2211 1443 2243; x_wconf 83' lang='lat' dir='ltr'><strong>prae-</strong></span> 
     </span>
     <span class='ocr_line' id='line_1_59' title="bbox 791 2246 1439 2292; baseline -0.006 -11"><span class='ocrx_word' id='word_1_361' title='bbox 791 2250 879 2292; x_wconf 88' lang='lat' dir='ltr'><strong>cepti</strong></span> <span class='ocrx_word' id='word_1_362' title='bbox 905 2250 1022 2290; x_wconf 82' lang='lat' dir='ltr'><strong>utique</strong></span> <span class='ocrx_word' id='word_1_363' title='bbox 1038 2249 1123 2281; x_wconf 88' lang='lat' dir='ltr'><strong>liber</strong></span> <span class='ocrx_word' id='word_1_364' title='bbox 1138 2248 1192 2280; x_wconf 92' lang='lat' dir='ltr'><strong>ille</strong></span> <span class='ocrx_word' id='word_1_365' title='bbox 1211 2246 1439 2289; x_wconf 81' lang='lat' dir='ltr'><strong>compositus,</strong></span> 
     </span>
     <span class='ocr_line' id='line_1_60' title="bbox 791 2292 1441 2337; baseline -0.003 -11"><span class='ocrx_word' id='word_1_366' title='bbox 791 2305 993 2337; x_wconf 81' lang='lat' dir='ltr'><strong>quamquam</strong></span> <span class='ocrx_word' id='word_1_367' title='bbox 1040 2294 1083 2326; x_wconf 90' lang='lat' dir='ltr'><strong>de</strong></span> <span class='ocrx_word' id='word_1_368' title='bbox 1122 2292 1270 2325; x_wconf 81' lang='lat' dir='ltr'><strong>universi</strong></span> <span class='ocrx_word' id='word_1_369' title='bbox 1320 2296 1441 2324; x_wconf 89' lang='lat' dir='ltr'><strong>natura</strong></span> 
     </span>
     <span class='ocr_line' id='line_1_61' title="bbox 792 2337 1441 2372; baseline -0.005 0"><span class='ocrx_word' id='word_1_370' title='bbox 792 2351 858 2372; x_wconf 89' lang='lat' dir='ltr'><strong>non</strong></span> <span class='ocrx_word' id='word_1_371' title='bbox 900 2342 1040 2372; x_wconf 82' lang='lat' dir='ltr'><strong>multum</strong></span> <span class='ocrx_word' id='word_1_372' title='bbox 1081 2338 1243 2371; x_wconf 88' lang='lat' dir='ltr'><strong>continet.</strong></span> <span class='ocrx_word' id='word_1_373' title='bbox 1298 2337 1441 2370; x_wconf 86' lang='lat' dir='ltr'><strong>Heus-</strong></span> 
     </span>
     <span class='ocr_line' id='line_1_62' title="bbox 793 2383 1442 2418; baseline -0.002 -2"><span class='ocrx_word' id='word_1_374' title='bbox 793 2387 896 2418; x_wconf 78' lang='lat' dir='ltr'><strong>dius</strong></span> <span class='ocrx_word' id='word_1_375' title='bbox 936 2385 1011 2418; x_wconf 89' lang='lat' dir='ltr'><strong>luit.</strong></span> <span class='ocrx_word' id='word_1_376' title='bbox 1043 2384 1132 2417; x_wconf 91' lang='lat' dir='ltr'><strong>Phil.</strong></span> <span class='ocrx_word' id='word_1_377' title='bbox 1161 2384 1248 2415; x_wconf 79' lang='lat' dir='ltr'><strong>Plot.</strong></span> <span class='ocrx_word' id='word_1_378' title='bbox 1288 2383 1363 2418; x_wconf 78' lang='lat' dir='ltr'><strong>vol.</strong></span> <span class='ocrx_word' id='word_1_379' title='bbox 1402 2383 1442 2415; x_wconf 87' lang='lat' dir='ltr'><strong>ll.</strong></span> 
     </span>
     <span class='ocr_line' id='line_1_63' title="bbox 794 2428 1440 2473; baseline -0.006 -10"><span class='ocrx_word' id='word_1_380' title='bbox 794 2432 834 2463; x_wconf 92' lang='grc' dir='ltr'><strong>Ρ.</strong></span> <span class='ocrx_word' id='word_1_381' title='bbox 869 2431 908 2463; x_wconf 88' lang='lat' dir='ltr'><strong>ll.</strong></span> <span class='ocrx_word' id='word_1_382' title='bbox 949 2442 980 2473; x_wconf 89' lang='lat' dir='ltr'><strong>p.</strong></span> <span class='ocrx_word' id='word_1_383' title='bbox 1021 2431 1092 2465; x_wconf 74' lang='lat'>189.</span> <span class='ocrx_word' id='word_1_384' title='bbox 1121 2428 1273 2462; x_wconf 83' lang='lat' dir='ltr'><strong>Platonis</strong></span> <span class='ocrx_word' id='word_1_385' title='bbox 1301 2433 1440 2461; x_wconf 82' lang='lat' dir='ltr'><strong>senten-</strong></span> 
     </span>
     <span class='ocr_line' id='line_1_64' title="bbox 793 2475 1441 2517; baseline -0.005 -9"><span class='ocrx_word' id='word_1_386' title='bbox 793 2478 876 2509; x_wconf 86' lang='lat' dir='ltr'><strong>tiam</strong></span> <span class='ocrx_word' id='word_1_387' title='bbox 905 2476 1041 2508; x_wconf 75' lang='lat' dir='ltr'><strong>ductam</strong></span> <span class='ocrx_word' id='word_1_388' title='bbox 1070 2476 1142 2508; x_wconf 74' lang='lat' dir='ltr'><strong>vult</strong></span> <span class='ocrx_word' id='word_1_389' title='bbox 1169 2475 1283 2517; x_wconf 86' lang='lat' dir='ltr'><strong>potius</strong></span> <span class='ocrx_word' id='word_1_390' title='bbox 1312 2485 1354 2506; x_wconf 84' lang='lat' dir='ltr'><strong>ex</strong></span> <span class='ocrx_word' id='word_1_391' title='bbox 1379 2483 1441 2505; x_wconf 81' lang='lat' dir='ltr'><strong>nu·</strong></span> 
     </span>
     <span class='ocr_line' id='line_1_65' title="bbox 792 2520 1438 2564; baseline -0.005 -10"><span class='ocrx_word' id='word_1_392' title='bbox 792 2524 888 2554; x_wconf 89' lang='lat' dir='ltr'><strong>reolo</strong></span> <span class='ocrx_word' id='word_1_393' title='bbox 898 2522 1120 2564; x_wconf 88' lang='lat' dir='ltr'><strong>Hippocratis</strong></span> <span class='ocrx_word' id='word_1_394' title='bbox 1135 2521 1219 2553; x_wconf 90' lang='lat' dir='ltr'><strong>libro</strong></span> <span class='ocrx_word' id='word_1_395' title='bbox 1235 2520 1262 2551; x_wconf 92' lang='lat' dir='ltr'>D</span> <span class='ocrx_word' id='word_1_396' title='bbox 1275 2530 1293 2552; x_wconf 93' lang='lat' dir='ltr'><strong>e</strong></span> <span class='ocrx_word' id='word_1_397' title='bbox 1318 2522 1438 2559; x_wconf 74' lang='lat' dir='ltr'><strong>aere,</strong></span> 
     </span>
     <span class='ocr_line' id='line_1_66' title="bbox 792 2564 1440 2609; baseline -0.006 -9"><span class='ocrx_word' id='word_1_398' title='bbox 792 2568 918 2609; x_wconf 82' lang='lat' dir='ltr'><strong>aquis</strong></span> <span class='ocrx_word' id='word_1_399' title='bbox 951 2572 994 2600; x_wconf 86' lang='lat' dir='ltr'><strong>et</strong></span> <span class='ocrx_word' id='word_1_400' title='bbox 1028 2568 1152 2600; x_wconf 83' lang='lat' dir='ltr'><strong>locis.</strong></span> <span class='ocrx_word' id='word_1_401' title='bbox 1202 2566 1254 2598; x_wconf 88' lang='lat' dir='ltr'><strong>De</strong></span> <span class='ocrx_word' id='word_1_402' title='bbox 1277 2564 1440 2599; x_wconf 86' lang='lat' dir='ltr'><strong>methodo</strong></span> 
     </span>
     <span class='ocr_line' id='line_1_67' title="bbox 793 2610 1440 2655; baseline -0.006 -10"><span class='ocrx_word' id='word_1_403' title='bbox 793 2613 1027 2655; x_wconf 73' lang='lat' dir='ltr'><strong>HippocratiS,</strong></span> <span class='ocrx_word' id='word_1_404' title='bbox 1059 2611 1260 2646; x_wconf 81' lang='lat' dir='ltr'><strong>Socraticae</strong></span> <span class='ocrx_word' id='word_1_405' title='bbox 1294 2616 1329 2643; x_wconf 86' lang='lat' dir='ltr'><strong>et</strong></span> <span class='ocrx_word' id='word_1_406' title='bbox 1355 2610 1440 2642; x_wconf 84' lang='lat' dir='ltr'><strong>Pla-</strong></span> 
     </span>
     <span class='ocr_line' id='line_1_68' title="bbox 792 2655 1439 2699; baseline -0.008 -9"><span class='ocrx_word' id='word_1_407' title='bbox 792 2659 928 2691; x_wconf 82' lang='lat' dir='ltr'><strong>tonicae</strong></span> <span class='ocrx_word' id='word_1_408' title='bbox 976 2658 1169 2697; x_wconf 84' lang='lat' dir='ltr'><strong>simillima,</strong></span> <span class='ocrx_word' id='word_1_409' title='bbox 1211 2656 1366 2699; x_wconf 79' lang='lat' dir='ltr'><strong>disputat</strong></span> <span class='ocrx_word' id='word_1_410' title='bbox 1399 2655 1439 2686; x_wconf 89' lang='lat' dir='ltr'><strong>C.</strong></span> 
     </span>
     <span class='ocr_line' id='line_1_69' title="bbox 794 2701 1437 2748; baseline -0.008 -13"><span class='ocrx_word' id='word_1_411' title='bbox 794 2704 932 2748; x_wconf 71' lang='lat' dir='ltr'><strong>Pruys</strong></span> <span class='ocrx_word' id='word_1_412' title='bbox 989 2704 1071 2736; x_wconf 83' lang='lat' dir='ltr'><strong>Van</strong></span> <span class='ocrx_word' id='word_1_413' title='bbox 1129 2703 1201 2735; x_wconf 84' lang='lat' dir='ltr'><strong>der</strong></span> <span class='ocrx_word' id='word_1_414' title='bbox 1255 2701 1437 2734; x_wconf 78' lang='lat' dir='ltr'><strong>Hoeven</strong></span> 
     </span>
    </p>
   </div>
  </div>
 </body>
</html>
