1687 2969
515 194 587 231 AD
618 192 860 232 GORGIAM
889 192 1158 230 PLATONIS.
1461 195 1507 229 51

163 301 249 351 IV.
296 301 370 350 De
417 302 745 368 temporibus,
802 302 984 366 quibus
1038 301 1252 367 Gorgias
1302 300 1511 366 scriptus

163 386 402 449 videatur,
441 387 599 452 deque
625 387 728 435 eius
754 404 866 436 cum
892 387 1002 435 aliis
1029 386 1250 434 Platonis
1277 385 1509 451 operibus

270 471 644 520 necessitudine.
704 471 779 519 De
817 471 1004 536 dialogi
1040 471 1198 519 habiti
1236 478 1407 519 aetate.

245 585 319 624 Sed
348 587 444 624 haec
462 586 546 635 ipsa
574 600 634 623 res
665 586 846 637 quoniam
866 585 1076 624 arctissime
1106 585 1308 623 coniuncta
1338 590 1396 623 est
1424 599 1509 623 cum

159 642 418 692 disputatione
447 643 494 680 de
522 646 694 691 tempore
722 642 811 680 libri
840 643 978 688 natali,
1011 642 1111 679 ultro
1142 641 1219 678 iam
1248 643 1509 692 quaerendum

159 698 286 745 venit,
326 712 492 749 quanam
521 699 624 737 vitae
654 702 780 737 aetate
809 699 1060 747 philosophus
1090 698 1193 735 hunc
1222 698 1416 746 dialogum
1445 699 1507 736 lit-

159 755 251 792 teris
280 755 573 804 consignaverit.
612 755 762 793 Nititur
790 761 919 793 autem
944 755 1060 792 huius
1088 755 1143 792 rei
1164 755 1374 804 disputatio
1403 768 1508 792 mera

158 811 394 858 coniectura,
434 811 744 862 quandoquidem
784 817 917 858 notae,
958 813 1060 849 unde
1097 812 1144 848 de
1174 811 1261 849 libri
1290 812 1507 860 primordiis

159 868 305 918 aliquid
337 868 513 916 colligere
541 868 665 915 liceat,
696 868 824 905 nullae
854 869 1065 917 peculiares
1094 869 1350 917 reperiuntur.
1398 868 1508 905 Facit

157 929 287 962 tamen
315 924 441 974 ipsum
480 924 605 973 operis
634 930 904 973 argumentum
933 925 1092 975 eiusque
1123 938 1209 962 cum
1241 924 1325 962 aliis
1355 925 1506 973 scriptis

158 981 365 1019 Platonicis
395 981 611 1018 coniunctio
648 994 691 1018 ac
720 981 980 1027 necessitudo,
1021 986 1066 1019 ut
1103 994 1149 1018 ea
1188 981 1227 1017 in
1258 994 1391 1018 caussa
1429 994 1504 1017 non

158 1038 271 1086 plane
310 1037 457 1075 consilii
495 1038 628 1087 inopes
657 1038 895 1076 haereamus.
952 1038 1052 1075 Nam
1092 1037 1152 1074 his
1183 1037 1432 1075 consideratis
1461 1038 1505 1075 fit

157 1106 248 1131 sane
277 1094 389 1142 longe
417 1094 738 1132 verisimillimum
768 1095 951 1143 scriptum
981 1094 1075 1130 illud
1106 1107 1188 1131 esse
1225 1098 1310 1142 post
1339 1094 1505 1130 Socratis

157 1150 314 1196 obitum,
346 1164 422 1201 quo
450 1154 619 1200 tempore
648 1151 897 1200 philosophus
928 1151 1029 1199 apud
1060 1150 1229 1187 animum
1253 1150 1505 1188 constituerat

156 1206 197 1243 in
227 1219 337 1245 omne
365 1211 517 1256 tempus
547 1207 787 1256 publicorum
817 1207 1056 1255 negotiorum
1086 1206 1407 1244 administrationi
1437 1220 1503 1245 va—

157 1263 319 1301 ledicere
347 1266 463 1313 atque
492 1264 613 1301 vitam
652 1277 762 1301 suam
799 1264 910 1301 unice
940 1263 1204 1313 philosophiae
1240 1263 1378 1301 studiis
1417 1276 1503 1300 con-

155 1331 314 1358 secrare.
371 1319 490 1357 Cuius
527 1320 741 1358 sententiae
769 1325 922 1358 nostrae
962 1321 1030 1357 has
1068 1320 1148 1356 fere
1186 1332 1339 1357 caussas
1376 1325 1415 1357 et
1442 1333 1502 1356 ra-

155 1375 278 1413 tiones
315 1375 513 1413 habemus.
588 1376 759 1413 Primum
808 1377 910 1414 enim
957 1389 1090 1414 caussa
1129 1376 1295 1414 Socratis
1343 1376 1502 1426 eiusque

157 1432 348 1470 accusatio
383 1432 605 1470 idemtidem
643 1433 899 1482 significatur,
940 1439 984 1471 ut
1030 1447 1066 1481 p.
1108 1435 1199 1469 434.
1239 1433 1278 1469 C.
1327 1435 1418 1469 469.
1457 1433 1500 1469 B.

158 1491 249 1526 485.
287 1489 331 1526 Β.
373 1492 464 1526 500.
503 1489 543 1526 C.
585 1492 675 1526 521.
715 1490 754 1527 C.
794 1491 840 1527 D.
883 1492 973 1526 522.
1014 1491 1061 1526 A.
1102 1489 1157 1534 B„
1187 1489 1302 1539 idque
1339 1489 1384 1526 fit
1422 1502 1498 1525 non

155 1543 238 1582 sine
274 1545 459 1593 singulari
498 1545 722 1592 acrimonia,
762 1550 807 1584 ut
843 1546 1012 1594 profecto
1041 1545 1289 1583 manifestum
1317 1544 1386 1591 sit,
1426 1558 1502 1595 quo

156 1604 326 1650 tempore
373 1601 623 1651 philosophus
669 1602 766 1639 haec
806 1602 945 1640 litteris
993 1601 1184 1648 exaravit,
1235 1602 1403 1638 dolorem
1452 1614 1501 1638 ex

156 1657 290 1706 optimi
327 1657 500 1705 magistri
536 1662 658 1696 morte
697 1662 915 1707 susceptum
955 1662 1023 1696 aut
1066 1662 1259 1695 recentem
1298 1658 1423 1694 adhuc
1462 1657 1502 1694 in

157 1713 282 1751 animo
310 1713 432 1762 ipsius
461 1714 629 1752 haesisse
666 1718 734 1752 aut
769 1715 894 1753 denuo
929 1713 1196 1752 vehementius
1225 1713 1502 1751 exsuscitatum

156 1782 249 1807 esse.
307 1770 370 1807 Ex
409 1783 484 1821 quo
529 1783 764 1821 consequens
804 1776 879 1817 cst,
930 1776 974 1809 ut
1012 1771 1184 1819 dialogus
1223 1770 1502 1808 existimandus

155 1825 206 1864 sit
227 1829 295 1864 aut
312 1839 391 1864 non
409 1826 466 1865 ita
485 1828 606 1865 multo
626 1831 713 1876 post
733 1828 898 1865 Socratis
918 1827 1065 1865 obitum
1085 1831 1153 1865 aut
1171 1827 1352 1876 temporis
1374 1827 1502 1877 aliquo

155 1882 334 1928 articulo,
376 1883 443 1933 qui
471 1883 553 1921 eius
581 1884 802 1921 memoriam
831 1883 1098 1922 vehementius
1134 1883 1398 1929 resuscitaret,
1438 1883 1501 1920 lit-

155 1938 247 1976 teris
278 1939 522 1988 consignatus
552 1953 645 1978 esse.
692 1941 791 1978 Nam
820 1941 922 1991 quod
951 1940 1128 1978 Astius
1157 1940 1215 1977 De
1245 1939 1326 1979 vita
1356 1945 1395 1977 et
1411 1940 1501 1976 scri-

154 1994 231 2043 ptis
249 1995 399 2033 Platon.
419 2009 456 2045 p.
482 1997 570 2034 137.
601 1997 689 2034 inde
720 1997 883 2044 collegit,
915 1996 1079 2044 origines
1101 1996 1226 2045 operis
1254 1996 1295 2032 in
1324 1995 1407 2044 ipsa
1434 1995 1502 2032 illa

154 2055 327 2100 tempora
354 2053 601 2090 conferendas
630 2066 730 2100 csse,
761 2053 900 2103 quibus
931 2065 1065 2090 caussa
1095 2052 1262 2090 Socratis
1291 2052 1332 2088 in
1361 2052 1500 2088 iudicio

155 2107 205 2145 sit
223 2112 386 2155 versata,
416 2108 455 2146 id
477 2108 666 2147 refellitur
684 2109 776 2147 locis
796 2109 1065 2159 compluribus,
1083 2114 1127 2146 ut
1146 2123 1182 2157 p.
1204 2111 1294 2145 522.
1315 2111 1362 2145 A.
1384 2121 1501 2157 seqq„

154 2163 221 2200 ubi
248 2163 436 2203 iniustum
465 2165 540 2202 viri
558 2165 788 2214 supplicium
816 2179 895 2202 non
915 2167 1074 2202 obscure
1095 2164 1343 2213 significatur.
1384 2165 1501 2200 Porro

154 2220 332 2268 Gorgiam
361 2221 608 2260 manifestum
644 2225 703 2260 est
732 2222 894 2260 arctiore
932 2222 1097 2272 quadam
1127 2220 1344 2270 argumenti
1372 2232 1501 2258 neccs-

153 2372 211 2404 des
236 2371 410 2415 Socrates,
439 2374 519 2406 dass
543 2386 624 2407 man
657 2385 759 2416 sayen
783 2374 920 2415 kbwmte,
953 2385 985 2406 es
1016 2374 1063 2406 sei
1094 2374 1174 2406 alles
1205 2373 1416 2408 Wesentliclae
1439 2386 1503 2407 von

154 2417 230 2449 clort
253 2436 314 2459 ——,
349 2430 417 2451 ‘nur
440 2419 522 2451 iiber
552 2419 606 2452 die
629 2419 862 2452 uozmz'ttelbare
887 2419 1098 2461 pao-sbnliclze
1121 2419 1314 2461 Bezc'ehzmy
1344 2420 1502 2462 erlzaben,

155 2462 371 2504 (largestellff’
415 2464 510 2496 Idem
533 2469 651 2506 postea
675 2464 784 2497 addit:
813 2464 888 2505 „Es
912 2464 1038 2496 sckeint
1061 2464 1141 2497 aber
1154 2461 1243 2507 fast,
1268 2465 1318 2497 als
1342 2465 1426 2497 habe
1450 2465 1505 2497 (lie

157 2507 316 2549 Apoloqie
339 2508 396 2540 des
422 2507 579 2542 Socrates
596 2528 639 2533 ——
663 2510 717 2542 die
736 2509 946 2551 personlz'clze
962 2509 1153 2551 Beziehunq
1176 2509 1268 2542 nicht
1289 2510 1412 2542 sowolzl
1431 2521 1503 2542 ver—

155 2552 260 2592 loren,
285 2552 336 2584 als
359 2553 516 2586 vielmehr
538 2555 734 2594 ver-dudem,
765 2554 838 2586 und
860 2554 908 2585 sei
939 2554 1011 2586 eine
1034 2554 1194 2597 Apoloyie
1216 2555 1274 2587 des
1298 2555 1422 2587 Platon
1449 2565 1503 2596 ye—

158 2597 303 2629 worden.
327 2614 370 2621 -—
396 2596 480 2630 Sieh
503 2599 598 2631 selbst
620 2611 661 2632 zu
685 2599 919 2641 reclzzgfertiyen
941 2598 1023 2631 iiber
1045 2600 1135 2631 scine
1148 2600 1401 2642 sortdauermle
1418 2599 1505 2641 poli-

157 2641 257 2674 tische
289 2641 534 2684 Uutlzatiykeit,
570 2644 715 2686 zuyleiclz
745 2644 825 2675 abeo·
857 2643 944 2675 auch
967 2655 1009 2675 zu
1039 2644 1169 2686 πείθευ,
1199 2645 1259 2677 wie
1273 2644 1442 2686 furcliclos
1467 2654 1503 2675 er

155 2687 270 2719 seinen
296 2687 589 2729 plzilosophischen
628 2689 705 2731 Wey
725 2689 952 2730 fortzzcsetzen
983 2687 1109 2732 denke,
1138 2690 1227 2723 (Ziese
1257 2689 1395 2721 Absiclct
1424 2689 1504 2721 liisst

153 2731 223 2764 sich
243 2742 310 2772 yar
331 2732 417 2765 wohl
438 2732 568 2766 denken
591 2733 628 2766 in
653 2739 752 2766 etwas
777 2737 928 2775 specterer
953 2733 1055 2766 Zeit.”

1186 2800 1237 2833 4*
