1687 2969
294 128 707 172 PHAEDRUS.
739 128 788 170 Ρ.
821 130 902 171 ’262
932 136 973 171 et
1003 131 1082 172 263
1119 129 1182 174 St.
1327 131 1406 172 163

168 244 280 307 Cap.
316 244 489 291 XLVI.
557 247 662 291 ΣΩ.
716 239 819 303 Ἆρ’
867 240 948 291 οὖν
993 247 1045 291 οὐ
1090 249 1224 292 παντὶ
1269 249 1406 302 δῆλον

68 313 118 357 τό
154 331 200 370 γε
233 312 426 365 τοιόνδε,
470 312 526 365 ὡς
561 317 657 370 περὶ
690 316 770 369 μὲν
806 318 898 358 ἔνια
929 315 1016 357 τῶν
1051 314 1263 358 τοιούτων
1297 313 1406 372 ὀμο-

67 383 280 434 νοητικῶς
309 386 482 438 ἔχομεν,
516 384 614 439 περὶ
648 380 688 424 δ’
729 385 824 424 ἔνια
860 383 1170 436 στασιωτικῶς,·

162 461 293 502 ‹DAL
360 462 480 503 Αοκιῦ
511 461 590 515 μὲν
625 457 648 503 ὃ
685 461 816 514 λέγεις
833 457 1102 516 μανθάνειν,
1138 465 1198 504 ἔτι
1232 459 1270 504 δ’
1313 464 1402 506 εἰπὲ

57 532 339 586 σαφεστερον.

157 604 262 647 ΣΩ.
319 602 452 648 Ὅταν
497 621 561 654 τις
597 601 738 648 ὅνοιια
783 606 879 665 είπη
914 604 1092 663 σιδηρου
1128 603 1153 657 ἢ
1189 604 1400 663 ἀργύρου,

58 664 131 726 ἆρ’
174 669 225 714 οὐ
263 671 312 714 τὸ
350 667 460 715 αὐτὸ
500 669 661 722 πάντες
697 671 1019 727 διενοήθημενς

104 773 109 775 -
157 750 285 792 ΦΑΙ.
358 752 446 792 Καὶ
480 748 614 806 μαλα.

160 816 264 859 ΣΩ.
342 819 393 859 Τι’
426 816 464 861 δ’
499 815 610 861 ὅταν
649 819 817 860 δικαίου
853 814 878 870 ἢ
913 816 1124 873 ἀγαθοῦς
1159 816 1238 860 οὐκ
1265 813 1399 868 ἄλλος

58 880 168 944 ἄλλῃ
216 889 417 942 φέρεται,
463 888 534 928 καὶ
578 883 938 944 άμᾳιςβητοῦμεν
983 883 1192 937 ἀλλήλοις
1234 901 1279 927 τε
1325 888 1397 927 καὶ

51 947 154 1005 ἡμῖν
191 949 367 1005 αὐτοῑς;

159 1030 290 1072 ΦΑΙ.
359 1027 491 1073 Πάνυ
523 1032 603 1085 μὲν
642 1045 734 1072 ουν.

150 1095 256 1140 ΣΩ.
320 1095 390 1139 Εν
408 1098 488 1151 μὲν
513 1094 601 1153 ἄρα
622 1104 715 1147 τοῖς
733 1098 1062 1169 συμφωνοῦμεν,
1087 1103 1133 1140 ἐν
1150 1100 1194 1141 δὲ
1214 1106 1306 1149 τοῖς
1325 1095 1394 1147 οὕ.
1426 1108 1464 1150 Β

152 1164 282 1206 ΦΑΙ.
354 1162 493 1207 Οὕτω.

149 1229 256 1273 ΣΩ.
324 1233 568 1288 Ποτέρωθι
605 1225 685 1273 οὗν
728 1228 1105 1287 εὐαπατητότεροί
1139 1236 1283 1287 ἐσμεν,
1321 1235 1394 1274 καὶ

47 1296 74 1350 ἡ
110 1294 317 1356 ῥητορικὴ
353 1302 399 1341 ὲν
434 1301 634 1355 ποτέροις
667 1298 812 1354 μεῖζον
847 1295 1060 1353 δύναται,-

151 1376 279 1419 ΦΑΙ.
347 1378 516 1429 Δῆλον,
547 1374 617 1420 ὅτι
652 1381 698 1419 ὲν
733 1375 800 1426 οἷς
833 1374 1123 1432 πλανώμεθα.

144 1455 248 1498 ΣΩ.
320 1454 491 1499 Οὐκοῦν
527 1455 604 1499 τὸν
638 1458 852 1512 μέλλοντα
888 1461 1038 1512 τέχνην
1062 1452 1298 1514 ῥητορικὴν
1317 1473 1390 1511 με·

48 1528 181 1566 τιέναι
222 1524 397 1579 πρῶτον
441 1525 521 1578 μὲν
568 1525 630 1566 δεῖ
672 1524 815 1566 ταῦτα
863 1521 950 1578 ὁδῷ
999 1524 1265 1582 διῃρῆσθαι,
1316 1526 1390 1566 καὶ

46 1592 270 1648 εἰληφέναι
302 1588 401 1632 τινὰ
433 1591 692 1646 χαρακτῆρα
728 1592 935 1645 ἐκατέρου
972 1591 1051 1633 τοῦ
1086 1590 1238 1641 εἴδους,
1272 1593 1319 1633 ἐν
1355 1583 1388 1644 ᾦ

50 1673 91 1700 τε
128 1655 298 1712 ἀνάγκη
333 1654 382 1700 τὸ
418 1658 598 1709 πλῆθος
632 1658 896 1700 πλανᾶσθαι
930 1659 1002 1700 καὶ
1036 1661 1081 1700 ὲν
1122 1650 1155 1711 ᾧ
1193 1654 1270 1712 μή.

137 1810 180 1843 Ρ.
202 1807 280 1844 263.
322 1811 362 1845 Α.
404 1810 715 1853 στασιωτικῶς]
742 1810 862 1843 Paullo
887 1814 964 1843 ante
979 1810 1082 1844 Coisl.
1109 1813 1174 1842 τῶν
1199 1808 1306 1842 ὄντων
1329 1808 1390 1854 ὁμ.

46 1857 157 1898 Vulgo
182 1859 437 1897 στασιαστικῶς,
461 1857 571 1889 invitis
597 1855 696 1890 codd.
723 1855 928 1889 melioribus.

139 1901 177 1936 B.
227 1899 273 1933 τὸ
312 1903 488 1943 πλῆθος
519 1902 802 1945 πλανᾶσθαι]
836 1901 875 1934 τὸ
902 1901 992 1941 εἶδος
1017 1901 1092 1936 Vat.
1117 1901 1202 1936 Ven.
1227 1901 1277 1936 Π.
1306 1901 1388 1936 Par.

42 1946 286 1982 DGNOPT.

44 2060 208 2095 Luciann.
232 2071 266 2103 p.
292 2058 348 2094 27.
408 2059 480 2092 Alia
510 2058 543 2091 id
574 2070 682 2103 genus

44 2106 108 2149 ipsi
132 2106 175 2139 ad
197 2117 231 2149 p.
256 2104 335 2139 258.
358 2106 397 2139 A.
423 2105 624 2140 notavimus.

89 2151 291 2194 Παῦσαι]
322 2150 386 2184 lut.
415 2149 683 2193 ἀναγιγνώσκων.

46 2208 77 2231 v.
108 2196 151 2229 ad
180 2198 284 2240 Apol.
323 2196 457 2231 Socrat.
490 2208 523 2239 p.
553 2197 607 2232 26.
642 2201 683 2232 Α.

46 2243 100 2277 ed.
126 2242 158 2276 3.
205 2243 365 2276 collectis
390 2243 436 2275 ibi
461 2253 479 2275 a
505 2243 604 2275 nobis
634 2244 682 2276 rei

45 2288 212 2331 exemplis
241 2288 329 2322 adde
359 2298 446 2321 nunc
478 2288 576 2322 etiam
609 2288 683 2322 So-

44 2334 189 2378 phoci
215 2333 303 2367 Oed.
337 2334 411 2368 Col.
440 2344 472 2368 v.
507 2334 603 2369 1039.
630 2335 683 2369 ed.

45 2380 105 2413 Bt.
132 2379 320 2416 πιστωθεὶς
344 2378 418 2420 δ’,τι
448 2379 489 2421 ἢν
512 2379 558 2424 μὴ
586 2379 682 2413 θάνω

41 2425 101 2469 ’γὼ
146 2424 322 2481 πρόσθεν,
371 2424 450 2466 οὐχὶ
493 2425 684 2468 παύσομαι.

44 2471 101 2505 ubi
118 2471 177 2504 int.
202 2468 293 2502 οὕτω
311 2472 426 2504 ποιῶν.
449 2471 541 2507 Aiae.
560 2483 590 2507 v.
606 2472 686 2507 483.

44 2518 176 2551 παῦσαί
198 2527 236 2560 γε
262 2517 399 2559 μέντοι,
431 2517 488 2549 ubi
512 2528 556 2551 ex
579 2519 688 2556 ἔλεξας

47 2563 187 2605 intenig.
220 2562 332 2605 λέγων.
363 2561 489 2596 Electr.
520 2574 553 2598 v,
589 2564 689 2599 1428.

45 2607 233 2642 παύσασθε
259 2617 305 2641 se.
330 2606 572 2652 διαλεγόμενοι.

92 2653 226 2689 Ρ.263.
244 2654 285 2687 Β.
309 2651 370 2685 Ἐν
393 2656 465 2697 μὲν
489 2653 573 2696 ἄρα
596 2659 687 2692 τοῖς

53 2703 375 2744 συμφωνοῦμεν
406 2699 471 2742 -]
521 2700 573 2733 lta
606 2711 689 2736 con-

750 2060 852 2092 stanti
867 2059 1022 2102 loquendi
1044 2061 1290 2094 consuetudine
1305 2061 1390 2093 scri-

749 2110 845 2148 ptum
879 2116 941 2148 pro
973 2116 1015 2139 eo
1045 2107 1135 2148 quod
1161 2106 1388 2148 exspectabas

750 2153 784 2184 ἐν
808 2155 878 2187 τοῖς
904 2155 964 2194 μὲν
987 2150 1066 2194 ἄρα.
1106 2152 1160 2185 De
1182 2152 1272 2194 Rep.
1291 2151 1331 2185 V.
1354 2162 1388 2194 p.

751 2197 828 2231 467.
847 2198 886 2230 D.
911 2197 960 2233 εἷς
983 2201 1042 2239 μὲν
1069 2196 1136 2240 ἄρα
1159 2196 1222 2234 τὰς
1238 2197 1389 2239 ἄξουσιν,

751 2243 795 2280 εἰς
820 2243 852 2275 δὲ
876 2242 938 2280 τὰς
959 2241 1213 2283 εὐλαβήσονται.
1250 2244 1388 2277 Menex.

751 2300 783 2331 p.
817 2288 894 2323 241.
926 2288 964 2323 C.
997 2288 1139 2323 Theaet.
1169 2301 1199 2332 p.
1238 2289 1312 2324 167.
1346 2289 1376 2322 Ε

751 2334 820 2368 Sed
854 2334 935 2366 satis
973 2335 1202 2377 exemplorum
1238 2336 1389 2378 college-

749 2384 827 2413 runt
861 2378 1048 2414 Fischer.
1080 2380 1121 2413 ad
1151 2381 1329 2416 Weller.
1361 2381 1388 2416 1.

751 2437 785 2468 p.
818 2425 895 2459 331.
937 2425 1167 2462 Hermann.
1198 2426 1242 2459 ad
1277 2427 1389 2469 Viger.

753 2483 788 2514 p.
814 2470 892 2506 699.
927 2474 1014 2505 Ast.
1046 2471 1090 2505 ad
1118 2472 1227 2515 Legg.
1252 2484 1285 2516 p.
1313 2474 1389 2508 177.

757 2517 970 2550 Matthiae
1003 2517 1065 2551 Gr.
1100 2518 1128 2560 §.
1151 2518 1230 2554 288.
1255 2530 1330 2554 ann.
1354 2519 1388 2554 3.

753 2575 786 2606 p.
812 2562 878 2597 740
904 2573 955 2604 sq.
981 2562 1035 2597 ed.
1060 2563 1094 2598 3.

801 2608 883 2652 ὁδῷ
921 2610 1195 2654 διῃρῆσθαι]
1241 2610 1311 2642 via
1349 2614 1394 2642 et

756 2655 931 2687 ratione
955 2654 1236 2690 discrevisse.
1260 2654 1395 2696 11εόδῷ

755 2700 879 2743 legitur
904 2701 1007 2734 etiam
1030 2701 1132 2745 Reip.
1159 2702 1231 2736 VII.
1257 2712 1290 2744 p.
1317 2700 1396 2736 533.

971 2757 1072 2798 11*
