1687 2969
1337 175 1409 210 141

427 172 668 211 GORGIAS.
698 173 742 210 P.
773 175 865 210 465.
896 173 955 211 ed.
987 173 1044 212 St.

66 281 141 322 τὸν
177 276 312 322 αὐτὸν
348 281 511 333 τρόπον
547 284 704 323 τοῦτον
740 281 769 334 ἦ
796 282 1064 336 κομμωτική.
1102 282 1344 334 κακοῦργός
1371 295 1414 322 τε

66 341 174 386 οὗσα
214 344 284 387 καὶ
313 346 503 401 ἄπατηλὴ
546 345 616 388 καὶ
655 345 836 400 ἀγεννὴς
865 346 935 387 καὶ
974 348 1276 400 ἀνελεύθερος,
1319 348 1412 400 σχή-

65 421 167 462 μασι
204 411 275 452 καὶ
311 413 497 466 χρώμασι
537 412 608 453 καὶ
645 412 824 465 λειότητι
862 412 933 453 καὶ
973 412 1144 466 ἐσθήσει.
1194 413 1413 460 einamma,

65 473 165 524 ὥςτε
193 479 331 517 ποιεῖν
359 478 582 530 ἀλλότριον
622 479 774 525 καλλος
804 476 1117 531 ἐφελκομένους
1146 485 1223 519 τοῦ
1253 479 1413 519 οἰκείου

65 547 141 582 τοῦ
171 542 239 582 διὰ
267 548 340 595 τῆς
362 548 650 596 γυμναστικῆς
672 543 851 596 ἀμελεῖν.
884 538 933 583 ἵν’
964 539 1044 583 οὖν
1065 542 1121 596 μὴ
1145 545 1413 597 μακρολογῶ.

65 605 198 647 ἐθέλω
236 616 303 647 σοι
341 608 474 648 εἰπεῖν
510 604 646 659 ὥςπερ
688 608 729 649 οἱ
764 606 994 661 γεωμέτραι
1034 632 1083 637 -
1122 610 1203 662 ἤδη
1240 609 1321 662 γὰρ
1361 609 1415 649 ἂν

64 671 164 719 ἴσως
203 672 522 726 οἷκολουθήσαις
560 697 610 703 —
651 669 717 714 ὅτι
756 671 779 713 ὃ
818 672 1062 727 κομμωτικὴ
1103 676 1210 726 πρὸς
1253 689 1413 727 γυμνα-

63 738 221 790 στικήν,
251 743 377 778 τοῦτο
407 737 636 791 ὀψοποιικὴ
665 738 772 790 πρὸς
802 739 1008 793 ἰατρικήν.
1055 742 1218 792 μᾶλλον
1248 739 1291 780 δὲ
1320 731 1414 788 ὧδε,

132 881 295 923 τοόποι
320 882 487 937 τοῦτον]
515 882 646 915 τούτωι
672 883 790 915 Clark.
816 884 893 915 Vat.

130 926 379 970 κακοῦργός
412 940 452 960 τε
483 923 611 971 οὖσα]
645 923 734 960 οὖσα
767 929 919 961 additum
954 941 971 961 e
1004 930 1090 961 Ven.
1126 930 1206 962 ΞΣ.
1247 929 1349 961 Vind.
1380 929 1412 962 2.

60 974 135 1005 Par.
161 974 202 1005 V.
226 973 318 1005 Flor.
357 984 386 1005 a.
411 973 444 1005 b.
475 984 504 1006 c.
537 974 568 1005 d.
601 974 623 1005 f.
655 985 698 1006 m.
723 986 753 1006 o.
780 986 812 1006 x.
845 975 933 1017 Aug.
958 976 1097 1007 Mem-,m
1130 979 1162 1007 et
1195 985 1278 1007 corr.
1306 975 1410 1007 Coisl.

62 1020 138 1050 Par.
164 1019 203 1050 B.
228 1020 360 1050 Tuetur
382 1018 468 1050 illud
493 1020 593 1051 etiam
626 1019 704 1051 edit.
730 1020 810 1052 Bas.
833 1019 876 1059 2.,
902 1020 1026 1052 omittit
1050 1026 1162 1052 tamen
1189 1020 1304 1052 Clark.
1331 1031 1410 1052 cum

63 1064 318 1106 Olympiodoro

130 1107 316 1152 σχήμασι
342 1109 411 1140 καὶ
437 1107 647 1152 χοιόμασι]
689 1110 777 1141 Vett.
805 1110 900 1142 editt.
929 1109 1077 1151 σχήιιάιτι
1108 1122 1139 1142 τε
1165 1111 1218 1142 καὶ
1244 1122 1294 1152 χ).

62 1166 94 1186 τε
124 1165 189 1186 om.
225 1154 341 1186 Clark
375 1154 451 1187 Vat
490 1155 1059 1187 Pa1213EF1W.Cois1.F·.101
1091 1157 1113 1187 s.
1139 1167 1164 1187 3.
1190 1167 1222 1187 x.
1261 1157 1409 1188 Darmst.

61 1200 198 1232 Aristid.
225 1201 315 1231 Dein
339 1203 420 1231 vett.
445 1199 537 1231 editt.
566 1200 620 1232 καὶ
647 1199 804 1242 λειότητι,
837 1211 898 1242 pro
923 1211 989 1242 quo
1015 1202 1091 1234 Par.
1118 1202 1194 1233 EF.
1220 1202 1308 1233 Flor.
1337 1203 1358 1232 f.
1385 1212 1411 1233 s

60 1245 136 1276 Ald.
162 1246 240 1277 Bas.
274 1244 304 1277 1.
329 1243 496 1287 λειότησι,
530 1250 568 1276 ut
592 1246 737 1277 Bekker.
771 1247 959 1278 Hermann.
993 1247 1061 1277 alii.
1097 1247 1184 1278 Tum
1210 1247 1314 1289 vulgo
1339 1252 1409 1278 erat

58 1291 112 1322 καὶ
138 1289 316 1333 adomim,
341 1300 445 1322 sensu
476 1290 583 1322 nullo.
633 1291 731 1331 Quod
758 1291 912 1323 dedimus
939 1290 1103 1333 ἐσθήσει,
1130 1292 1232 1323 Corai
1257 1292 1410 1323 debetur.

58 1336 236 1368 Bekkerus
260 1336 407 1368 coniecit
431 1335 582 1378 ἐσθῆσιν
606 1347 647 1368 ex
673 1337 747 1368 Par.
773 1337 813 1368 V.
839 1348 886 1378 pr.
914 1342 945 1368 et
961 1336 1065 1368 Coisl.
1092 1348 1157 1368 see.
1183 1342 1220 1368 ut
1241 1337 1410 1370 Canterus

58 1382 145 1414 Nov.
170 1382 276 1413 Leett.
302 1382 345 1421 V,
370 1379 422 1413 15.
471 1381 587 1413 Codex
620 1381 781 1413 Aristidis
813 1382 1054 1414 Sohellerhem.
1089 1382 1193 1414 habet
1219 1381 1352 1426 ἐσθῆτι.
1378 1393 1409 1414 v.

60 1430 175 1458 annot

104 1473 210 1505 ἴσως
235 1469 579 1514 ἅκολοινθήσαιε]
622 1472 678 1503 Sic
703 1472 822 1514 optimi
848 1476 881 1504 et
905 1472 1006 1514 longe
1032 1472 1169 1513 plurimi
1194 1472 1283 1504 libri.
1317 1473 1409 1505 Vett.

59 1517 152 1549 editt.
179 1514 464 1559 ἅκολουθήσειας.
489 1517 577 1549 conf.
603 1517 692 1548 infra
716 1528 747 1558 p.
772 1515 848 1549 477.
874 1518 911 1549 B.
939 1524 971 1549 et
996 1518 1171 1550 Matthiae.
1199 1519 1255 1550 Gr.
1306 1519 1408 1561 ampl.

60 1563 99 1594 Τ.
126 1563 152 1594 Ι.
176 1573 208 1604 p.
233 1561 329 1602 361.,
360 1563 418 1604 qui
447 1563 599 1594 Atticam
631 1563 774 1593 formam
808 1563 951 1604 optativi
984 1574 1052 1594 non
1089 1574 1220 1605 semper
1250 1565 1408 1606 usurpari

59 1607 101 1639 ab
127 1608 251 1639 Atticis
276 1607 500 1649 scriptoribus
524 1608 701 1639 verissime
726 1607 848 1639 docuit.

129 1653 165 1684 C.
198 1656 323 1685 τοῦτο
357 1650 609 1695 ὀψοποιικὴ]
658 1653 697 1684 V.
732 1650 970 1695 ὀψοποιητική.
1019 1653 1108 1685 Illud
1140 1664 1257 1685 rursus

57 1698 135 1729 Vat.
160 1698 287 1740 aliique
311 1698 449 1740 plurimi
473 1702 621 1730 tuentur.
670 1698 727 1730 Sic
752 1699 832 1730 item
857 1699 976 1740 paullo
1002 1704 1088 1740 post.

1344 1111 1411 1143 Sed

1291 1653 1408 1686 Clark.

767 1811 966 1851 efficiat,
1006 1815 1049 1843 ut
1087 1812 1286 1844 homines
1322 1812 1409 1854 pul-

767 1856 1012 1888 critudinis
1046 1856 1244 1888 adscitae
1276 1861 1409 1899 atque

57 1809 290 1843 coloribus
321 1815 360 1842 et
394 1810 696 1853 laevigatione

58 1860 99 1888 et
122 1855 345 1888 vestiendi
377 1856 554 1888 ratione
588 1856 698 1888 frau—

56 1902 147 1934 dem
179 1902 370 1941 faeiens;
409 1901 518 1933 durch
550 1900 698 1933 Formen

56 1947 128 1979 und
158 1946 297 1978 Farben
326 1946 400 1978 und
435 1946 595 1989 Gliz‘ttzmy
627 1946 699 1978 und

59 1990 281 2032 Gewandzmq
321 1991 512 2024 tdzcsclzend.
592 1991 697 2023 Vides

57 2038 106 2069 ita
130 2037 245 2069 omnia
275 2047 349 2068 esse
381 2037 473 2069 clara
508 2042 541 2068 et
570 2038 697 2079 perspi·

58 2093 135 2123 oua,
158 2087 196 2114 ut
219 2093 289 2114 non
320 2092 405 2123 opus
436 2082 481 2114 sit
504 2083 617 2114 varias
649 2083 698 2113 vi-

58 2139 171 2160 rorum
214 2127 390 2159 doctorum
433 2127 612 2169 opiniones
656 2128 697 2159 de

57 2174 122 2205 hoo
145 2173 222 2205 loco
247 2176 452 2214 expromtas,
478 2174 601 2214 partim
625 2183 697 2214 per-

58 2229 162 2260 quam
192 2218 297 2250 miras
335 2217 414 2249 illas
453 2222 486 2249 et
519 2217 696 2258 absurdas,

59 2274 243 2296 memorare
267 2262 322 2294 vel
338 2263 546 2295 examinare.
571 2263 697 2303 Quam-

60 2319 162 2350 quam
200 2319 259 2361 pro
296 2306 438 2350 λειότητι
472 2307 533 2339 ubi
565 2307 697 2339 λειώσει

57 2355 252 2396 scripseris,
287 2353 322 2384 id
346 2354 448 2385 etiam
472 2353 593 2384 melius
619 2363 697 2385 eum

58 2397 204 2442 ἐσθήσει
227 2398 454 2430 concordabit.
479 2398 593 2430 Verba
620 2397 695 2440 σχή-

58 2456 143 2483 ιιατα
166 2448 199 2475 et
222 2441 379 2485 χοώιιατα
411 2454 511 2486 saepe
536 2444 585 2476 sic
617 2454 696 2476 eon-

58 2490 255 2531 iunguntur.
282 2500 312 2520 v.
338 2489 478 2520 Theaet.
502 2500 534 2530 p
561 2488 634 2521 156.
658 2489 696 2520 Β.

58 2533 133 2566 163.
150 2535 189 2565 Ε.
213 2533 386 2566 Phaedon.
409 2545 441 2576 p.
457 2533 531 2567 lOO.
549 2535 590 2565 D.
617 2534 697 2565 Cia-

56 2580 116 2621 tyl.
149 2590 180 2620 p.
214 2578 290 2611 431.
314 2579 351 2612 C,
383 2579 531 2620 Sophist.
564 2590 595 2621 p.
620 2578 695 2611 251.

58 2627 98 2656 A.
131 2625 219 2655 Ί1111.
250 2635 282 2666 p.
313 2623 366 2656 68.
399 2625 442 2655 D.
474 2625 526 2656 De
551 2623 697 2665 Republ.

58 2667 323 2711 11Up373v.
355 2667 549 2711 p.476..B
583 2669 695 2700 al.—

57 2713 110 2748 ὥς
123 2726 162 2745 τε
196 2718 338 2746 ποιεῖ]
369 2726 397 2745 κ.
434 2726 456 2745 τ.
482 2715 527 2747 λ.
563 2714 695 2746 itaut

768 1901 950 1934 aliunde
970 1902 1135 1943 petitae
1157 1902 1304 1934 studio
1321 1913 1409 1944 pro-

767 1947 903 1988 priam
964 1953 1100 1989 atque
1162 1948 1408 1990 genuinam,

767 2003 876 2033 quae
901 1997 990 2025 arte
1009 2003 1029 2034 p
1042 1993 1288 2025 alaestriea
1314 2003 1409 2025 oon-

767 2037 952 2070 eiliatur
1013 2039 1207 2080 corpori,
1274 2039 1409 2081 negli-

765 2093 844 2125 gan
854 2089 876 2114 t.
930 2084 1077 2125 Egregie
1117 2089 1149 2115 et
1186 2094 1326 2125 prorsus
1366 2083 1408 2115 ad

765 2139 836 2159 rem
851 2128 1106 2160 accommodate
1122 2128 1252 2160 dietum
1269 2128 1408 2168 ἐφέλκε-

769 2173 851 2205 σθαι
867 2170 1048 2213 ἀλλότοιοι-
1067 2172 1195 2211 καλλος,
1215 2174 1276 2205 ali
1285 2184 1302 2205 e
1314 2185 1336 2205 n
1346 2185 1406 2206 am

766 2217 996 2250 adsciseei
1006 2229 1022 2250 e
1052 2199 1407 2260 pulcritudinem.

811 2261 921 2296 disne
935 2275 951 2304 ρ
979 2262 1023 2294 οἰ
1046 2263 1300 2307 γεωμέτραι]
1320 2265 1407 2297 Sel-

766 2319 781 2338 1
790 2318 840 2339 an
852 2319 873 2339 u
883 2319 898 2340 3
922 2308 1065 2350 putabat
1089 2309 1131 2340 ad
1156 2310 1205 2340 rei
1220 2320 1280 2351 per
1282 2311 1407 2352 spioni-

765 2357 868 2385 tatem
900 2353 1054 2385 adhiberi
1088 2354 1186 2396 diagr
1188 2365 1300 2387 amma
1333 2356 1406 2387 sive

766 2398 909 2439 figuram
945 2400 1197 2441 geometricam.
1259 2401 1297 2432 In
1339 2411 1406 2442 quo

766 2444 818 2474 vir
842 2443 961 2483 doctus
993 2445 1092 2476 valde
1127 2445 1262 2477 erravit.
1309 2447 1406 2478 Refe-

765 2493 885 2520 runtur
909 2489 998 2521 enim
1023 2490 1106 2522 haee
1136 2490 1179 2522 ad
1203 2490 1309 2523 verba
1332 2502 1405 2533 pro-

766 2534 856 2565 xime
881 2536 1056 2575 sequentia
1067 2561 1074 2575 ‚
1107 2546 1195 2576 quae
1229 2536 1406 2568 imitantur

767 2579 1079 2612 mathematicorum
1129 2582 1293 2612 rationem
1311 2606 1318 2619 ‚
1370 2585 1405 2612 ut

765 2625 934 2655 sententia
954 2625 1036 2657 haec
1059 2626 1119 2658 sit:
1146 2636 1161 2657 3
1171 2637 1187 2658 3
1197 2626 1217 2657 d
1244 2637 1265 2657 n
1276 2636 1292 2657 e
1319 2627 1357 2657 lo
1369 2637 1405 2657 n-

764 2680 843 2711 gus
875 2670 968 2711 sim,
1000 2682 1114 2703 more
1138 2671 1406 2702 mathemati-

765 2724 907 2746 c‘orum
933 2726 1016 2748 rem
1042 2716 1271 2758 explicare
1296 2716 1404 2748 volo.

1446 740 1481 784 O
