1687 2969
221 115 296 154 140
715 113 1069 157 'LATONIS

131 226 169 266 Ε
219 230 309 274 ἀπὸ
347 233 426 274 τοῦ
459 234 631 287 μακροῦ
665 230 863 286 ἀγκῶνος
912 233 991 274 τοῦ
1027 229 1139 274 κατα
1181 232 1339 274 Νεῖλον
1373 231 1560 284 ἐκλήθη.

215 301 287 341 καὶ
331 295 442 353 πρὸς
486 299 544 352 τῷ
590 297 751 352 ἀγκῶνι
801 297 1019 340 λανθάνει
1067 313 1137 348 σε,
1181 295 1251 339 ὅτι
1286 302 1327 340 οὶ
1360 303 1564 354 μέγιστον

215 367 487 423 φρονοῦντες
521 367 610 408 τῶν
645 367 879 408 πολιτικῶν
896 363 1071 421 μάλιστ’
1114 365 1242 444 ἐρῶσι
1261 367 1564 424 λογογραφίας

215 449 259 474 τε
297 434 369 474 καὶ
404 435 701 490 καταλείψεως
731 431 1098 509 συγγραμμάτων,
1137 449 1178 474 οι
1201 434 1351 485 ysaaci,
1386 432 1563 476 ἐπειδάν

213 515 314 541 τινα
349 497 548 558 γράφωσι
584 500 731 552 Myon,
771 497 910 550 οὕτως
943 498 1147 553 ἀγαπῶσι
1182 495 1288 548 τοὺς
1322 503 1561 550 ἐπαινέτας,

211 564 316 616 ὥςτε
361 566 818 626 προςπαραγρεὶφουσι
863 566 1081 624 πρώτους,
1136 567 1177 609 οἰ
1218 563 1276 608 ἂν
1320 569 1562 623 ἑκασταχοῦ

209 635 446 677 ἐπαινῶσιν
485 633 663 684 αὐτούς.

300 763 403 795 κατὰ
445 762 604 795 Νεῖλον
649 763 750 805 ἐκ).,]
788 763 826 796 V.

859 763 944 794 κατὰ
981 776 993 793 1
1003 762 1042 793 ὸν
1075 764 1212 795 Νεῖλον.

1273 763 1457 795 Articulum
1495 775 1559 797 om(

212 809 310 842 Bodl.
337 820 412 841 cum
439 808 589 850 plurimis
619 809 768 850 optimae
793 814 894 841 notae
919 809 1021 841 libris.

300 877 340 910 E.
389 875 486 912 Πῶς
511 875 648 917 λέγεις
674 876 830 918 τοῦτο]
862 877 899 908 V.
928 879 996 913 πῶς
1021 879 1127 907 τοῦιο
1152 877 1279 918 λέγειςς
1303 882 1438 918 praeter
1462 877 1562 910 tidem

210 923 385 956 meliorum
410 923 585 956 librorum.

300 991 341 1024 P.
366 990 444 1024 258.

208 1042 260 1070 est
288 1037 321 1068 in
345 1037 438 1069 libris
464 1037 686 1079 paucissimis

208 1149 313 1182 verbi}
347 1152 441 1181 certe
474 1149 593 1182 eadem
628 1155 691 1183 est.
740 1150 850 1182 Quam

207 1195 484 1237 significationem
522 1196 651 1237 optime
682 1196 853 1237 expressit

206 1240 406 1279 Clearchus,
432 1251 536 1282 quum
562 1241 696 1282 Λυδοί,
723 1242 781 1281 ait,
805 1240 844 1272 τὸ

206 1286 328 1329 πικρὸν
363 1289 423 1326 τῆς
455 1287 604 1328 πράξεως
640 1286 852 1328 ὑποκορι-

209 1332 288 1376 ζόμ
301 1344 366 1363 evo
379 1345 391 1363 ι
416 1332 477 1363 τὸν
492 1332 599 1364 τόπον
614 1336 757 1363 καλοῦσι
772 1333 852 1373 γλυ-

208 1378 269 1410 κὺν
286 1377 427 1420 ἀγκῶνα,
476 1378 564 1411 Nam
582 1377 853 1421 ὑποκορίζεσθαι

209 1424 253 1456 de
283 1424 323 1455 iis
361 1423 500 1464 dieitur,
545 1426 603 1465 qui
646 1435 759 1456 veram
803 1424 850 1455 rei

210 1469 439 1502 conditionem
472 1474 508 1501 ut
534 1472 663 1510 celent,
699 1474 756 1502 aut
780 1479 851 1501 rem

209 1521 343 1557 turpem
378 1515 542 1556 honesto,
585 1520 620 1547 nt
653 1516 767 1547 duram
802 1516 852 1547 le-

209 1562 316 1601 niori,
348 1563 400 1593 vel
436 1563 538 1593 etiam
563 1561 643 1593 odio
671 1563 792 1593 bonam
820 1564 854 1593 et

210 1607 353 1650 probam
398 1608 539 1649 turpiori
578 1608 713 1639 nomine
762 1607 853 1638 desi-

209 1658 324 1695 gnant,
350 1658 525 1694 peccatum
545 1654 703 1695 specioso
721 1653 856 1684 nomine

210 1703 426 1740 praetexunt,
451 1704 510 1732 ant
535 1699 668 1732 omnino
695 1699 854 1740 specioso

209 1748 389 1787 praetextu
418 1745 542 1786 aliquid
579 1748 750 1776 excusant.
806 1744 856 1776 De

209 1791 330 1832 quibus
360 1791 515 1822 omnibus
552 1790 705 1823 adhiberi
750 1793 854 1831 pote-

210 1840 265 1868 rat
278 1836 493 1877 proverbium
507 1836 586 1868 illud
600 1835 700 1877 γλυκὺ
710 1848 724 1870 ς
734 1834 854 1877 ἀγκών.

209 1885 322 1922 Atque
362 1882 429 1913 iam
473 1881 559 1913 idem
605 1882 754 1923 agebant
793 1881 854 1912 viri

206 1927 253 1959 illi
293 1927 324 1958 in
369 1927 543 1969 republica
591 1926 852 1958 administranda

209 1976 406 2012 versantes,
438 1972 480 2004 de
505 1973 624 2014 quibus
649 1971 713 2004 hoc
739 1971 852 2004 Phae-

209 2018 259 2050 dri
284 2019 361 2050 loco
387 2019 508 2060 agitur.
564 2017 699 2050 Etenim
727 2027 851 2059 cupere

209 2074 270 2096 eos
294 2074 510 2106 summopere
529 2064 577 2096 ait
594 2064 754 2095 Socrates
772 2073 851 2094 ora·

209 2110 319 2142 tiones
345 2120 548 2153 componere
580 2113 614 2141 et
639 2109 762 2151 scripta
788 2119 850 2140 sua

208 2156 411 2197 relinquere.
478 2155 700 2188 Nihilominus
749 2154 848 2187 iidem

207 2206 364 2233 verentes
391 2201 496 2233 videri
529 2202 708 2241 volebant,
741 2205 775 2234 et
807 2211 848 2232 eo

204 2246 532 2288 quidemsspecioso
567 2251 766 2289 praetextu,
807 2256 848 2278 ne

207 2292 381 2333 sophistae
406 2292 510 2325 fuisse
528 2294 675 2335 posteris
692 2292 847 2325 videren-

206 2342 271 2370 tur.
323 2341 431 2379 Atque
468 2338 532 2370 hoc
566 2349 646 2380 prae
674 2337 711 2370 se'
737 2338 846 2370 seren-

208 2383 298 2413 tibus
333 2383 507 2416 Phaedrus
539 2384 677 2416 omnino
709 2389 743 2416 et
775 2385 847 2415 sine

208 2428 404 2469 suspicione
429 2429 525 2461 tidem
553 2430 731 2463 tribuebat.
779 2430 848 2462 lta«

206 2483 274 2515 que
300 2474 464 2507 Socrates
487 2474 610 2515 γ)υκι>ς
636 2474 764 2518 dynam,
790 2475 850 2514 ait

207 2519 335 2559 λέληθέ
362 2531 414 2559 οε,
446 2518 502 2551 ὁιι
533 2518 599 2551 ἄπο
627 2525 692 2552 τοῦ
717 2523 850 2563 pannem?

207 2565 354 2607 αγκῶνος
385 2569 448 2596 τοῦ
481 2565 565 2596 κατὰ
600 2566 723 2598 [Νεῖλον
756 2565 850 2606 3an-

210 2613 282 2652 θη,
311 2610 432 2652 quibus
463 2615 620 2652 tanquam
653 2613 850 2654 explicatio-

209 2657 261 2688 nis
294 2666 395 2688 causa
432 2657 545 2688 statim
581 2660 755 2698 sequentia
788 2657 850 2690 ad-

210 2702 275 2734 dit:
311 2702 363 2734 καὶ
399 2702 485 2745 πρὸς
517 2706 561 2745 τῷ
595 2702 666 2743 ripn.
692 2723 735 2727 -—
773 2716 850 2745 0171—

500 991 812 1033 συγγράμματι
853 990 1042 1034 πρώιος]
1079 990 1116 1023 V.

1150 990 1414 1034 συγγράμματος
1424 1017 1433 1031 ‚
1471 992 1561 1034 quod

917 1149 1144 1191 γραμμάτωιέ
1189 1149 1276 1189 fugit
1310 1153 1362 1188 te,
1396 1148 1563 1187 Phaedre,

919 1196 1100 1237 proverbio
1141 1194 1265 1236 γ).ιικ,)ς
1303 1193 1412 1235 α’γκῶν
1462 1195 1563 1235 longe

919 1240 1009 1272 aliud
1058 1241 1256 1282 significari,
1312 1250 1413 1280 quam
1462 1241 1565 1271 verba

919 1291 1064 1326 sonant3
1103 1287 1296 1328 speciosum
1338 1285 1401 1317 hoc
1438 1295 1561 1317 nomen

920 1343 996 1364 esse
1022 1332 1085 1371 rei,
1119 1333 1212 1364 cuius
1244 1333 1344 1373 longe
1380 1332 1444 1363 alia
1481 1341 1562 1362 con-

920 1378 1004 1410 ditio
1044 1378 1105 1418 sit,
1158 1388 1279 1419 nempe
1327 1377 1431 1408 cubiti
1474 1377 1563 1408 illius

921 1424 1011 1465 longi
1046 1428 1080 1456 et
1124 1423 1356 1465 navigantibus
1391 1423 1562 1455 laboriosi,

921 1470 972 1502 lta
997 1470 1042 1501 illi
1061 1479 1178 1501 revera
1194 1470 1321 1510 scripta
1339 1478 1561 1509 componere,

923 1520 956 1546 et
1000 1515 1146 1557 posteris
1188 1515 1378 1555 relinquere
1411 1515 1562 1555 cupiunt,

921 1571 987 1592 non
1021 1571 1146 1602 cupere
1186 1561 1365 1596 simulant,
1404 1559 1563 1600 specioso

922 1611 1120 1648 praetextu,
1152 1616 1194 1638 ne
1220 1606 1368 1647 posteris
1394 1604 1564 1647 sophistae

922 1652 1109 1684 videantur.
1159 1651 1264 1684 Quod
1299 1651 1401 1692 igitur
1427 1650 1562 1692 praedi—

924 1703 1020 1739 cant,
1062 1699 1135 1730 eius
1167 1697 1254 1729 ratio
1286 1696 1405 1729 eadem
1440 1700 1492 1728 est
1524 1706 1563 1728 ac

924 1744 1093 1786 proverbii
1113 1744 1199 1775 illius
1223 1742 1349 1784 γλυκὺς
1373 1741 1491 1784 ἀγκών.
1517 1742 1563 1774 Ut

922 1794 1046 1822 nautae
1077 1789 1141 1822 Nili
1180 1789 1331 1820 cubitum
1362 1788 1453 1821 illum
1488 1789 1562 1819 lou-

921 1845 1001 1876 gum
1027 1839 1061 1867 et
1085 1834 1126 1866 acl
1142 1834 1363 1875 navigandum
1379 1832 1561 1874 perdiffici-

920 1882 986 1913 lem
1003 1881 1134 1912 felicem
1156 1879 1302 1920 ideoque
1321 1888 1458 1911 suavem
1476 1888 1560 1910 nun-

920 1929 1101 1967 cuparunt,
1129 1926 1174 1957 ita
1200 1925 1260 1956 viri
1286 1925 1330 1956 illi
1354 1924 1561 1966 reipublicae

919 1970 1157 2013 gubernandae
1213 1970 1354 2002 studiosi
1404 1969 1561 2012 specioso

920 2021 1098 2058 praetextu
1123 2016 1291 2049 scribendi
1308 2018 1483 2058 negotium
1511 2016 1559 2047 vi*

918 2062 1102 2104 lipendunt,
1130 2072 1249 2094 revera
1268 2071 1371 2103 grave
1397 2066 1431 2094 et
1454 2061 1559 2093 hone-

920 2113 1008 2140 stum
1044 2108 1234 2140 iudicantes
1272 2108 1419 2148 ideoque
1457 2108 1556 2139 etiam

919 2158 1074 2186 amantes
1111 2158 1145 2186 et
1183 2153 1405 2195 cupientes.“
1461 2152 1559 2185 Haec

915 2201 1017 2241 igitur
1042 2201 1091 2232 vir
1108 2201 1163 2232 ille
1179 2198 1408 2232 doctissimus.
1435 2197 1497 2230 Cui
1514 2198 1559 2231 de

916 2246 958 2278 de
993 2256 1126 2278 summa
1167 2256 1202 2276 re
1233 2244 1369 2276 omnino
1411 2245 1556 2276 assenti-

916 2302 1002 2331 mur,
1029 2291 1092 2323 hoc
1109 2301 1174 2322 uno
1192 2290 1263 2321 sere
1280 2293 1437 2330 excepto,
1462 2290 1565 2333 qunti

914 2338 1000 2369 inter
1014 2337 1080 2369 duo
1099 2336 1261 2369 orationis
1282 2336 1446 2376 membra,
1472 2345 1558 2377 quae

915 2394 934 2414 a
978 2383 1123 2414 Platone
1168 2381 1294 2413 diserte
1335 2381 1563 2422 seiunguntur.

917 2429 1047 2460 verbis:
1079 2427 1133 2458 καὶ
1163 2426 1249 2467 πρὸς
1276 2429 1320 2470 τῷ
1343 2425 1465 2468 ἀγκῶνι
1486 2427 1556 2460 κτλ,

918 2483 982 2506 non
1009 2474 1093 2506 satis
1128 2472 1289 2504 distinxit.
1336 2471 1461 2504 Nostra
1493 2473 1555 2513 igi-

918 2523 972 2551 tur
1010 2519 1174 2552 sententia
1219 2519 1317 2550 Plato
1359 2517 1422 2550 hoc
1458 2517 1550 2549 dicit:

918 2565 1049 2597 Latet
1112 2571 1154 2596 te
1218 2564 1322 2596 illos
1375 2563 1552 2605 primum

919 2611 1106 2642 consilio
1133 2610 1206 2642 isti
1233 2619 1330 2649 suo,
1363 2607 1473 2649 quod
1500 2608 1552 2639 si-

919 2657 1102 2698 mulant>
1140 2655 1391 2697 speciosum
1434 2651 1551 2695 prae-

919 2707 1071 2736 texere
1104 2711 1275 2741 nomen⁷
1307 2710 1353 2732 ac
1386 2705 1552 2741 praete-
