1687 2969
745 153 786 159 -
863 132 1058 174 cxxxvnl
1129 154 1171 159 —

279 245 485 288 accedere
526 260 672 287 eorum
709 246 955 288 criticorum
987 245 1249 299 sententiae,
1299 246 1371 301 qui
1411 246 1510 287 huic
1550 247 1623 288 uni

279 304 388 345 libro
418 308 584 344 tantum
613 318 700 344 non
731 303 873 344 omnia
911 303 1133 355 tribuunt,
1166 308 1235 355 ut,
1276 303 1431 345 ceteris
1462 303 1622 345 codici-

278 360 360 401 bus
391 359 588 402 omnibus
618 359 903 414 posthabitis,
946 359 1055 401 adeo
1084 359 1293 401 lectiones
1324 359 1438 401 illius
1469 375 1547 415 per
1577 375 1622 401 se

277 416 450 458 minime
480 416 724 472 probabiles
755 417 974 472 suscipere
994 432 1081 457 non
1108 415 1415 456 dubitaverint.
1473 416 1624 458 Enim-

278 488 382 514 vero
421 473 816 528 praestantissimus
856 488 958 514 sane
1010 473 1079 513 ille
1132 471 1240 513 liber
1278 478 1342 514 est
1391 478 1434 513 ct
1470 472 1516 514 in
1557 488 1624 513 or-

276 529 574 585 thographicis
603 529 809 584 imprimis
841 529 966 572 valde
998 528 1264 570 emendatus.
1331 528 1625 571 Nihilominus

280 593 425 628 autem
457 586 551 628 sine
592 585 723 627 dubio
762 601 911 628 manus
952 587 1199 628 criticorum
1239 586 1518 628 correctrices
1560 592 1627 627 est

278 658 331 686 ex
346 649 498 695 iertus,
530 648 579 684 ut
608 658 694 684 non
724 658 820 684 raro
846 642 998 684 offerat
1026 643 1250 695 lectiones,
1282 657 1393 696 quae
1423 642 1459 684 si
1480 641 1626 684 sobrio

278 699 322 743 iu
357 699 440 741 icio
483 715 578 741 cum
621 699 800 740 aliorum
842 699 1061 751 codicum,
1116 699 1348 754 praecipue
1386 699 1626 752 meliorum,

278 756 492 811 scriptura
532 761 857 810 comparentur,
917 762 1031 798 certe
1079 756 1218 797 minus
1259 755 1395 797 videri
1440 755 1629 798 debeant

280 827 376 854 esse
417 812 793 854 commendabiles.
873 811 1164 864 Quamobrem
1212 813 1256 853 in
1301 828 1388 853 uno
1424 811 1627 854 Phaedro

280 869 453 911 circiter
482 875 652 910 centum
685 875 727 909 et
756 869 911 924 viginti
941 869 1025 911 loci
1059 869 1201 913 minus
1241 875 1356 910 recte
1387 868 1537 926 scripti
1566 868 1628 910 le-

279 931 505 981 gerentur,
559 925 595 967 si
639 924 753 966 illius
803 925 1103 968 auctoritatem
1143 924 1303 978 ubique
1347 926 1521 980 sequuti
1559 940 1626 967 es-

281 996 435 1024 semus.
511 980 715 1025 Ceterum
753 982 797 1025 in
838 981 944 1024 locis
986 982 1127 1024 dubiis
1170 988 1212 1022 et
1252 983 1543 1024 controversis
1573 997 1628 1023 nc

280 1038 541 1080 deteriorum
573 1037 747 1094 quidem
770 1038 976 1081 librorum
1007 1039 1262 1095 scripturam
1291 1038 1461 1081 silentio
1489 1045 1629 1080 trans—

279 1095 531 1153 mittendam
561 1095 858 1137 iudicavimus.

434 1278 767 1323 Librorum
806 1277 1118 1321 editorum
1157 1277 1477 1322 elenchus.

394 1378 466 1420 Dc
486 1378 747 1421 editionibus
765 1379 1066 1421 universorum
1083 1379 1280 1421 Platonis
1302 1393 1494 1435 operum,
1519 1393 1629 1432 quae

281 1451 422 1490 usque
453 1435 509 1476 ad
539 1451 697 1477 annum
733 1437 854 1477 1846.
885 1436 1154 1492 prodierunt,
1187 1436 1349 1478 dictum
1374 1435 1500 1477 estin
1520 1435 1630 1476 Pro-

279 1493 516 1549 legomenis
538 1492 594 1534 ad
625 1491 741 1549 Opp.
773 1493 883 1534 Plat.
917 1493 1017 1535 Vol.
1049 1493 1084 1537 I.
1113 1494 1163 1535 P.
1193 1493 1230 1535 Ι.
1259 1510 1301 1550 1).
1325 1491 1501 1535 XLIX.
1532 1507 1628 1545 sqq.

280 1550 374 1592 Illis
404 1565 518 1591 nunc
550 1548 685 1590 addas
723 1550 983 1591 recentiores
1025 1549 1236 1592 editiones
1278 1551 1339 1592 sic
1378 1548 1628 1604 inscriptas:

281 1606 544 1648 Platonis
600 1606 825 1663 Dialogi
876 1606 1175 1648 secundum
1217 1605 1511 1662 Thrasylli
1559 1611 1630 1646 te—

280 1663 558 1719 tralogias
599 1662 891 1718 dispositi,
934 1678 987 1704 ex
1027 1663 1321 1717 recognitione
1354 1662 1468 1704 Car.
1507 1661 1629 1703 Fri-

283 1719 468 1761 derici
498 1720 662 1761 Herm
677 1720 817 1761 anni.
849 1720 1041 1776 Lipsiae,
1074 1717 1286 1762 sumtibus
1316 1720 1367 1763 B.
1399 1717 1453 1760 G.
1486 1717 1631 1760 Teub-

281 1777 388 1829 neri,
421 1778 459 1818 8.
486 1777 588 1817 min.
619 1776 721 1818 Vol.
752 1776 929 1820 I.—VI.
967 1778 1270 1818 1851.-1858.
1331 1775 1525 1831 Singulis
1555 1791 1632 1816 vo-

280 1833 513 1874 luminibus
534 1833 679 1874 brevis
700 1832 777 1874 scd
793 1848 842 1874 ea
858 1833 1068 1888 perdocta
1087 1833 1310 1874 annotatio
1334 1833 1485 1874 critica
1504 1846 1630 1886 prac-

281 1890 413 1931 missa
444 1895 538 1942 est,
587 1904 673 1943 qua
710 1889 918 1943 imprimis
957 1890 1165 1930 lectiones
1206 1889 1368 1931 codicis
1409 1887 1632 1931 Clarkiani

282 1945 660 1998 commendantur,
707 1961 814 1999 quas
845 1946 1007 1999 editor,
1050 1946 1298 2000 ubicunque
1327 1946 1423 1987 ficri
1462 1951 1629 1999 posset,

280 2003 325 2044 in
356 2002 550 2045 ordinem
580 2003 812 2043 verborum
836 2003 1013 2058 recepit.
1045 2028 1099 2032 -—
1159 2003 1420 2045 Platonis
1449 2001 1633 2058 Opera

281 2075 347 2101 ex
381 2058 711 2101 recensione
742 2058 795 2100 R.
827 2059 880 2100 B.
919 2059 1258 2116 Hirschigii.
1328 2058 1539 2101 Graece
1580 2064 1632 2100 et

280 2116 504 2160 Latine.
574 2116 748 2157 Volum.
793 2114 829 2157 Ι.
869 2131 966 2157 cum
1006 2115 1246 2158 Indicibus.
1325 2115 1523 2169 Parisiis,
1562 2130 1630 2170 ap.

283 2173 435 2215 Ambr.
495 2173 628 2214 Firm.
687 2171 839 2213 Didot.
900 2175 941 2214 4.
1004 2175 1128 2216 1856.
1227 2173 1497 2214 Praemissus
1566 2178 1633 2213 cst

284 2229 417 2271 index
458 2228 803 2276 emendationum
849 2230 901 2271 ab
956 2229 1123 2271 editore
1184 2229 1430 2270 acutissimo
1471 2228 1631 2284 passim

285 2288 516 2328 factarum:
564 2301 671 2341 quas
719 2286 763 2326 in
817 2285 1007 2327 Phaedri
1058 2286 1248 2328 editione
1294 2291 1446 2327 nostra
1485 2300 1633 2327 omnes

283 2343 533 2394 retuli1nus3
594 2341 708 2383 unde
762 2342 891 2384 etiam
930 2342 982 2384 de
1031 2343 1126 2384 aliis
1169 2341 1375 2383 iudicium
1419 2342 1513 2383 fieri
1554 2357 1633 2397 po-

284 2399 457 2455 poterit.
539 2397 787 2441 Secundum
827 2399 954 2441 huius
995 2398 1197 2441 editionis
1237 2399 1464 2452 volumen,
1516 2396 1634 2452 quod

285 2456 406 2511 prius
425 2455 469 2496 in
486 2456 626 2496 lucem
645 2456 822 2511 prodiit,
846 2456 1012 2498 curavit
1043 2455 1158 2498 Car.
1194 2455 1246 2496 E.
1269 2454 1389 2497 Chr.
1410 2454 1440 2497 S
1455 2454 1634 2497 chnei-

287 2512 421 2553 dcru
434 2527 467 2554 s.
528 2512 666 2553 Paris.
698 2512 801 2555 ibid.
837 2514 957 2555 1852.
990 2528 1054 2567 sq.
1087 2511 1204 2567 quod
1235 2511 1410 2566 quidem
1441 2511 1635 2553 continet

285 2569 419 2610 libros
452 2567 505 2609 dc
536 2568 798 2624 Republica,
831 2569 1075 2622 Timacum,
1117 2570 1285 2625 Leges,
1329 2567 1633 2624 Epinomidem

288 2631 331 2666 ct
360 2624 583 2681 Epistolas
622 2640 719 2666 cum
749 2626 905 2682 spuriis
949 2625 1146 2683 dialogis.
1214 2626 1362 2668 Editio
1404 2624 1633 2680 diligenter

289 2681 342 2723 ad
373 2681 572 2724 codicum
599 2681 726 2723 fidem
758 2690 924 2724 exacta.
