1687 2969
196 174 217 207 5
225 174 246 207 8
668 173 1060 212 PROLEGOMENA

193 296 266 333 quo
307 284 468 331 Gorgiae
508 297 629 321 sermo
667 286 869 323 institutus
908 287 1085 334 fingatur.
1145 287 1327 327 Quocirca
1368 289 1535 337 primum

192 339 347 389 quidem
375 340 482 377 varia
510 336 724 390 temporum
753 342 861 389 signa
890 347 929 380 et
957 343 1097 380 indicia
1116 344 1280 381 sermoni
1300 345 1533 382 luculentius

192 395 376 444 impressa
405 396 600 445 collegisse
629 398 788 436 iuvabit.

275 451 478 490 Ordiamur
504 466 594 491 vero
625 467 647 491 a
674 455 915 491 recensendis
952 455 998 492 iis
1028 459 1242 504 temporum
1271 456 1392 502 notis,
1432 457 1533 494 unde

191 509 422 559 colloquium
462 509 611 560 Olymp.
653 514 715 555 88,
759 514 794 547 2.
828 525 879 543 z
910 514 988 548 427
1031 524 1062 548 a.
1103 512 1190 548 Chr.
1230 525 1267 549 n.
1306 513 1369 549 vel
1406 513 1533 561 paullo

190 568 275 614 post
306 565 481 603 habitum
518 566 612 614 fingi
641 567 853 604 coniectum
885 571 954 604 est.
1011 566 1159 608 Quibus
1190 568 1421 606 enumeratis
1449 582 1533 617 pro-

190 621 408 669 grediamur
437 623 483 659 ad
514 636 558 659 ea
588 624 857 670 cognoscenda,
888 636 986 674 quae
1016 624 1072 660 illi
1101 624 1241 662 rationi
1269 626 1532 662 adversantur.

190 678 241 715 Et
278 678 443 727 primum
483 679 638 729 quidem
676 679 738 715 hic
776 680 1019 716 memoranda
1066 684 1124 718 est
1153 681 1315 728 Gorgiae
1354 681 1531 718 Leontini

190 734 329 782 legatio
360 735 508 784 Olymp.
542 738 604 780 88,
636 738 670 771 2.
703 749 755 767 z
787 736 864 772 427
897 749 928 772 a.
959 736 1046 772 Chr.
1076 750 1112 772 11.
1142 738 1316 774 Athenas
1345 740 1532 786 suscepta,

191 803 267 840 qna
295 791 359 827 ille
388 790 427 827 id
467 791 616 827 efficere
656 791 821 837 studuit,
861 794 905 828 ut
941 792 1188 840 popularibus
1228 793 1306 830 suis
1345 793 1533 830 auxilium

191 847 487 884 Atheniensium
537 853 667 884 eontra
708 848 967 897 Syracusanos
1015 855 1316 897 compararetur,
1371 850 1418 886 de
1457 863 1532 899 qua

192 916 233 938 re
263 908 414 951 praeter
453 904 545 940 alios
574 907 704 941 narrat
743 904 996 941 Diodorus
1037 905 1126 941 Sic.
1159 906 1253 942 ΧΠ.
1284 920 1318 954 p.
1352 908 1442 942 513.
1474 906 1530 942 ed.

190 960 312 996 Wess.
372 960 577 997 Enimvero
618 960 732 996 huius
773 960 1057 1009 opportunitate
1094 962 1225 998 rhetor
1264 961 1532 999 celeberrimus

188 1021 366 1053 narratur
394 1016 558 1065 primum
598 1016 833 1053 artificialem
873 1017 1070 1054 rhetorum
1101 1018 1314 1054 Siculorum
1353 1018 1532 1068 eloquen-

188 1072 281 1109 tiam
310 1073 349 1109 in
380 1073 577 1110 Graeciam
605 1073 826 1121 pertulisse,
868 1086 983 1123 quam
1012 1087 1132 1123 quum
1172 1074 1235 1111 alii
1267 1074 1417 1119 Graeci,
1449 1077 1532 1111 tum

189 1129 373 1178 imprimis
415 1129 673 1167 Athenienses
721 1130 888 1165 maximo
937 1130 1062 1166 studio
1111 1130 1340 1179 exceperint.
1416 1130 1533 1168 Dedit

189 1186 290 1222 enim
319 1191 401 1223 tum
439 1199 515 1221 non
555 1186 665 1222 modo
695 1185 856 1234 publice,
897 1186 963 1222 sed
1002 1186 1118 1223 etiam
1148 1187 1329 1235 privatim
1367 1186 1531 1223 illustria

188 1242 269 1279 eius
298 1243 544 1287 documenta,
584 1255 682 1292 quae
722 1241 961 1279 audientium
1000 1242 1145 1279 animos
1181 1244 1291 1280 valde
1329 1247 1534 1280 moverunt

188 1304 225 1335 et
255 1298 295 1334 in
324 1298 530 1335 maximam
560 1298 848 1335 admirationem
879 1299 1138 1347 abripuerunt.
1206 1300 1251 1335 Id
1291 1299 1392 1349 quod
1421 1299 1532 1336 Plato

188 1354 269 1403 ipse
299 1353 501 1392 memoriae
531 1354 696 1403 prodidit
732 1355 771 1390 in
800 1354 943 1402 Hippia
973 1355 1059 1391 mai.
1098 1369 1132 1403 p.
1165 1358 1254 1392 282.
1286 1356 1348 1401 B.,
1389 1355 1455 1391 ubi
1486 1356 1531 1391 de

187 1411 253 1447 illa
283 1412 444 1459 Gorgiae
475 1411 665 1458 legatione
695 1412 812 1448 101011
841 1411 984 1447 faciens
1024 1411 1126 1448 inter
1155 1411 1230 1448 alia
1259 1412 1353 1448 haec
1381 1416 1530 1448 narrat:

188 1466 251 1504 καὶ
283 1466 323 1504 ἐν
352 1471 409 1505 τῶ
441 1464 577 1519 (δήμω,
619 1467 764 1517 inquit,
805 1463 934 1512 ἔδοξεν
973 1463 1116 1517 ἄριστα
1146 1466 1280 1513 εἷπειν,
1320 1481 1382 1503 και
1424 1465 1532 1503 Mla

187 1522 388 1570 ἐπιδείξεις
416 1537 532 1561 ’10101
533 1537 605 1572 a&
609 1537 650 1564 ος
678 1523 740 1560 καὶ
779 1520 910 1560 συῶν
939 1527 1021 1567 τοις
1056 1520 1155 1568 νέοις
1178 1537 1370 1574 χοηιιατα
1406 1521 1533 1559 7107711),

186 1594 266 1630 ε107
269 1594 396 1618 (coare
425 1579 488 1617 καὶ
519 1577 658 1628 ἐ7.(ιβεν
687 1578 727 1616 ἐκ
757 1593 805 1616 τ7
786 1578 869 1628 'J'gde
900 1593 969 1628 ῑ7ς
999 1576 1159 1625 πόὴως,
1189 1579 1213 1616 1
1240 1592 1270 1616 e.
1301 1579 1530 1616 Athenis.

186 1638 248 1673 Ad
279 1638 349 1673 hoe
380 1636 499 1684 igitur
528 1636 728 1683 legationis
758 1640 909 1684 tempus
938 1635 1012 1672 viri
1041 1635 1265 1681 doctissimi,
1297 1648 1392 1686 quos
1421 1636 1531 1671 modo

185 1693 477 1739 nominavimus,
508 1692 699 1740 dialogum
730 1705 880 1729 omnem
909 1698 1169 1740 comparatum
1198 1705 1280 1729 esse
1301 1695 1532 1729 censuerunt

184 1753 396 1798 propterea,
427 1750 527 1799 quod
555 1752 637 1786 tum
657 1762 800 1785 novum
820 1748 923 1785 istud
945 1748 1184 1798 eloquentiae
1204 1762 1325 1796 genus
1343 1748 1384 1784 in
1403 1748 1533 1785 Sicilia

186 1806 384 1842 excultum
414 1810 452 1843 et
481 1806 646 1854 primum
685 1805 723 1841 in
754 1804 923 1842 Atticam
952 1805 1144 1853 perlatum
1172 1804 1222 1842 sit
1259 1808 1298 1842 et
1326 1804 1532 1841 maximam

185 1861 425 1899 audientium
455 1861 745 1898 admirationem
775 1860 1022 1906 excitaverit,
1062 1860 1186 1911 qualis
1223 1860 1257 1897 ei
1294 1864 1429 1909 postea
1464 1860 1532 1898 vix

185 1931 317 1954 rursus
345 1918 514 1966 potuerit
543 1917 750 1965 obtingere.
809 1917 1015 1954 Enimvero
1054 1920 1221 1966 quantus
1259 1919 1342 1953 tum
1371 1916 1533 1964 Gorgiae

186 1974 307 2011 honor
338 1974 502 2011 Athenis
531 1974 581 2011 sit
610 1973 784 2018 habitus,
825 1973 864 2009 id
903 1986 1022 2023 quum
1051 1972 1210 2009 aliorum
1249 1973 1532 2010 narrationibus

187 2030 448 2078 cognoscitur,
487 2035 570 2067 tum
610 2028 960 2078 Olympiodori
1001 2032 1149 2066 constat
1186 2028 1425 2075 testimonio,
1466 2029 1530 2079 qui

186 2101 250 2124 eos
280 2087 381 2133 dies,
424 2086 564 2137 quibus
594 2085 765 2134 sophista
795 2088 916 2122 artem
944 2097 1052 2121 suam
1082 2098 1206 2121 coram
1236 2086 1375 2133 populo
1405 2089 1530 2122 osten-

185 2143 348 2189 taverit,
381 2143 428 2180 ab
460 2142 761 2179 Atheniensibus
789 2154 858 2190 pro
887 2141 996 2178 festis
1025 2141 1176 2178 habitos
1204 2141 1323 2178 fuisse
1352 2141 1530 2191 ipsasque

185 2199 267 2236 eius
298 2199 487 2236 orationes
517 2198 710 2247 lampadas
732 2197 943 2246 appellatas
964 2210 1046 2234 esse
1068 2197 1208 2243 scribit,
1237 2210 1274 2234 v.
1298 2210 1384 2234 ann.
1412 2202 1529 2234 nostr.

187 2257 232 2292 ad
265 2257 376 2303 Gorg.
406 2269 441 2304 p.
475 2256 566 2292 417.
598 2256 643 2291 A.
704 2255 787 2290 Iam
821 2267 911 2291 vero
951 2266 1048 2290 cum·
1072 2254 1144 2290 hoc
1173 2253 1352 2301 temporis
1390 2253 1530 2290 indicio

186 2311 349 2348 mirabili
407 2324 497 2348 sane
547 2311 656 2347 modo
704 2310 922 2354 concordat,
974 2310 1073 2359 quod
1121 2323 1155 2357 p.
1206 2312 1295 2345 503.
1346 2310 1385 2346 O.
1459 2310 1530 2346 Pe—

187 2367 298 2404 ricles
327 2367 467 2404 dieitur
502 2365 640 2404 νεωστὶ
681 2363 1001 2414 τετελευτηκέναι.
1059 2364 1200 2401 Incidit
1237 2365 1339 2401 enim
1374 2365 1531 2402 Periclis

187 2436 287 2460 mors
318 2423 357 2459 111
388 2423 537 2472 ΟῙ)’111Ρ.
572 2424 639 2468 87,
681 2426 715 2458 4.
740 2435 792 2454 z
816 2424 894 2458 429
926 2434 957 2457 a.
988 2421 1073 2458 Chr.
1102 2434 1151 2466 11.,
1182 2424 1225 2457 ut
1245 2422 1393 2458 duobus
1422 2422 1532 2458 annis

186 2482 274 2516 ante
305 2479 468 2526 Gorgiae
498 2478 728 2526 legationem
758 2477 940 2515 evenerit.
980 2475 1088 2516 Quod
1110 2480 1297 2527 quantum
1327 2478 1373 2514 ad
1402 2481 1531 2515 tutan-

187 2536 273 2571 dam
303 2534 507 2583 superioris
546 2534 705 2571 rationis
735 2533 1107 2571 verisimilitudinem
1146 2546 1189 2570 ac
1226 2533 1532 2581 probabilitatem

188 2592 326 2636 valeat,
359 2595 459 2627 certe
490 2604 599 2626 nemo
630 2591 702 2627 erit
731 2589 825 2639 quin
854 2602 922 2626 sua
952 2592 1085 2637 sponte
1114 2589 1404 2626 animadvertat.
1451 2591 1531 2626 Nec

189 2661 279 2684 vero
310 2647 397 2683 inde
429 2646 577 2683 abludit
606 2647 709 2683 aliud
740 2645 841 2695 quid.
910 2644 1062 2681 Dicitur
1091 2645 1191 2681 enim
1222 2646 1381 2690 Demos,
1421 2646 1530 2695 Pyri-

193 2703 329 2754 lampis
357 2702 471 2750 filius,
502 2716 536 2752 p.
570 2705 659 2739 481.
691 2702 736 2740 D.
767 2715 786 2738 a
819 2700 970 2739 Callicle
1009 2700 1048 2738 in
1079 2701 1222 2739 deliciis
1252 2701 1406 2740 habitus
1435 2714 1545 2740 esse.-
