1687 2969
189 620 293 679 Cap.
325 622 360 663 I.
396 622 528 662 ΚΑΛ.
589 619 789 674 Πολέμου
818 620 887 662 καὶ
916 622 1049 675 μα’χης
1077 622 1181 674 φασὶ
1209 628 1380 675 χρῆναι.

104 687 342 739 Σώκρατες,
374 685 484 726 οὕτω
513 687 851 739 μεταλαγχάνειν.

100 765 244 804 μενον,
263 752 442 792 κατόπιν
465 750 610 804 ἑορτῆς
630 750 786 804 ἥκομεν
805 751 870 792 καὶ
892 751 1174 804 ύστεροῦμενς

781 816 915 857 πολλὰ
956 816 1038 869 γὰρ
1087 817 1157 858 καὶ
1206 817 1312 857 καλὰ
1344 822 1448 868 109-

101 817 212 868 μιέλα
262 830 307 869 γε
346 816 512 864 ἀστείας
560 814 724 869 ἑορτῆς·

99 882 192 934 plag
238 881 342 935 ἡμῖν
395 881 540 933 ὀλίγον
601 882 808 933 πρότερον
849 881 1096 932 ἐπεδείξατο.

1431 617 1442 629 τ
1454 576 1563 614 Steph.

1419 638 1451 663 co
1482 634 1561 673 447

917 688 1018 727 252.
1053 682 1155 727 Ἀλλ’
1186 683 1225 740 ἧ,
1255 690 1302 727 τὸ
1332 689 1447 739 λεγό-

1208 754 1341 793 ΚΑΛ.
1366 752 1450 793 Καὶ

1185 884 1229 922 Σ
1231 884 1286 923 Ω.
1345 884 1449 923 Τού-

166 1003 203 1034 Ρ.
228 1001 305 1035 447.
334 1002 443 1043 φασὶ
469 1002 640 1045 χρῆναι]
677 1004 762 1044 (φησὶ
790 1004 865 1035 Vat.
898 1015 946 1045 pr.
972 1005 1057 1036 Ven.
1093 1004 1131 1035 Σ.
1159 1004 1260 1035 Vind.
1295 1005 1382 1046 Aug.
1417 1009 1451 1036 et

97 1048 169 1079 cod.
194 1048 330 1087 Routh„
355 1048 444 1089 quod
469 1049 517 1079 ita
543 1059 561 1079 a
587 1049 755 1080 citerioris
782 1049 980 1091 graecitatis
1005 1050 1232 1091 scriptoribus
1256 1054 1449 1091 usurpatur,

97 1097 135 1123 ut
164 1093 242 1125 Lat.
271 1093 428 1134 inquit.
467 1103 498 1124 v.
532 1094 642 1136 Toup.

676 1093 718 1125 ad
750 1094 897 1136 Longin.
939 1105 970 1136 p.
1002 1093 1077 1127 275.

1134 1094 1373 1136 WVyttenbach.
1406 1095 1448 1126 ad

98 1137 270 1170 Plutarch.
303 1139 343 1170 T.
378 1138 419 1169 11.
451 1148 483 1180 p.
517 1137 590 1171 105.
622 1138 673 1170 ed.
706 1139 797 1180 Lips.
830 1139 1030 1171 Boissonad.
1063 1139 1106 1171 ad
1140 1140 1274 1181 Eunap.
1307 1151 1337 1181 p
1369 1139 1446 1172 418.

99 1183 187 1214 Dein
220 1181 311 1214 οὕτω
343 1183 398 1214 καὶ
431 1185 541 1221 μεταλ.
590 1184 677 1215 Ven.
704 1184 742 1216 Σ
770 1184 871 1215 Vind.
896 1183 926 1216 2.
959 1183 989 1216 7.
1037 1186 1119 1216 Mox
1144 1183 1210 1216 αλλ’
1240 1184 1258 1227 ἤ
1292 1185 1400 1216 Vind.
1417 1185 1448 1217 1.

96 1228 127 1260 2.
153 1227 184 1260 6.
210 1228 299 1260 Flor.
326 1239 356 1260 a.
380 1227 413 1260 b.
438 1238 470 1260 c.
492 1239 536 1260 m.
560 1229 685 1261 Routh.
712 1229 782 1260 alii.
808 1230 906 1262 male
932 1240 964 1261 v.
988 1230 1087 1262 inf-,ri

142 1339 225 1382 Cap.
250 1340 276 1372 Ι.
300 1351 331 1382 p.
356 1338 432 1372 447.
457 1341 498 1372 A.
531 1340 734 1379 Πολέιιοι

97 1385 166 1416 καὶ
209 1385 342 1427 μάχης
388 1403 432 1408 -—
478 1384 735 1428 ιιεταλαγχά-

95 1429 279 1472 wez1]H
311 1441 340 1462 e.
377 1431 421 1462 in
453 1441 591 1462 nerum
626 1432 736 1462 iniu-

97 1475 341 1507 cundarum
380 1480 419 1507 et
457 1476 736 1517 periculosa-

97 1531 182 1551 rum
218 1521 485 1553 societatem
524 1526 606 1552 tam
639 1532 734 1553 sero

96 1565 249 1597 venire
295 1565 468 1605 deceat;
525 1566 735 1598 iucundis

96 1615 225 1651 atque
262 1611 408 1652 gratis
458 1612 499 1642 in
539 1615 734 1653 tempore

96 1656 316 1687 interesse
381 1660 568 1697 oportet.
631 1658 734 1688 Recte

97 1700 441 1755 olympiodorus
466 1711 526 1732 ms.
549 1701 620 1733 Ciz.
648 1701 732 1741 φασὶ

95 1743 174 1799 γὰρ,
200 1744 265 1782 ὅτι,
292 1757 321 1777 ει
348 1739 393 1788 ἧι
418 1743 575 1784 πόλεμος,
602 1745 669 1778 ἔδει
697 1757 734 1778 σε

96 1794 299 1844 υστερησαί,
352 1791 409 1822 ἵνα
452 1790 495 1833 ιιὴ
539 1793 732 1834 φοιειθῇς.

95 1835 239 1867 Schol.
272 1834 482 1869 illemuuais
522 1836 655 1878 εἴρηται
690 1840 734 1868 τῶ

98 1877 271 1912 Πλάτωιι·
304 1882 411 1935 7λείπει
436 1879 500 1923 γὰρ
537 1884 573 1923 τῇ
600 1880 733 1924 διαπμοιᾳ

95 1923 148 1956 τό·
171 1920 240 1957 ἀλλ’
268 1922 344 1966 οιχὶ
370 1929 427 1968 τῆς
452 1924 492 1957 ἐι
515 1924 627 1968 λόγοις
652 1916 731 1981 ἡδοέ

95 1973 156 2012 γῆς
167 1994 175 2009 ,
215 1971 295 2001 οἶαι
328 1969 368 2013 δὴ
403 1974 464 2002 ιῦν
496 1970 682 2012 παρέσχετο
714 1970 730 2004 ὁ

97 2014 257 2057 Γοργίαι.
319 2017 526 2047 Timaeus
581 2017 732 2050 Glossar.

91 2070 123 2100 p.
134 2058 208 2092 178.
220 2058 491 2113 ιιεταλαγχάι-ειι·
504 2058 730 2102 ἀφιστερεῐιῃ

93 2103 113 2146 ἢ
137 2102 384 2146 ἀποτυινγχάιειι
416 2103 559 2148 κλήρουε
592 2107 650 2138 sed
676 2107 732 2138 hic

91 2149 180 2181 nihil
219 2150 312 2181 aliud
352 2155 403 2182 est
444 2151 512 2182 nisi
552 2153 731 2193 partici-

91 2205 182 2236 pem
222 2195 332 2226 fieri.
368 2214 411 2218 —
451 2194 561 2227 οὕτω
601 2196 730 2229 dictum

90 2243 141 2270 est
178 2238 368 2278 δεικτικῶς,
410 2240 492 2272 tam
533 2251 649 2282 sero,
688 2253 730 2275 re

91 2284 173 2315 iam
197 2289 386 2339 peracta.

134 2326 231 2360 ’'Am
265 2324 303 2372 ἦ,
337 2329 378 2363 τὸ
405 2329 649 2372 λεγόμειοι
673 2330 729 2386 —J

94 2373 193 2412 Quod
217 2373 354 2416 plurimi
380 2375 477 2406 codd.
510 2375 638 2407 habent
661 2373 719 2408 ἀλλ

89 2415 120 2459 ἥ,
154 2417 188 2449 id
229 2419 329 2451 etiam
374 2419 536 2452 Suidas
576 2422 731 2462 agnoscit

91 2463 282 2506 accipitque
307 2475 366 2505 pro
391 2462 458 2496 ἀλλ’
485 2462 562 2506 ἄρα.
587 2466 640 2496 De
660 2464 727 2497 ἀλλ’

90 2507 129 2548 ἡ,
163 2511 204 2539 at
234 2519 326 2540 num
359 2519 533 2550 revera,
558 2514 592 2542 et
613 2508 681 2542 ἀλλ’
711 2509 730 2553 ἥ

90 2553 124 2583 in
159 2552 256 2584 libris
290 2563 533 2594 saepenumero
572 2556 662 2587 inter
693 2566 728 2587 se

89 2598 728 2652 permutatisv.Valcken.adEu1ip.

88 2642 267 2684 Hippolyt.
300 2653 332 2674 v.
357 2642 435 2675 932.
459 2663 502 2667 —-
535 2643 577 2675 τὸ
609 2645 727 2688 λεγό·

88 2698 239 2725 μενον,
273 2687 384 2728 quod
416 2689 457 2719 in
489 2689 727 2730 proverbio

88 2731 278 2764 dicitur:
303 2737 341 2764 ut
356 2733 510 2775 Sympos.
536 2744 568 2776 p.
592 2733 668 2767 217.
688 2736 728 2767 E.

806 1341 934 1372 Phaed.
959 1352 991 1382 p.
1012 1341 1064 1374 66.
1084 1342 1120 1373 C.
1147 1341 1191 1373 al.
1224 1343 1447 1374 Proverbium

806 1384 990 1417 κατόπιν
1021 1386 1202 1427 ἑορτῆς,
1247 1393 1347 1429 post
1393 1389 1447 1419 fe-

805 1436 872 1462 stu
883 1431 1005 1471 m‚dici
1015 1432 1152 1463 solitum
1164 1431 1218 1463 ἐπὶ
1238 1432 1446 1465 τῶνὲπίτινι

805 1478 894 1507 καλῶ
912 1474 1077 1518 πράγματι
1100 1474 1220 1515 oznaim
1228 1476 1444 1516 :tarquii-(or,

804 1532 861 1562 qu
853 1532 891 1553 ae
925 1527 1005 1553 sunt
1036 1521 1140 1554 verba
1172 1523 1379 1554 scholiastae
1414 1529 1446 1555 et

805 1566 1119 1620 Olympiodmi
1153 1567 1194 1598 ad
1219 1568 1252 1599 h.
1275 1568 1295 1599 l.
1332 1568 1446 1600 Verba

804 1611 858 1642 καὶ
914 1624 930 1642 ι
937 1622 1066 1651 (neom
1065 1623 1126 1643 ιιει
1168 1612 1252 1644 Cob
1264 1624 1280 1644 e
1292 1619 1358 1645 tus
1403 1614 1445 1646 ad

804 1657 896 1688 Orat.
915 1656 955 1687 de
973 1661 1043 1689 arte
1060 1658 1304 1699 interpretandi
1321 1669 1351 1700 p.
1370 1657 1444 1691 141.

802 1706 839 1732 ut
863 1702 1034 1753 glossema
1053 1702 1209 1734 damnat:
1236 1704 1325 1734 iusto
1351 1714 1445 1735 seve-

802 1747 872 1778 rius
876 1748 1021 1788 ‚opinon
1032 1748 1099 1778 nisi
1109 1748 1193 1779 forte
1203 1748 1304 1780 etiam
1315 1749 1443 1790 Sopho—

803 1792 913 1823 eleum
935 1792 1021 1823 illud
1039 1792 1269 1825 damnaveiis:
1305 1793 1443 1834 ἐχθρῶν

803 1835 945 1877 ἄδωρα
979 1836 1074 1877 δῶρα
1106 1835 1181 1869 κοι7
1192 1850 1209 1869 κ
1241 1850 1290 1869 οι
1302 1837 1439 1881 ήσιμα.

801 1882 911 1913 Multo
944 1883 1058 1914 minus
1092 1883 1196 1914 etiam
1227 1883 1441 1925 probandum

801 1927 965 1959 iudicium
990 1928 1249 1970 Hirschigii
1282 1934 1350 1969 est,
1384 1930 1442 1970 qui

801 1973 905 2004 verba
939 1970 1077 2004 cimela
1116 1976 1238 2016 εορτῆς
1268 1979 1345 2016 post
1386 1975 1440 2006 καὶ

801 2015 887 2055 naza
916 2029 953 2059 γε
986 2018 1155 2050 eiicienda
1185 2024 1320 2058 censet,
1352 2020 1441 2061 quod

800 2070 914 2094 tamen
946 2063 1094 2105 exempli
1128 2073 1252 2095 caussa
1285 2044 1341 2096 hic
1375 2076 1441 2096 me-

800 2118 949 2139 morasse
975 2109 1056 2139 satis
1081 2112 1251 2149 putamus.
1294 2110 1440 2141 Tirones

799 2162 869 2184 rem
894 2153 960 2193 ipsi
984 2153 1189 2194 expendant.

823 2197 1014 2239 Γοργίας
1035 2197 1136 2239 ἡμῖν
1159 2195 1313 2240 ὀλίγον
1343 2197 1439 2239 πρό-

801 2253 839 2272 ze
853 2253 869 2282 ρ
882 2254 900 2273 ο
914 2254 931 2271 ι·
965 2241 981 2273 ἐ
992 2254 1040 2273 πε
1052 2241 1094 2285 δ.]
1129 2243 1296 2285 Gorgias,
1332 2245 1442 2285 patria

799 2286 1001 2326 Leontinus,
1020 2287 1169 2327 Siculus,
1196 2289 1287 2320 circa
1302 2288 1438 2331 Olymp.

799 2331 905 2363 LXX.
936 2332 993 2364 vel
1024 2332 1158 2372 LXXI,
1185 2332 1214 2365 1.
1244 2339 1344 2365 natus
1376 2335 1442 2366 fuit

798 2377 953 2417 vixitque
985 2377 1027 2409 ad
1060 2377 1223 2419 grandem
1256 2389 1365 2420 usque
1390 2391 1439 2412 se-

798 2426 980 2461 nectutem,
999 2422 1273 2464 quandoquidem
1294 2429 1438 2457 aetatem

798 2470 934 2498 centum
953 2472 986 2498 et
1001 2472 1077 2499 octo
1095 2479 1263 2500 annorum
1284 2469 1438 2512 attigisse

798 2516 973 2550 narratur,
1005 2516 1044 2543 ut
1067 2523 1130 2544 nec
1155 2514 1358 2546 incredibile
1383 2516 1436 2554 sit,

797 2555 887 2597 quod
920 2556 1177 2590 Athenaeus
1221 2560 1342 2600 Deipn.
1378 2561 1439 2591 XI.

822 2599 929 2633 3.05.
954 2603 1136 2634 memoriae
1162 2603 1319 2645 prodidit,
1345 2604 1438 2636 hunc

797 2646 951 2677 Platonis
986 2646 1113 2679 librum
1152 2648 1260 2690 ipsius
1299 2650 1437 2680 nomine

796 2691 998 2732 inscriptum
1010 2693 1041 2723 ei
1053 2693 1252 2724 innotuisse.
1268 2704 1299 2726 V.
1312 2694 1339 2733 Q
1350 2704 1372 2724 u
1381 2694 1391 2724 i
1401 2705 1437 2725 n-

796 2736 858 2767 til.
892 2737 1040 2769 Institut.
1074 2738 1143 2778 111,
1184 2737 1223 2778 l,
1257 2737 1287 2770 9.
1345 2739 1436 2771 Usus
