1687 2969
1352 192 1427 229 167

389 190 631 229 GORGIAS.
661 192 704 228 P.
737 192 828 229 472.
859 192 949 229 473.
980 193 1038 230 ed.
1071 193 1126 229 St.

88 299 228 338 ΠΩΛ.
250 294 410 340 ”Azonai
438 314 505 352 γε,
537 294 569 340 ὦ
599 300 847 351 Σώκρατες.
879 299 1093 353 ἐπιχειρεῖς
1122 297 1268 352 λέγειν.
1325 300 1426 340 Σῼ.
1457 303 1538 344 473

92 364 355 417 Πειράσομαι
383 362 426 405 δέ
455 379 501 417 γε
529 365 599 405 καὶ
627 364 670 406 σὲ
698 371 891 418 ποιῆσαι
923 366 955 404 ω
985 362 1144 418 ἑταῖρε.
1174 380 1252 405 ται
1256 380 1305 405 τα
1335 363 1426 417 ἐμοὶ

85 427 244 481 λέγειν·
285 430 412 481 φίλον
439 430 519 483 γάρ
559 441 603 470 σε
640 430 835 483 ἡγουμαι.
877 437 959 470 νῦν
986 429 1062 482 μὲν
1102 426 1180 471 οὖν
1220 432 1245 470 (ἒ
1284 430 1424 482 διαφε-

86 495 251 548 ρόμεθα
279 494 394 536 ταῦτ’
424 493 528 535 ἐστι’·
558 496 702 536 σκόπει
731 494 774 536 δὲ
803 494 873 536 καὶ
902 495 966 535 σύ.
1006 491 1127 536 εἶπον
1157 494 1237 548 ἐγώ
1265 509 1350 536 που
1381 493 1426 535 ἐν

86 563 174 608 τοῖς
201 558 443 613 ἔμπροσθεν
479 559 526 602 τὸ
555 561 716 601 ἀδικεῖν
743 564 820 601 τοῦ
861 560 1097 601 ἀδικεῖσθαι
1126 564 1274 601 κάκιον
1303 556 1421 600 εἶναι.

91 627 232 666 ΠιΩιΛ.
265 626 392 666 Πάνυ
421 639 477 679 γε.
509 627 603 666 Σῼ.
635 625 703 665 Σὺ
731 624 842 666 δὲτὸ
867 625 1115 666 ἀδικεῖσθαι.
1150 627 1290 666 ΠΩΛ.
1323 626 1423 665 Δῖαί.

87 692 182 732 ΣΩ.
216 690 303 731 Καὶ
331 690 432 738 τοὺς
459 690 710 738 ἀδικοῦντας
739 691 918 739 ἀθλίους
947 688 1056 744 ἔφην
1085 687 1191 732 εἶναι
1221 690 1324 744 ἐγω,
1354 689 1423 731 καὶ

86 754 340 810 ἐξηλέγχθην
367 753 451 796 ὑπὸ
479 759 570 796 σοῦ.
625 758 764 796 ΠΩΛ.
796 756 884 796 Ναὶ
912 756 968 809 μὰ
998 756 1096 796 Δία.
1138 758 1234 796 ΣΩ.
1260 756 1342 804 “ῼς
1370 757 1423 796 σύ

83 835 129 873 γε
159 821 248 869 οἴει,
281 817 313 862 ὠ
343 823 478 862 Πῶλε.
520 823 661 862 ΠῼΛ.
692 824 846 874 Ἀληθῆ
874 836 920 874 γε
950 822 1142 874 οἰόμενος
1170 822 1279 870 ἴσως.
1321 822 1416 861 ΣΩ.
1448 821 1484 862 Β

86 885 155 926 Σὺ
183 885 227 926 δέ
255 900 301 939 γε
330 886 582 939 εὐδαίμονας
620 882 673 926 αὖ
702 885 801 934 τοὺς
840 887 1114 935 ἀδικοῦντας,
1157 886 1230 927 ἐὰν
1269 885 1325 940 μὴ
1364 887 1420 927 δι-

85 951 186 992 δῶσι
214 951 347 1006 δίκην.
380 953 522 993 ΠΩΛ.
554 953 681 992 Πάνυ
706 950 782 1005 μὲν
804 948 894 993 οὖν.
926 954 1022 992 ΣΩ.
1052 952 1165 1005 Ἐγὼ
1194 951 1237 993 δὲ
1267 947 1422 1000 αὐτοὺς

83 1017 373 1065 α’θλιωτάτους
402 1017 521 1070 φημί,
551 1017 650 1065 τοὺς
678 1016 722 1057 δὲ
751 1018 945 1065 διδόντας
973 1018 1094 1071 δίκην
1111 1011 1249 1071 ἧττον.
1279 1018 1422 1068 βούλει

82 1081 148 1123 καὶ
180 1089 307 1124 τοῦτο
336 1080 536 1136 ἐλέγχεινς
576 1083 718 1123 ΠῼΛ.
746 1078 858 1123 Ἀλλ’
889 1081 946 1123 ἔτι
974 1078 1082 1124 τουτ’
1113 1083 1279 1124 ἐκείνου
1307 1085 1463 1136 χαλε--

80 1147 271 1200 πώτερόν
298 1146 432 1199 ἐστιν,
465 1142 497 1188 ὦ
526 1149 772 1199 Σώκρατες,
813 1146 1023 1200 ἐξελέγξαι.
1078 1150 1175 1189 Σῼ,
1211 1149 1273 1190 Οὐ
1303 1149 1419 1202 δῆτα,

84 1208 116 1253 ω
147 1215 284 1260 Πώλε,
313 1210 397 1254 ἀλλ’
427 1214 662 1254 ἀδύνατον·
714 1213 760 1253 τὸ
789 1212 870 1266 γὰρ
898 1214 1052 1267 ἀληθὲς
1082 1214 1283 1255 οὐδέποτε
1312 1211 1420 1266 ἐλέγ-

81 1292 203 1331 χεται.
235 1280 377 1320 ΠῼΛ.
411 1280 512 1326 Πῶς
539 1277 689 1331 Mysas,-
728 1277 801 1319 ἐὰν
827 1279 986 1319 α’δικών
1013 1282 1245 1331 ἄνθρωπος
1272 1281 1419 1333 ληφθῇ

81 1343 302 1396 τυραννίδι
351 1342 659 1396 ἐπιβουλεύων,
711 1343 779 1385 καὶ
824 1343 1001 1396 ληφθεὶς
1055 1346 1303 1397 στρεβλώται
1351 1343 1420 1385 καὶ
1468 1352 1503 1396 C

80 1493 140 1525 pro
165 1493 231 1525 quo
263 1481 343 1514 libri
372 1482 524 1515 Platonis
555 1483 683 1514 habent
712 1483 775 1521 μὲν
807 1486 934 1515 τοίνυν.
983 1483 1083 1526 Apud
1115 1483 1260 1516 eundem
1292 1481 1420 1516 ἀθλιώ-

80 1540 173 1562 τατος
197 1539 257 1570 pro
281 1525 491 1569 ἀθλιώτερος
508 1529 672 1570 scriptum
696 1533 819 1561 exstat.

147 1619 185 1650 P.
210 1616 287 1651 473.
317 1619 355 1650 Β.
398 1615 459 1651 Ὡς
495 1615 545 1649 σύ
575 1630 618 1660 γε
652 1617 750 1661 οἱέι]
785 1630 823 1661 γε
854 1618 1005 1650 additum
1039 1630 1055 1650 e
1088 1619 1173 1651 Ven.
1210 1619 1284 1650 ΞΣ.
1319 1619 1420 1651 Vind.

78 1663 110 1696 2.
135 1662 164 1698 7.
189 1663 280 1695 Flor.
305 1663 336 1695 d.
360 1674 393 1697 x.
419 1663 506 1705 Aug.
532 1663 671 1697 Meerm.
696 1663 792 1696 Bodl.
817 1668 848 1696 et
873 1663 925 1696 ed.
950 1665 1026 1696 Bas.
1052 1663 1082 1696 2.

77 1788 110 1820 p.
135 1774 212 1809 471.
236 1775 273 1808 C.
297 1786 329 1818 p.
353 1774 429 1808 470.
455 1775 492 1807 C.
528 1776 716 1807 Prinste-

77 1833 153 1854 rer.
178 1820 448 1864 Prosopograph.
472 1821 559 1852 Plat.
584 1832 615 1863 p.
640 1820 715 1854 106.

79 1868 165 1901 ἴσως
183 1866 326 1909 putabat
341 1866 475 1898 Socrati
498 1865 715 1898 tribuendum

785 1776 867 1810 Mid.
899 1787 929 1818 p.
956 1775 1039 1815 526,
1073 1775 1109 1809 7:
1144 1775 1243 1818 δίκην
1276 1774 1334 1808 τὸν
1365 1773 1419 1807 ἀεὶ

785 1820 983 1863 ληφθέντα,
1010 1820 1053 1864 ἣν
1078 1818 1250 1864 προςήκει,
1275 1820 1419 1853 διδόναι.

784 1867 892 1899 Plat.
926 1867 1067 1901 Phaedr.
1102 1878 1133 1909 p.
1158 1866 1235 1900 256.
1261 1867 1296 1899 C.
1323 1867 1419 1909 Reip.

78 1923 162 1945 esse.
204 1913 322 1954 Itaque
349 1912 627 1954 distinguendum
653 1913 716 1944 erit

82 1960 150 1991 sic:
169 1956 286 1991 Ἴσως·
313 1955 355 1989 σὺ
381 1955 418 1989 δέ
441 1969 490 2000 γε.
514 1958 592 1989 Non
616 1958 714 1989 male.

124 2000 219 2035 Ἀλλ’
267 2003 327 2034 ἔτι
377 2000 484 2034 τοῦτ’
527 2002 712 2035 ἐκείνου

79 2047 172 2091 χαλ]
213 2048 318 2079 Recte
342 2053 459 2079 censet
482 2048 588 2080 schol.
612 2050 714 2080 etiam

78 2094 163 2126 haec
202 2092 292 2124 dicta
330 2102 404 2124 esse
442 2103 517 2124 cum
547 2094 713 2126 irrisione.

78 2139 285 2171 Referuntur
314 2141 427 2169 autem
450 2137 492 2169 ad
515 2138 593 2178 illa,
627 2149 714 2181 quae

79 2195 110 2227 p.
134 2182 210 2216 470.
236 2183 273 2215 C.
297 2182 468 2225 leguntur.

126 2228 199 2261 ἐὰν
231 2225 394 2260 ἀδικῶν
425 2226 624 2268 ἅνθρωπ.
651 2230 714 2270 λη-

79 2275 171 2317 φθῇ
193 2272 249 2317 -]
280 2274 324 2305 H.
349 2284 377 2305 6.
402 2274 615 2315 καταληφθῇ.
638 2274 715 2305 Ho-

77 2330 172 2351 mer.
197 2319 293 2351 Iliad.
325 2316 362 2351 λ’.
386 2329 419 2350 v.
444 2317 523 2351 126:
567 2322 625 2350 τοῦ
650 2330 712 2373 περ

78 2363 120 2420 δὴ
186 2362 248 2396 δύο
302 2363 401 2396 παῖδε
452 2362 535 2405 λα’βε
587 2366 716 2403 κρείων

78 2407 308 2451 Ἀγαμέμνων,
334 2421 390 2441 ειν
416 2409 468 2441 ἑνὶ
495 2409 612 2451 δίᾳ-ρῳ
638 2407 714 2440 ἐόν-

81 2467 148 2492 τας,
174 2452 262 2493 ὁμοῦ
288 2452 316 2486 δ’
343 2454 418 2495 ἔχον
445 2452 552 2488 ώκὲας
578 2456 713 2488 ἵππους.

80 2500 165 2542 Sop
176 2499 286 2531 hoel.
317 2499 399 2531 Oed.
431 2501 513 2540 Tyr.
548 2510 579 2531 v.
618 2498 714 2532 1024.

81 2545 132 2577 ed.
144 2511 304 2576 p.:Herm
335 2547 370 2576 τί
397 2542 424 2576 δ’
457 2545 558 2597 ἄλγος
591 2542 713 2586 ι’σχοντ’

81 2590 120 2622 ἑν
158 2594 274 2623 κακοῖς
314 2600 354 2628 με
392 2591 595 2632 λαμβανς,·ει
642 2592 716 2622 De-

77 2635 284 2667 mosthen.
308 2634 385 2666 adV.
404 2636 567 2670 Aristoor.
591 2646 623 2691 p.
639 2635 715 2676 721,

78 2679 132 2713 20.
157 2680 208 2712 ed.
231 2679 365 2712 Reisk..
401 2678 518 2721 ἐπειδὴ
549 2679 627 2714 τοὺς
658 2680 714 2712 νό-

80 2737 166 2764 μους
190 2728 395 2768 κακουργῶν
418 2726 581 2768 εἴληπται.
628 2726 716 2758 Adv.

783 1913 825 1944 X.
849 1923 880 1954 p.
905 1911 981 1945 609.
1006 1914 1042 1945 C.
1073 1913 1178 1955 Legg.
1203 1913 1262 1944 IX.
1287 1923 1319 1954 p.
1343 1911 1418 1945 854.

784 1958 821 1989 C.
863 1958 920 1989 Sic
959 1959 1059 1989 etiam
1097 1959 1224 1990 Latini.
1269 1957 1416 1990 Horat.

784 2003 924 2043 Od.11,
950 2002 1008 2043 16,
1036 2003 1073 2034 1:
1114 2004 1256 2035 Otium
1293 2008 1418 2045 rogat

782 2049 825 2079 in
849 2049 1023 2090 patenti
1048 2059 1238 2091 prensus
1262 2049 1415 2091 Aegeo.

783 2094 935 2137 virgil.
968 2095 1052 2125 Aen.
1086 2095 1126 2125 V.
1158 2105 1188 2124 v.
1215 2092 1266 2125 52.
1315 2093 1419 2125 Plura

783 2138 877 2170 dabit
914 2139 1100 2171 Dorvill.
1138 2139 1180 2170 ad
1219 2139 1346 2170 Charit.
1385 2149 1417 2180 p.

783 2183 858 2217 599.
877 2185 967 2215 Dein
984 2183 1164 2225 τυραννίδι
1179 2183 1419 2226 ἐπιβουλεύειν

783 2234 834 2261 est
858 2229 1019 2261 callide
1051 2229 1332 2271 tyrannidem
1363 2229 1418 2260 af-

783 2276 961 2306 fectare.
986 2285 1017 2306 v.
1034 2275 1076 2306 ad
1094 2275 1229 2317 Protag.
1241 2285 1272 2316 p.
1287 2272 1363 2307 343.
1379 2274 1415 2306 C.

783 2321 834 2351 De
858 2320 1021 2361 proximis
1047 2320 1134 2352 conf.
1160 2320 1340 2352 Lucian.
1364 2320 1416 2351 De

782 2366 894 2397 Luctu
933 2366 962 2403 ἓ.
1001 2364 1037 2396 8:
1077 2363 1349 2407 στρεβλούμενοί
1385 2376 1416 2396 τε

782 2410 838 2442 καὶ
865 2408 1038 2448 καιόμενοι
1057 2429 1099 2433 -
1120 2412 1174 2442 καὶ
1201 2413 1308 2453 τροχῷ
1334 2420 1415 2449 συμ-

786 2453 982 2495 φερόμενοι.
1030 2455 1138 2487 Plat.
1186 2455 1227 2488 de
1272 2455 1416 2497 Republ.

783 2501 825 2532 II.
850 2511 880 2542 p.
906 2498 982 2532 361.
1012 2501 1059 2532 E:
1091 2499 1140 2533 ὅτι
1170 2500 1260 2533 οὕτω
1292 2500 1416 2533 διακεί-

783 2557 886 2585 μενος
933 2543 951 2576 ὁ
993 2544 1121 2580 δίκαιος
1165 2544 1417 2588 μαστιγώσεται,

786 2588 1043 2632 στρεβλώσεται,
1081 2590 1270 2633 δεδήσεται,
1295 2590 1416 2623 ἐκκαυ-

786 2634 928 2688 θήσεται
981 2634 1195 2677 τωιῑθαλιιώ,
1254 2638 1417 2668 τελευτῶν

784 2693 854 2712 ται
857 2693 894 2712 τα
910 2680 993 2713 κακὰ
1013 2680 1136 2714 παθών
1150 2679 1416 2736 ἀναοχιιδυλει-

783 2726 946 2769 θήσεται,
979 2727 1034 2759 καὶ
1065 2726 1250 2771 γνώσεται,
1283 2726 1330 2760 ὅτι
1354 2738 1417 2758 ουκ
