1687 2969
534 173 575 178 —-
646 152 795 191 XXXVII
867 173 909 177 ——

51 267 168 310 dium
198 265 405 309 scientiae
435 271 479 308 et
511 264 795 323 cognitionis,
835 265 880 306 in
911 279 996 320 quo
1028 265 1093 306 vir
1124 265 1394 322 sapientissi-

49 339 144 366 mus
185 322 503 380 philosophiam
532 322 649 365 cerni
675 321 898 375 iudicavit,
931 321 968 363 si
997 336 1084 362 non
1117 324 1291 366 omnino
1321 339 1395 365 va-

50 396 152 423 num
180 382 372 423 futurum
405 380 482 434 sit,
515 378 600 421 duo
630 378 713 421 sibi
745 385 961 434 tamquam
1000 378 1209 421 elementa
1239 380 1395 436 depos-

50 453 167 480 cere:
218 437 397 479 alterum
441 437 650 478 acriorem
701 435 928 490 quemdam
975 435 1169 478 veritatis
1220 452 1397 479 sensum

50 494 502 549 vehementioremque
566 493 828 549 appetitum,
905 507 990 547 quo
1039 492 1207 535 animus
1271 494 1395 549 quasi

50 551 164 593 ultra
192 566 239 593 se
259 551 395 593 elatus
415 556 626 607 perpetuo
649 548 704 590 ad
724 550 949 591 veritatem
969 549 1297 605 amplexandam
1320 566 1395 592 ex-

50 608 222 662 citetur,
274 613 523 661 moveatur,
564 607 807 656 auferatur3
847 607 1030 648 alterum
1060 606 1396 649 instrumentum

50 664 173 720 quasi
203 663 446 720 quoddam,
484 663 607 706 cuius
646 678 730 704 usu
759 663 851 704 fieri
883 670 1027 718 queat,
1061 670 1109 704 ut
1137 669 1283 705 nativa
1311 664 1398 706 ista

50 720 218 763 sciendi
248 720 447 774 aviditas,
481 727 690 775 quantum
721 720 814 762 fieri
843 720 998 777 possit,
1030 720 1255 777 expleatur
1275 726 1317 762 et
1341 720 1397 762 ad

50 778 256 821 scientiae
285 778 637 834 perspicuitatem
676 777 950 834 perducatur.
1009 777 1184 819 Etenim
1214 778 1396 820 alterum

49 835 143 877 sine
184 834 318 876 altero
347 841 462 876 esset
479 835 677 891 profecto
702 850 900 876 mancum
920 849 969 876 ac
1002 834 1159 888 debile,
1183 833 1396 890 siquidem

49 906 130 934 nec
168 892 338 934 nativus
377 891 448 933 ille
488 892 619 933 animi
650 892 865 948 appetitus
903 906 981 947 per
1020 906 1066 933 se
1097 892 1216 933 solus
1247 891 1397 948 cogni-

48 949 166 990 tione
204 948 398 990 veritatis
432 964 529 990 cum
556 949 824 990 conscientia
849 948 941 990 veri
961 947 1090 1003 potiri
1120 954 1285 1004 posset,
1317 963 1398 990 nec

51 1005 155 1047 artis
185 1020 290 1047 usus
321 1020 346 1046 a
370 1005 461 1047 veri
483 1005 720 1062 cupiditate
769 1005 989 1047 seiunctus
1041 1004 1097 1046 ad
1157 1006 1397 1061 sapientiae

50 1062 371 1118 possessionem
418 1062 521 1104 satis
562 1062 719 1104 efficax
755 1063 879 1104 foret.
961 1061 1061 1103 Hoc
1108 1061 1242 1118 igitur
1295 1077 1396 1104 acu-

48 1133 147 1159 men
186 1118 381 1160 Platonis
418 1118 752 1174 haudquaquam
780 1118 1014 1174 praeteriit.
1071 1117 1227 1174 Itaque
1257 1120 1397 1161 conti-

49 1190 135 1216 nuo
155 1174 226 1216 ille
250 1175 403 1216 statuit
430 1175 665 1230 verissime,
696 1176 858 1217 fontem
887 1174 1186 1231 philosophiae
1216 1190 1269 1217 ex
1296 1176 1397 1217 ulti-

48 1247 118 1273 mo
162 1247 212 1273 ac
254 1246 454 1287 supremo
493 1232 629 1288 ipsius
660 1232 873 1289 principio
904 1238 1148 1273 manantem
1179 1231 1396 1289 duplicem

49 1302 170 1342 esse,
212 1289 452 1331 naturalem
492 1288 720 1344 quemdam
759 1289 915 1331 mentis
966 1289 1183 1344 animique
1231 1296 1397 1331 motum

49 1351 93 1386 et
122 1345 373 1401 appetitum,
405 1362 491 1401 quo
522 1361 659 1402 usque
688 1345 744 1388 ad
773 1346 864 1388 veri
883 1346 1107 1388 scientiam
1124 1351 1166 1387 et
1184 1347 1396 1403 cognitio-

48 1416 147 1444 nem
201 1402 467 1456 auferamur,
508 1409 638 1458 atque
677 1409 811 1445 artem
849 1403 1012 1444 homini
1048 1402 1152 1444 item
1192 1419 1217 1444 a
1245 1409 1400 1445 natura

47 1459 274 1514 tributam,
313 1475 399 1514 qua
439 1459 502 1501 illi
530 1459 745 1502 desiderio
787 1460 917 1501 animi
954 1459 1124 1516 plenius
1159 1461 1300 1516 possit
1329 1476 1397 1503 sa-

47 1515 213 1558 tisfieri.
291 1516 506 1558 Nimirum
554 1517 626 1558 ille
667 1516 841 1572 quidem
887 1524 953 1559 est
1007 1524 1228 1571 tamquam
1283 1517 1396 1574 ignis

49 1572 224 1628 quidam
249 1578 378 1628 atque
407 1574 559 1627 fomes,
588 1574 633 1615 in
652 1590 737 1629 quo
769 1574 1005 1630 sapientiae
1023 1573 1214 1616 studium
1244 1590 1397 1616 accen-

49 1629 166 1670 ditur
186 1635 230 1671 et
246 1629 550 1683 inflammatur,
579 1646 664 1685 quo
684 1631 876 1672 extincto
899 1637 973 1672 aut
991 1646 1077 1672 non
1104 1631 1214 1673 bene
1234 1631 1398 1673 nutrito

48 1685 146 1742 ipsa
165 1686 293 1727 animi
320 1686 411 1728 vita
441 1702 674 1742 sanequam
690 1688 1016 1743 periclitaretur.
1076 1687 1201 1730 Haec
1238 1694 1396 1741 autem,

49 1743 145 1798 ipso
184 1742 259 1784 illo
302 1743 490 1785 excitata
526 1744 655 1785 animi
693 1745 859 1800 impetu
899 1750 942 1786 et
973 1743 1139 1797 effecta,
1173 1751 1240 1786 est
1271 1745 1397 1800 quasi

48 1799 162 1841 illius
201 1800 413 1856 perfectio
453 1806 496 1842 et
528 1801 767 1855 absolutio,
808 1801 966 1857 quippe
1007 1817 1139 1856 quum
1168 1802 1261 1859 igni
1288 1808 1397 1844 tam-

52 1871 179 1912 quam
216 1857 358 1899 lucem
404 1857 719 1914 intelligentiae
760 1874 811 1900 ac
861 1858 1068 1901 scientiae
1112 1857 1276 1901 afferat.
1335 1858 1398 1900 Et

51 1913 293 1969 appetitum
313 1913 488 1969 quidem
517 1915 638 1956 illum
669 1915 957 1972 philosophus
989 1916 1194 1958 amoris
1224 1915 1396 1959 nomine

50 1969 298 2026 insignivit3
352 1975 487 2013 artem
531 1977 675 2014 autem
721 1972 759 2013 ei
809 1978 1030 2028 tamquam
1081 1972 1397 2014 ministrantem

52 2025 161 2068 dixit
191 2026 573 2083 dialecticam,
614 2043 682 2071 res
721 2029 860 2085 prima
901 2029 1075 2085 quidem
1113 2030 1258 2085 specie
1288 2029 1397 2071 mul-

51 2087 142 2125 tum
171 2083 378 2139 diversas,
411 2085 488 2127 sed
516 2101 562 2127 re
592 2085 688 2142 ipsa
725 2086 1016 2128 indissolubili
1043 2086 1218 2128 vinculo
1262 2100 1397 2128 nexas

53 2144 97 2181 et
125 2141 332 2196 sociatas,
372 2157 481 2197 quae
513 2143 768 2185 coniunctae
800 2143 971 2184 demum
1003 2158 1172 2184 omnem
1199 2143 1397 2198 philoso-

52 2195 214 2251 phandi
250 2198 336 2239 vim
377 2207 421 2241 et
458 2199 667 2241 rationem
716 2200 960 2242 absolvunt.
1041 2198 1216 2255 Quippe
1267 2200 1394 2242 ambo

54 2252 136 2294 ista
173 2253 508 2312 philosophandi
542 2256 756 2313 principia
786 2256 970 2311 denique
1001 2256 1045 2297 in
1075 2272 1208 2298 unum
1238 2261 1398 2298 coeunt

57 2323 134 2363 eo,
185 2311 302 2365 quod
346 2313 544 2369 primitus
582 2313 627 2354 in
679 2319 853 2355 aeterna
903 2313 1033 2354 animi
1070 2313 1114 2354 vi
1153 2327 1204 2354 ac
1242 2318 1397 2354 natura

57 2371 157 2406 sunt
192 2368 355 2423 posita,
398 2385 482 2425 qua
521 2369 596 2411 ille
638 2386 725 2412 non
766 2370 894 2412 modo
936 2369 1037 2412 inde
1081 2385 1106 2411 a
1146 2369 1394 2426 primordiis

57 2421 145 2464 suis
164 2425 336 2480 proprio
368 2433 495 2482 atque
514 2427 652 2469 libero
682 2434 802 2469 motu
822 2427 977 2483 viguit,
1010 2425 1087 2469 sed
1117 2427 1246 2468 etiam
1275 2426 1394 2468 idea-

57 2493 152 2520 rum
169 2482 665 2536 comprehendendarum
682 2484 887 2525 facultate
908 2490 1085 2525 ornatus
1107 2489 1149 2526 et
1158 2486 1397 2526 instructus

57 2534 153 2577 fuit.
210 2535 265 2577 Id
294 2539 410 2592 quod
426 2540 591 2596 liquido
613 2546 792 2597 apparet
832 2556 885 2582 ex
914 2540 1131 2595 Phaedro,
1162 2541 1238 2583 ubi
1268 2540 1398 2582 animi

57 2591 233 2634 humani
270 2608 321 2635 eo
350 2595 466 2651 ipso,
507 2596 624 2652 quod
663 2598 943 2654 sempiternas
982 2614 1124 2640 rerum
1154 2597 1321 2653 species
1351 2597 1398 2638 in

57 2649 146 2691 vita
183 2650 360 2693 coelesti
398 2667 448 2695 ac
484 2653 631 2697 divina
669 2653 828 2696 intueri
857 2655 1101 2710 potuerint,
1134 2655 1262 2696 etiam
1293 2654 1396 2696 artis

57 2703 306 2750 dialecticae
345 2709 574 2766 participes
612 2711 716 2754 facti
748 2726 857 2765 esse,
890 2711 973 2754 hoc
1003 2718 1083 2765 est,
1122 2710 1242 2753 ideas
1279 2726 1395 2753 com-
