<?xml version="1.0" encoding="UTF-8"?>
<!DOCTYPE html PUBLIC "-//W3C//DTD XHTML 1.0 Transitional//EN"
    "http://www.w3.org/TR/xhtml1/DTD/xhtml1-transitional.dtd">
<html xmlns="http://www.w3.org/1999/xhtml" xml:lang="en" lang="en">
 <head>
  <title>
</title>
<meta http-equiv="Content-Type" content="text/html;charset=utf-8" />
  <meta name='ocr-system' content='tesseract 3.04.00' />
  <meta name='ocr-capabilities' content='ocr_page ocr_carea ocr_par ocr_line ocrx_word'/>
</head>
<body>
  <div class='ocr_page' id='page_1' title='image "./n1operaomniarecens04platuoft/n1operaomniarecens04platuoft_0416.png"; bbox 0 0 1687 2969; ppageno 0'>
   <div class='ocr_carea' id='block_1_1' title="bbox 212 169 1082 207">
    <p class='ocr_par' dir='ltr' id='par_1_1' title="bbox 212 169 1082 207">
     <span class='ocr_line' id='line_1_1' title="bbox 212 169 1082 207; baseline -0.001 0"><span class='ocrx_word' id='word_1_1' title='bbox 212 175 233 207; x_wconf 86' lang='lat'><strong>2</strong></span> <span class='ocrx_word' id='word_1_2' title='bbox 241 175 261 207; x_wconf 78' lang='lat'><em>4</em></span> <span class='ocrx_word' id='word_1_3' title='bbox 687 169 1082 207; x_wconf 78' lang='lat' dir='ltr'><strong>PROLEGOMENA</strong></span> 
     </span>
    </p>
   </div>
   <div class='ocr_carea' id='block_1_2' title="bbox 215 281 1575 2416">
    <p class='ocr_par' dir='ltr' id='par_1_2' title="bbox 215 281 1575 2416">
     <span class='ocr_line' id='line_1_2' title="bbox 215 281 1567 332; baseline -0.001 -12"><span class='ocrx_word' id='word_1_4' title='bbox 215 296 296 320; x_wconf 90' lang='lat' dir='ltr'>esse</span> <span class='ocrx_word' id='word_1_5' title='bbox 318 282 586 320; x_wconf 86' lang='lat' dir='ltr'>evincitur.—</span> <span class='ocrx_word' id='word_1_6' title='bbox 603 282 724 319; x_wconf 86' lang='lat' dir='ltr'>Docet</span> <span class='ocrx_word' id='word_1_7' title='bbox 751 281 852 318; x_wconf 86' lang='lat' dir='ltr'>enim</span> <span class='ocrx_word' id='word_1_8' title='bbox 875 281 1048 318; x_wconf 77' lang='lat' dir='ltr'>Socrates</span> <span class='ocrx_word' id='word_1_9' title='bbox 1069 282 1170 318; x_wconf 86' lang='lat' dir='ltr'>bona</span> <span class='ocrx_word' id='word_1_10' title='bbox 1192 284 1230 318; x_wconf 90' lang='lat' dir='ltr'>et</span> <span class='ocrx_word' id='word_1_11' title='bbox 1250 282 1350 318; x_wconf 86' lang='lat' dir='ltr'>mala</span> <span class='ocrx_word' id='word_1_12' title='bbox 1369 295 1567 332; x_wconf 85' lang='lat' dir='ltr'>nunquam</span> 
     </span>
     <span class='ocr_line' id='line_1_3' title="bbox 215 337 1565 387; baseline 0 -12"><span class='ocrx_word' id='word_1_13' title='bbox 215 339 326 376; x_wconf 89' lang='lat' dir='ltr'>simul</span> <span class='ocrx_word' id='word_1_14' title='bbox 358 338 503 381; x_wconf 78' lang='lat' dir='ltr'>amitti,</span> <span class='ocrx_word' id='word_1_15' title='bbox 544 339 610 375; x_wconf 88' lang='lat' dir='ltr'>sed</span> <span class='ocrx_word' id='word_1_16' title='bbox 648 339 812 375; x_wconf 87' lang='lat' dir='ltr'>alterum</span> <span class='ocrx_word' id='word_1_17' title='bbox 851 351 1000 386; x_wconf 87' lang='lat' dir='ltr'>semper</span> <span class='ocrx_word' id='word_1_18' title='bbox 1030 337 1188 375; x_wconf 86' lang='lat' dir='ltr'>alterius</span> <span class='ocrx_word' id='word_1_19' title='bbox 1218 337 1343 374; x_wconf 86' lang='lat' dir='ltr'>locum</span> <span class='ocrx_word' id='word_1_20' title='bbox 1372 351 1565 387; x_wconf 85' lang='lat' dir='ltr'>occupare.</span> 
     </span>
     <span class='ocr_line' id='line_1_4' title="bbox 216 394 1565 443; baseline 0.001 -12"><span class='ocrx_word' id='word_1_21' title='bbox 216 397 345 442; x_wconf 77' lang='lat' dir='ltr'>Longe</span> <span class='ocrx_word' id='word_1_22' title='bbox 377 395 489 431; x_wconf 88' lang='lat' dir='ltr'>aliam</span> <span class='ocrx_word' id='word_1_23' title='bbox 520 399 647 431; x_wconf 83' lang='lat' dir='ltr'>autem</span> <span class='ocrx_word' id='word_1_24' title='bbox 678 408 760 432; x_wconf 78' lang='lat' dir='ltr'>esse</span> <span class='ocrx_word' id='word_1_25' title='bbox 790 394 977 431; x_wconf 87' lang='lat' dir='ltr'>rationem</span> <span class='ocrx_word' id='word_1_26' title='bbox 1015 394 1069 431; x_wconf 90' lang='lat' dir='ltr'>ait</span> <span class='ocrx_word' id='word_1_27' title='bbox 1097 394 1236 431; x_wconf 89' lang='lat' dir='ltr'>doloris</span> <span class='ocrx_word' id='word_1_28' title='bbox 1267 398 1306 431; x_wconf 88' lang='lat' dir='ltr'>et</span> <span class='ocrx_word' id='word_1_29' title='bbox 1334 395 1565 443; x_wconf 73' lang='lat' dir='ltr'>voluptatis:</span> 
     </span>
     <span class='ocr_line' id='line_1_5' title="bbox 216 450 1566 501; baseline 0 -14"><span class='ocrx_word' id='word_1_30' title='bbox 216 453 315 488; x_wconf 89' lang='lat' dir='ltr'>hanc</span> <span class='ocrx_word' id='word_1_31' title='bbox 354 452 457 487; x_wconf 89' lang='lat' dir='ltr'>enim</span> <span class='ocrx_word' id='word_1_32' title='bbox 495 464 573 487; x_wconf 88' lang='lat' dir='ltr'>una</span> <span class='ocrx_word' id='word_1_33' title='bbox 613 464 698 487; x_wconf 90' lang='grc'><strong>011111</strong></span> <span class='ocrx_word' id='word_1_34' title='bbox 736 451 800 487; x_wconf 84' lang='grc'><strong>1110</strong></span> <span class='ocrx_word' id='word_1_35' title='bbox 831 464 942 499; x_wconf 80' lang='lat' dir='ltr'>saepe</span> <span class='ocrx_word' id='word_1_36' title='bbox 984 450 1086 487; x_wconf 87' lang='lat' dir='ltr'>finiri</span> <span class='ocrx_word' id='word_1_37' title='bbox 1118 463 1194 487; x_wconf 92' lang='grc'><strong>11110</strong></span> <span class='ocrx_word' id='word_1_38' title='bbox 1234 451 1441 501; x_wconf 88' lang='lat' dir='ltr'>eodemque</span> <span class='ocrx_word' id='word_1_39' title='bbox 1472 455 1566 488; x_wconf 85' lang='lat' dir='ltr'>tem-</span> 
     </span>
     <span class='ocr_line' id='line_1_6' title="bbox 216 505 1567 557; baseline 0 -13"><span class='ocrx_word' id='word_1_40' title='bbox 216 521 305 556; x_wconf 88' lang='lat' dir='ltr'>pore</span> <span class='ocrx_word' id='word_1_41' title='bbox 354 520 478 557; x_wconf 88' lang='lat' dir='ltr'>neque</span> <span class='ocrx_word' id='word_1_42' title='bbox 527 507 671 544; x_wconf 80' lang='lat' dir='ltr'>diutius</span> <span class='ocrx_word' id='word_1_43' title='bbox 711 521 753 543; x_wconf 89' lang='lat' dir='ltr'>eo</span> <span class='ocrx_word' id='word_1_44' title='bbox 802 505 1175 553; x_wconf 51' lang='grc' dir='ltr'><strong>50111111ὋΩ11110</strong></span> <span class='ocrx_word' id='word_1_45' title='bbox 1214 520 1273 543; x_wconf 88' lang='lat' dir='ltr'>res</span> <span class='ocrx_word' id='word_1_46' title='bbox 1314 521 1388 557; x_wconf 87' lang='lat' dir='ltr'>quo</span> <span class='ocrx_word' id='word_1_47' title='bbox 1428 507 1567 544; x_wconf 84' lang='lat' dir='ltr'>clarius</span> 
     </span>
     <span class='ocr_line' id='line_1_7' title="bbox 215 563 1567 614; baseline 0 -14"><span class='ocrx_word' id='word_1_48' title='bbox 215 564 473 610; x_wconf 70' lang='lat' dir='ltr'>intelligatur,</span> <span class='ocrx_word' id='word_1_49' title='bbox 514 577 633 614; x_wconf 90' lang='lat' dir='ltr'>quum</span> <span class='ocrx_word' id='word_1_50' title='bbox 673 564 747 600; x_wconf 89' lang='lat' dir='ltr'>alia</span> <span class='ocrx_word' id='word_1_51' title='bbox 786 563 898 600; x_wconf 78' lang='lat' dir='ltr'>affert</span> <span class='ocrx_word' id='word_1_52' title='bbox 934 563 975 599; x_wconf 90' lang='lat' dir='ltr'>in</span> <span class='ocrx_word' id='word_1_53' title='bbox 1014 563 1201 609; x_wconf 84' lang='lat' dir='ltr'>medium,</span> <span class='ocrx_word' id='word_1_54' title='bbox 1242 569 1323 600; x_wconf 90' lang='lat' dir='ltr'>tum</span> <span class='ocrx_word' id='word_1_55' title='bbox 1354 563 1567 601; x_wconf 76' lang='lat' dir='ltr'>sitientium</span> 
     </span>
     <span class='ocr_line' id='line_1_8' title="bbox 216 620 1567 670; baseline -0.001 -13"><span class='ocrx_word' id='word_1_56' title='bbox 216 620 506 670; x_wconf 86' lang='lat' dir='ltr'>bibentiumque</span> <span class='ocrx_word' id='word_1_57' title='bbox 537 620 755 669; x_wconf 80' lang='lat' dir='ltr'>exemplum</span> <span class='ocrx_word' id='word_1_58' title='bbox 793 624 1070 657; x_wconf 73' lang='lat' dir='ltr'>commemorat.</span> <span class='ocrx_word' id='word_1_59' title='bbox 1130 620 1212 656; x_wconf 86' lang='lat' dir='ltr'>Hos</span> <span class='ocrx_word' id='word_1_60' title='bbox 1250 620 1352 656; x_wconf 89' lang='lat' dir='ltr'>enim</span> <span class='ocrx_word' id='word_1_61' title='bbox 1382 620 1436 657; x_wconf 90' lang='lat' dir='ltr'>ait</span> <span class='ocrx_word' id='word_1_62' title='bbox 1464 621 1567 658; x_wconf 87' lang='lat' dir='ltr'>sitim</span> 
     </span>
     <span class='ocr_line' id='line_1_9' title="bbox 217 675 1567 727; baseline -0.001 -14"><span class='ocrx_word' id='word_1_63' title='bbox 217 680 333 727; x_wconf 86' lang='lat' dir='ltr'>atque</span> <span class='ocrx_word' id='word_1_64' title='bbox 372 678 609 725; x_wconf 69' lang='lat' dir='ltr'>voluptatem</span> <span class='ocrx_word' id='word_1_65' title='bbox 650 676 814 713; x_wconf 84' lang='lat' dir='ltr'>bibendo</span> <span class='ocrx_word' id='word_1_66' title='bbox 854 680 1073 724; x_wconf 74' lang='lat' dir='ltr'>perceptam</span> <span class='ocrx_word' id='word_1_67' title='bbox 1112 675 1226 712; x_wconf 86' lang='lat' dir='ltr'>simul</span> <span class='ocrx_word' id='word_1_68' title='bbox 1265 676 1459 713; x_wconf 84' lang='lat' dir='ltr'>amittere:</span> <span class='ocrx_word' id='word_1_69' title='bbox 1504 676 1567 714; x_wconf 88' lang='lat' dir='ltr'>siti</span> 
     </span>
     <span class='ocr_line' id='line_1_10' title="bbox 217 732 1568 772; baseline 0 -3"><span class='ocrx_word' id='word_1_70' title='bbox 217 733 319 769; x_wconf 87' lang='lat' dir='ltr'>enim</span> <span class='ocrx_word' id='word_1_71' title='bbox 357 734 540 770; x_wconf 80' lang='lat' dir='ltr'>restincta</span> <span class='ocrx_word' id='word_1_72' title='bbox 590 732 705 769; x_wconf 82' lang='lat' dir='ltr'>etiam</span> <span class='ocrx_word' id='word_1_73' title='bbox 753 732 904 769; x_wconf 79' lang='lat' dir='ltr'>bibendi</span> <span class='ocrx_word' id='word_1_74' title='bbox 946 732 1224 769; x_wconf 82' lang='lat' dir='ltr'>iucunditatem</span> <span class='ocrx_word' id='word_1_75' title='bbox 1270 733 1383 769; x_wconf 89' lang='lat' dir='ltr'>finiri.</span> <span class='ocrx_word' id='word_1_76' title='bbox 1461 732 1568 772; x_wconf 79' lang='lat' dir='ltr'>Quae</span> 
     </span>
     <span class='ocr_line' id='line_1_11' title="bbox 217 788 1569 839; baseline -0.001 -13"><span class='ocrx_word' id='word_1_77' title='bbox 217 790 371 839; x_wconf 85' lang='lat' dir='ltr'>quidem</span> <span class='ocrx_word' id='word_1_78' title='bbox 402 789 529 825; x_wconf 86' lang='lat' dir='ltr'>omnia</span> <span class='ocrx_word' id='word_1_79' title='bbox 567 802 684 838; x_wconf 86' lang='lat' dir='ltr'>quum</span> <span class='ocrx_word' id='word_1_80' title='bbox 725 789 777 825; x_wconf 86' lang='lat' dir='ltr'>ita</span> <span class='ocrx_word' id='word_1_81' title='bbox 818 793 1036 836; x_wconf 83' lang='lat' dir='ltr'>comparata</span> <span class='ocrx_word' id='word_1_82' title='bbox 1074 788 1170 834; x_wconf 86' lang='lat' dir='ltr'>sint,</span> <span class='ocrx_word' id='word_1_83' title='bbox 1210 792 1253 825; x_wconf 88' lang='lat' dir='ltr'>ut</span> <span class='ocrx_word' id='word_1_84' title='bbox 1295 802 1316 825; x_wconf 91' lang='lat' dir='ltr'>a</span> <span class='ocrx_word' id='word_1_85' title='bbox 1346 789 1498 826; x_wconf 83' lang='lat' dir='ltr'>Callicle</span> <span class='ocrx_word' id='word_1_86' title='bbox 1528 789 1569 826; x_wconf 91' lang='grc'>111</span> 
     </span>
     <span class='ocr_line' id='line_1_12' title="bbox 217 844 1569 894; baseline 0.001 -13"><span class='ocrx_word' id='word_1_87' title='bbox 217 846 377 882; x_wconf 87' lang='lat' dir='ltr'>dubium</span> <span class='ocrx_word' id='word_1_88' title='bbox 408 846 533 882; x_wconf 73' lang='lat' dir='ltr'>vocari</span> <span class='ocrx_word' id='word_1_89' title='bbox 568 844 893 894; x_wconf 39' lang='grc'><strong>1101111110111119195),</strong></span> <span class='ocrx_word' id='word_1_90' title='bbox 925 845 1109 891; x_wconf 76' lang='lat' dir='ltr'>Socrates,</span> <span class='ocrx_word' id='word_1_91' title='bbox 1140 848 1185 882; x_wconf 89' lang='lat' dir='ltr'>ut</span> <span class='ocrx_word' id='word_1_92' title='bbox 1210 845 1440 882; x_wconf 87' lang='lat' dir='ltr'>sententiam</span> <span class='ocrx_word' id='word_1_93' title='bbox 1461 859 1569 882; x_wconf 87' lang='lat' dir='ltr'>suam</span> 
     </span>
     <span class='ocr_line' id='line_1_13' title="bbox 217 901 1568 951; baseline 0 -13"><span class='ocrx_word' id='word_1_94' title='bbox 217 902 338 948; x_wconf 68' lang='lat' dir='ltr'>magis</span> <span class='ocrx_word' id='word_1_95' title='bbox 369 902 485 938; x_wconf 84' lang='lat' dir='ltr'>etiam</span> <span class='ocrx_word' id='word_1_96' title='bbox 516 902 724 945; x_wconf 84' lang='lat' dir='ltr'>confirmet,</span> <span class='ocrx_word' id='word_1_97' title='bbox 755 902 801 937; x_wconf 89' lang='lat' dir='ltr'>ad</span> <span class='ocrx_word' id='word_1_98' title='bbox 825 906 1005 951; x_wconf 82' lang='lat' dir='ltr'>quartum</span> <span class='ocrx_word' id='word_1_99' title='bbox 1026 901 1270 950; x_wconf 74' lang='lat' dir='ltr'>progreditur</span> <span class='ocrx_word' id='word_1_100' title='bbox 1289 906 1568 949; x_wconf 75' lang='lat' dir='ltr'>argumentum,</span> 
     </span>
     <span class='ocr_line' id='line_1_14' title="bbox 218 957 1568 1007; baseline 0.001 -14"><span class='ocrx_word' id='word_1_101' title='bbox 218 972 292 1007; x_wconf 82' lang='lat' dir='ltr'>quo</span> <span class='ocrx_word' id='word_1_102' title='bbox 332 958 420 994; x_wconf 91' lang='lat' dir='ltr'>boni</span> <span class='ocrx_word' id='word_1_103' title='bbox 462 963 499 994; x_wconf 86' lang='lat' dir='ltr'>et</span> <span class='ocrx_word' id='word_1_104' title='bbox 540 958 695 994; x_wconf 82' lang='lat' dir='ltr'>iucundi</span> <span class='ocrx_word' id='word_1_105' title='bbox 746 961 924 994; x_wconf 88' lang='lat' dir='ltr'>naturam</span> <span class='ocrx_word' id='word_1_106' title='bbox 963 957 1153 994; x_wconf 79' lang='lat' dir='ltr'>diversam</span> <span class='ocrx_word' id='word_1_107' title='bbox 1202 971 1284 994; x_wconf 84' lang='lat' dir='ltr'>esse</span> <span class='ocrx_word' id='word_1_108' title='bbox 1323 959 1568 996; x_wconf 68' lang='lat' dir='ltr'>demonstret.</span> 
     </span>
     <span class='ocr_line' id='line_1_15' title="bbox 218 1014 1569 1064; baseline 0.001 -14"><span class='ocrx_word' id='word_1_109' title='bbox 218 1016 259 1050; x_wconf 83' lang='lat' dir='ltr'>P.</span> <span class='ocrx_word' id='word_1_110' title='bbox 293 1014 383 1051; x_wconf 76' lang='lat'>497.</span> <span class='ocrx_word' id='word_1_111' title='bbox 418 1016 462 1050; x_wconf 81' lang='lat' dir='ltr'>A.</span> <span class='ocrx_word' id='word_1_112' title='bbox 494 1036 550 1039; x_wconf 93' lang='lat'>—</span> <span class='ocrx_word' id='word_1_113' title='bbox 579 1015 625 1050; x_wconf 91' lang='lat' dir='ltr'>D.</span> <span class='ocrx_word' id='word_1_114' title='bbox 684 1014 835 1051; x_wconf 71' lang='lat' dir='ltr'>Accidit</span> <span class='ocrx_word' id='word_1_115' title='bbox 864 1027 1155 1062; x_wconf 72' lang='lat' dir='ltr'>saepenumero,</span> <span class='ocrx_word' id='word_1_116' title='bbox 1195 1014 1343 1064; x_wconf 81' lang='lat' dir='ltr'>inquit,</span> <span class='ocrx_word' id='word_1_117' title='bbox 1374 1018 1418 1052; x_wconf 92' lang='lat' dir='ltr'>ut</span> <span class='ocrx_word' id='word_1_118' title='bbox 1446 1015 1569 1051; x_wconf 89' lang='lat' dir='ltr'>malus</span> 
     </span>
     <span class='ocr_line' id='line_1_16' title="bbox 219 1071 1569 1120; baseline 0.001 -14"><span class='ocrx_word' id='word_1_119' title='bbox 219 1071 339 1118; x_wconf 79' lang='lat' dir='ltr'>magis</span> <span class='ocrx_word' id='word_1_120' title='bbox 370 1071 430 1107; x_wconf 81' lang='lat' dir='ltr'>vel</span> <span class='ocrx_word' id='word_1_121' title='bbox 460 1071 626 1117; x_wconf 80' lang='lat' dir='ltr'>gaudeat</span> <span class='ocrx_word' id='word_1_122' title='bbox 654 1071 717 1107; x_wconf 74' lang='lat' dir='ltr'>vel</span> <span class='ocrx_word' id='word_1_123' title='bbox 739 1071 866 1107; x_wconf 88' lang='lat' dir='ltr'>doleat</span> <span class='ocrx_word' id='word_1_124' title='bbox 895 1083 1008 1120; x_wconf 86' lang='lat' dir='ltr'>quam</span> <span class='ocrx_word' id='word_1_125' title='bbox 1039 1072 1162 1107; x_wconf 88' lang='lat' dir='ltr'>bonus</span> <span class='ocrx_word' id='word_1_126' title='bbox 1193 1076 1231 1108; x_wconf 87' lang='lat' dir='ltr'>et</span> <span class='ocrx_word' id='word_1_127' title='bbox 1251 1071 1448 1109; x_wconf 83' lang='lat' dir='ltr'>honestus.</span> <span class='ocrx_word' id='word_1_128' title='bbox 1480 1071 1569 1108; x_wconf 86' lang='lat' dir='ltr'>Vel-</span> 
     </span>
     <span class='ocr_line' id='line_1_17' title="bbox 218 1126 1571 1177; baseline 0.001 -15"><span class='ocrx_word' id='word_1_129' title='bbox 218 1128 275 1164; x_wconf 85' lang='lat' dir='ltr'>uti</span> <span class='ocrx_word' id='word_1_130' title='bbox 312 1127 470 1164; x_wconf 84' lang='lat' dir='ltr'>timidus</span> <span class='ocrx_word' id='word_1_131' title='bbox 510 1132 625 1176; x_wconf 82' lang='lat' dir='ltr'>atque</span> <span class='ocrx_word' id='word_1_132' title='bbox 662 1126 824 1173; x_wconf 67' lang='lat' dir='ltr'>ignavus</span> <span class='ocrx_word' id='word_1_133' title='bbox 864 1126 1039 1164; x_wconf 77' lang='lat' dir='ltr'>hostibus</span> <span class='ocrx_word' id='word_1_134' title='bbox 1077 1127 1472 1177; x_wconf 85' lang='lat' dir='ltr'>appropinquantibus</span> <span class='ocrx_word' id='word_1_135' title='bbox 1508 1128 1571 1165; x_wconf 81' lang='lat' dir='ltr'>vel</span> 
     </span>
     <span class='ocr_line' id='line_1_18' title="bbox 218 1183 1569 1234; baseline 0.001 -15"><span class='ocrx_word' id='word_1_136' title='bbox 218 1183 500 1220; x_wconf 80' lang='lat' dir='ltr'>discedentibus</span> <span class='ocrx_word' id='word_1_137' title='bbox 541 1184 662 1220; x_wconf 87' lang='lat' dir='ltr'>multo</span> <span class='ocrx_word' id='word_1_138' title='bbox 701 1183 967 1220; x_wconf 72' lang='lat' dir='ltr'>vehementius</span> <span class='ocrx_word' id='word_1_139' title='bbox 1007 1183 1161 1231; x_wconf 81' lang='lat' dir='ltr'>angitur</span> <span class='ocrx_word' id='word_1_140' title='bbox 1200 1188 1277 1234; x_wconf 49' lang='lat' dir='ltr'>aut·</span> <span class='ocrx_word' id='word_1_141' title='bbox 1307 1184 1472 1222; x_wconf 85' lang='lat' dir='ltr'>laetatur</span> <span class='ocrx_word' id='word_1_142' title='bbox 1514 1197 1569 1229; x_wconf 88' lang='lat' dir='ltr'>eo,</span> 
     </span>
     <span class='ocr_line' id='line_1_19' title="bbox 219 1239 1571 1289; baseline 0.001 -14"><span class='ocrx_word' id='word_1_143' title='bbox 219 1240 284 1289; x_wconf 83' lang='lat' dir='ltr'>qui</span> <span class='ocrx_word' id='word_1_144' title='bbox 317 1244 375 1276; x_wconf 85' lang='lat' dir='ltr'>est</span> <span class='ocrx_word' id='word_1_145' title='bbox 405 1244 584 1276; x_wconf 82' lang='lat' dir='ltr'>strenuus</span> <span class='ocrx_word' id='word_1_146' title='bbox 625 1252 667 1276; x_wconf 90' lang='lat' dir='ltr'>ac</span> <span class='ocrx_word' id='word_1_147' title='bbox 696 1240 817 1276; x_wconf 76' lang='lat' dir='ltr'>fortis.</span> <span class='ocrx_word' id='word_1_148' title='bbox 878 1240 917 1275; x_wconf 62' lang='lat' dir='ltr'>Si</span> <span class='ocrx_word' id='word_1_149' title='bbox 946 1239 1067 1286; x_wconf 75' lang='lat' dir='ltr'>igitur</span> <span class='ocrx_word' id='word_1_150' title='bbox 1102 1240 1313 1276; x_wconf 87' lang='lat' dir='ltr'>iucundum</span> <span class='ocrx_word' id='word_1_151' title='bbox 1353 1245 1391 1278; x_wconf 89' lang='lat' dir='ltr'>et</span> <span class='ocrx_word' id='word_1_152' title='bbox 1429 1242 1571 1278; x_wconf 89' lang='lat' dir='ltr'>bonum</span> 
     </span>
     <span class='ocr_line' id='line_1_20' title="bbox 219 1296 1571 1347; baseline 0.001 -15"><span class='ocrx_word' id='word_1_153' title='bbox 219 1302 320 1333; x_wconf 77' lang='lat' dir='ltr'>esset.</span> <span class='ocrx_word' id='word_1_154' title='bbox 348 1310 469 1332; x_wconf 88' lang='lat' dir='ltr'>unum</span> <span class='ocrx_word' id='word_1_155' title='bbox 490 1296 678 1345; x_wconf 82' lang='lat' dir='ltr'>idemque,</span> <span class='ocrx_word' id='word_1_156' title='bbox 709 1301 935 1346; x_wconf 78' lang='lat' dir='ltr'>sequeretur</span> <span class='ocrx_word' id='word_1_157' title='bbox 956 1297 1083 1341; x_wconf 84' lang='lat' dir='ltr'>etiam,</span> <span class='ocrx_word' id='word_1_158' title='bbox 1115 1301 1158 1333; x_wconf 90' lang='lat' dir='ltr'>ut</span> <span class='ocrx_word' id='word_1_159' title='bbox 1186 1297 1321 1339; x_wconf 84' lang='lat' dir='ltr'>malus,</span> <span class='ocrx_word' id='word_1_160' title='bbox 1353 1297 1444 1347; x_wconf 85' lang='lat' dir='ltr'>quia</span> <span class='ocrx_word' id='word_1_161' title='bbox 1472 1299 1571 1334; x_wconf 89' lang='lat' dir='ltr'>bono</span> 
     </span>
     <span class='ocr_line' id='line_1_21' title="bbox 218 1352 1571 1401; baseline 0.001 -12"><span class='ocrx_word' id='word_1_162' title='bbox 218 1353 486 1389; x_wconf 79' lang='lat' dir='ltr'>vehementius</span> <span class='ocrx_word' id='word_1_163' title='bbox 517 1353 657 1399; x_wconf 71' lang='lat' dir='ltr'>gaudet</span> <span class='ocrx_word' id='word_1_164' title='bbox 687 1358 724 1390; x_wconf 86' lang='grc'>01</span> <span class='ocrx_word' id='word_1_165' title='bbox 754 1353 840 1401; x_wconf 80' lang='lat' dir='ltr'>plus</span> <span class='ocrx_word' id='word_1_166' title='bbox 870 1352 1032 1401; x_wconf 82' lang='lat' dir='ltr'>pers-ipit</span> <span class='ocrx_word' id='word_1_167' title='bbox 1060 1353 1282 1401; x_wconf 85' lang='lat' dir='ltr'>voluptatis,</span> <span class='ocrx_word' id='word_1_168' title='bbox 1313 1353 1446 1390; x_wconf 86' lang='lat' dir='ltr'>melior</span> <span class='ocrx_word' id='word_1_169' title='bbox 1472 1355 1571 1390; x_wconf 92' lang='lat' dir='ltr'>bono</span> 
     </span>
     <span class='ocr_line' id='line_1_22' title="bbox 219 1408 1572 1460; baseline 0.001 -16"><span class='ocrx_word' id='word_1_170' title='bbox 219 1422 492 1457; x_wconf 72' lang='lat' dir='ltr'>saepenumero</span> <span class='ocrx_word' id='word_1_171' title='bbox 522 1409 887 1446; x_wconf 74' lang='grc'><strong>111(1101111(1115.05501.</strong></span> <span class='ocrx_word' id='word_1_172' title='bbox 947 1408 1033 1448; x_wconf 74' lang='lat' dir='ltr'>Qua</span> <span class='ocrx_word' id='word_1_173' title='bbox 1061 1409 1210 1446; x_wconf 85' lang='lat' dir='ltr'>ratione</span> <span class='ocrx_word' id='word_1_174' title='bbox 1240 1423 1351 1446; x_wconf 86' lang='lat' dir='ltr'>nemo</span> <span class='ocrx_word' id='word_1_175' title='bbox 1390 1414 1448 1447; x_wconf 88' lang='lat' dir='ltr'>est</span> <span class='ocrx_word' id='word_1_176' title='bbox 1478 1411 1572 1460; x_wconf 89' lang='lat' dir='ltr'>quin</span> 
     </span>
     <span class='ocr_line' id='line_1_23' title="bbox 218 1465 1571 1516; baseline 0.001 -14"><span class='ocrx_word' id='word_1_177' title='bbox 218 1465 347 1502; x_wconf 84' lang='lat' dir='ltr'>videat</span> <span class='ocrx_word' id='word_1_178' title='bbox 368 1479 517 1501; x_wconf 88' lang='lat' dir='ltr'>omnem</span> <span class='ocrx_word' id='word_1_179' title='bbox 548 1465 630 1502; x_wconf 87' lang='lat' dir='ltr'>tolli</span> <span class='ocrx_word' id='word_1_180' title='bbox 653 1465 866 1502; x_wconf 81' lang='lat' dir='ltr'>honestatis</span> <span class='ocrx_word' id='word_1_181' title='bbox 887 1465 1174 1516; x_wconf 79' lang='lat' dir='ltr'>voluptatisque</span> <span class='ocrx_word' id='word_1_182' title='bbox 1195 1465 1459 1503; x_wconf 74' lang='lat' dir='ltr'>diversitatem</span> <span class='ocrx_word' id='word_1_183' title='bbox 1470 1466 1571 1513; x_wconf 42' lang='grc' dir='ltr'>ἋἪν).</span> 
     </span>
     <span class='ocr_line' id='line_1_24' title="bbox 218 1522 1572 1568; baseline 0.001 -11"><span class='ocrx_word' id='word_1_184' title='bbox 218 1523 259 1558; x_wconf 80' lang='grc' dir='ltr'>Ρ,</span> <span class='ocrx_word' id='word_1_185' title='bbox 294 1524 384 1558; x_wconf 74' lang='lat'>497.</span> <span class='ocrx_word' id='word_1_186' title='bbox 416 1522 459 1558; x_wconf 76' lang='lat' dir='ltr'>E.</span> <span class='ocrx_word' id='word_1_187' title='bbox 502 1544 556 1547; x_wconf 96' lang='lat'><strong>—</strong></span> <span class='ocrx_word' id='word_1_188' title='bbox 597 1526 688 1558; x_wconf 77' lang='lat'>499.</span> <span class='ocrx_word' id='word_1_189' title='bbox 721 1524 766 1558; x_wconf 79' lang='lat' dir='ltr'>A.</span> <span class='ocrx_word' id='word_1_190' title='bbox 808 1544 863 1547; x_wconf 76' lang='lat'>—</span> <span class='ocrx_word' id='word_1_191' title='bbox 903 1522 1001 1558; x_wconf 85' lang='lat' dir='ltr'>Tum</span> <span class='ocrx_word' id='word_1_192' title='bbox 1041 1535 1132 1559; x_wconf 84' lang='lat' dir='ltr'>vero</span> <span class='ocrx_word' id='word_1_193' title='bbox 1172 1522 1366 1568; x_wconf 81' lang='lat' dir='ltr'>Callicles,</span> <span class='ocrx_word' id='word_1_194' title='bbox 1408 1536 1572 1559; x_wconf 85' lang='lat' dir='ltr'>errorem</span> 
     </span>
     <span class='ocr_line' id='line_1_25' title="bbox 219 1578 1572 1629; baseline 0.002 -16"><span class='ocrx_word' id='word_1_195' title='bbox 219 1591 331 1614; x_wconf 81' lang='grc'><strong>51111111</strong></span> <span class='ocrx_word' id='word_1_196' title='bbox 362 1578 496 1614; x_wconf 87' lang='lat' dir='ltr'>callide</span> <span class='ocrx_word' id='word_1_197' title='bbox 527 1578 790 1621; x_wconf 75' lang='lat' dir='ltr'>dissimulans,</span> <span class='ocrx_word' id='word_1_198' title='bbox 833 1579 1002 1615; x_wconf 83' lang='lat' dir='ltr'>Putasne</span> <span class='ocrx_word' id='word_1_199' title='bbox 1032 1582 1095 1623; x_wconf 90' lang='grc'><strong>111,</strong></span> <span class='ocrx_word' id='word_1_200' title='bbox 1128 1591 1148 1614; x_wconf 96' lang='grc'>0</span> <span class='ocrx_word' id='word_1_201' title='bbox 1178 1580 1295 1624; x_wconf 86' lang='lat' dir='ltr'>bone,</span> <span class='ocrx_word' id='word_1_202' title='bbox 1325 1579 1471 1629; x_wconf 87' lang='lat' dir='ltr'>inquit,</span> <span class='ocrx_word' id='word_1_203' title='bbox 1512 1594 1572 1616; x_wconf 87' lang='lat' dir='ltr'>me</span> 
     </span>
     <span class='ocr_line' id='line_1_26' title="bbox 220 1634 1573 1683; baseline 0.001 -13"><span class='ocrx_word' id='word_1_204' title='bbox 220 1641 286 1671; x_wconf 84' lang='lat' dir='ltr'>aut</span> <span class='ocrx_word' id='word_1_205' title='bbox 325 1634 499 1683; x_wconf 80' lang='lat' dir='ltr'>quemvis</span> <span class='ocrx_word' id='word_1_206' title='bbox 540 1634 658 1670; x_wconf 83' lang='lat' dir='ltr'>alium</span> <span class='ocrx_word' id='word_1_207' title='bbox 709 1634 900 1670; x_wconf 88' lang='lat' dir='ltr'>hominem</span> <span class='ocrx_word' id='word_1_208' title='bbox 946 1647 1022 1670; x_wconf 87' lang='lat' dir='ltr'>non</span> <span class='ocrx_word' id='word_1_209' title='bbox 1062 1634 1283 1672; x_wconf 85' lang='lat' dir='ltr'>existimare</span> <span class='ocrx_word' id='word_1_210' title='bbox 1333 1635 1425 1672; x_wconf 87' lang='lat' dir='ltr'>alias</span> <span class='ocrx_word' id='word_1_211' title='bbox 1465 1637 1573 1672; x_wconf 75' lang='lat' dir='ltr'>volu-</span> 
     </span>
     <span class='ocr_line' id='line_1_27' title="bbox 218 1690 1575 1739; baseline 0.002 -13"><span class='ocrx_word' id='word_1_212' title='bbox 218 1695 344 1738; x_wconf 80' lang='lat' dir='ltr'>ptates</span> <span class='ocrx_word' id='word_1_213' title='bbox 375 1704 456 1727; x_wconf 82' lang='lat' dir='ltr'>esse</span> <span class='ocrx_word' id='word_1_214' title='bbox 486 1691 661 1727; x_wconf 89' lang='lat' dir='ltr'>meliores</span> <span class='ocrx_word' id='word_1_215' title='bbox 674 1705 686 1733; x_wconf 54' lang='lat'>‚‘</span> <span class='ocrx_word' id='word_1_216' title='bbox 724 1691 817 1727; x_wconf 81' lang='lat' dir='ltr'>alias</span> <span class='ocrx_word' id='word_1_217' title='bbox 856 1690 1029 1739; x_wconf 84' lang='lat' dir='ltr'>peiores?</span> <span class='ocrx_word' id='word_1_218' title='bbox 1069 1690 1155 1730; x_wconf 75' lang='lat' dir='ltr'>Qua</span> <span class='ocrx_word' id='word_1_219' title='bbox 1186 1691 1351 1728; x_wconf 89' lang='lat' dir='ltr'>hominis</span> <span class='ocrx_word' id='word_1_220' title='bbox 1381 1692 1575 1730; x_wconf 85' lang='lat' dir='ltr'>sententia</span> 
     </span>
     <span class='ocr_line' id='line_1_28' title="bbox 219 1747 1573 1795; baseline 0.001 -12"><span class='ocrx_word' id='word_1_221' title='bbox 219 1748 462 1794; x_wconf 71' lang='lat' dir='ltr'>comprobata</span> <span class='ocrx_word' id='word_1_222' title='bbox 493 1747 666 1783; x_wconf 66' lang='lat' dir='ltr'>Socrates</span> <span class='ocrx_word' id='word_1_223' title='bbox 698 1747 834 1783; x_wconf 83' lang='lat' dir='ltr'>deinde</span> <span class='ocrx_word' id='word_1_224' title='bbox 865 1747 1117 1784; x_wconf 85' lang='lat' dir='ltr'>subtilissima</span> <span class='ocrx_word' id='word_1_225' title='bbox 1147 1748 1480 1795; x_wconf 78' lang='lat' dir='ltr'>argumentatione</span> <span class='ocrx_word' id='word_1_226' title='bbox 1511 1749 1573 1785; x_wconf 81' lang='lat' dir='ltr'>de-</span> 
     </span>
     <span class='ocr_line' id='line_1_29' title="bbox 220 1803 1573 1853; baseline 0.003 -15"><span class='ocrx_word' id='word_1_227' title='bbox 220 1807 406 1839; x_wconf 70' lang='lat' dir='ltr'>monstrat</span> <span class='ocrx_word' id='word_1_228' title='bbox 435 1804 691 1839; x_wconf 84' lang='lat' dir='ltr'>humanarum</span> <span class='ocrx_word' id='word_1_229' title='bbox 722 1803 914 1840; x_wconf 84' lang='lat' dir='ltr'>actionum</span> <span class='ocrx_word' id='word_1_230' title='bbox 944 1804 1059 1840; x_wconf 89' lang='lat' dir='ltr'>finem</span> <span class='ocrx_word' id='word_1_231' title='bbox 1089 1817 1164 1840; x_wconf 92' lang='grc'><strong>11011</strong></span> <span class='ocrx_word' id='word_1_232' title='bbox 1198 1805 1245 1840; x_wconf 87' lang='lat' dir='ltr'>ad</span> <span class='ocrx_word' id='word_1_233' title='bbox 1275 1804 1370 1840; x_wconf 89' lang='lat' dir='ltr'>illud</span> <span class='ocrx_word' id='word_1_234' title='bbox 1391 1810 1573 1853; x_wconf 85' lang='lat' dir='ltr'>spectare,</span> 
     </span>
     <span class='ocr_line' id='line_1_30' title="bbox 218 1859 1572 1908; baseline 0.003 -15"><span class='ocrx_word' id='word_1_235' title='bbox 218 1860 319 1908; x_wconf 83' lang='lat' dir='ltr'>quod</span> <span class='ocrx_word' id='word_1_236' title='bbox 359 1860 567 1895; x_wconf 80' lang='lat' dir='ltr'>iucundinn</span> <span class='ocrx_word' id='word_1_237' title='bbox 608 1860 864 1907; x_wconf 84' lang='lat' dir='ltr'>appellemus,</span> <span class='ocrx_word' id='word_1_238' title='bbox 905 1861 970 1896; x_wconf 85' lang='lat' dir='ltr'>sed</span> <span class='ocrx_word' id='word_1_239' title='bbox 1010 1859 1121 1896; x_wconf 90' lang='lat' dir='ltr'>unice</span> <span class='ocrx_word' id='word_1_240' title='bbox 1162 1861 1209 1896; x_wconf 82' lang='lat' dir='ltr'>ad</span> <span class='ocrx_word' id='word_1_241' title='bbox 1246 1861 1389 1896; x_wconf 88' lang='lat' dir='ltr'>bonum</span> <span class='ocrx_word' id='word_1_242' title='bbox 1428 1861 1572 1898; x_wconf 83' lang='lat' dir='ltr'>referri.</span> 
     </span>
     <span class='ocr_line' id='line_1_31' title="bbox 219 1915 1573 1966; baseline 0.002 -15"><span class='ocrx_word' id='word_1_243' title='bbox 219 1915 347 1954; x_wconf 73' lang='lat' dir='ltr'>Quum</span> <span class='ocrx_word' id='word_1_244' title='bbox 387 1928 435 1951; x_wconf 81' lang='lat' dir='ltr'>ex</span> <span class='ocrx_word' id='word_1_245' title='bbox 475 1919 543 1952; x_wconf 88' lang='lat' dir='ltr'>tua</span> <span class='ocrx_word' id='word_1_246' title='bbox 580 1915 700 1963; x_wconf 88' lang='lat' dir='ltr'>ipsius</span> <span class='ocrx_word' id='word_1_247' title='bbox 742 1915 954 1961; x_wconf 86' lang='lat' dir='ltr'>sententia,</span> <span class='ocrx_word' id='word_1_248' title='bbox 1003 1916 1150 1966; x_wconf 82' lang='lat' dir='ltr'>inquit,</span> <span class='ocrx_word' id='word_1_249' title='bbox 1191 1916 1436 1965; x_wconf 84' lang='lat' dir='ltr'>voluptatum</span> <span class='ocrx_word' id='word_1_250' title='bbox 1477 1917 1573 1954; x_wconf 85' lang='lat' dir='ltr'>aliae</span> 
     </span>
     <span class='ocr_line' id='line_1_32' title="bbox 218 1971 1575 2018; baseline 0.003 -12"><span class='ocrx_word' id='word_1_251' title='bbox 218 1973 350 2016; x_wconf 86' lang='lat' dir='ltr'>bonae,</span> <span class='ocrx_word' id='word_1_252' title='bbox 384 1971 480 2007; x_wconf 87' lang='lat' dir='ltr'>aliae</span> <span class='ocrx_word' id='word_1_253' title='bbox 512 1972 632 2007; x_wconf 85' lang='lat' dir='ltr'>malae</span> <span class='ocrx_word' id='word_1_254' title='bbox 663 1972 750 2015; x_wconf 90' lang='lat' dir='ltr'>sint,</span> <span class='ocrx_word' id='word_1_255' title='bbox 792 1972 880 2008; x_wconf 87' lang='lat' dir='ltr'>illae</span> <span class='ocrx_word' id='word_1_256' title='bbox 911 1979 1040 2009; x_wconf 85' lang='lat' dir='ltr'>autem</span> <span class='ocrx_word' id='word_1_257' title='bbox 1069 1972 1203 2018; x_wconf 85' lang='lat' dir='ltr'>utiles,</span> <span class='ocrx_word' id='word_1_258' title='bbox 1244 1973 1317 2009; x_wconf 87' lang='lat' dir='ltr'>hae</span> <span class='ocrx_word' id='word_1_259' title='bbox 1346 1972 1504 2010; x_wconf 86' lang='lat' dir='ltr'>inutiles</span> <span class='ocrx_word' id='word_1_260' title='bbox 1537 1979 1575 2011; x_wconf 85' lang='lat' dir='ltr'>et</span> 
     </span>
     <span class='ocr_line' id='line_1_33' title="bbox 218 2027 1572 2078; baseline 0.002 -15"><span class='ocrx_word' id='word_1_261' title='bbox 218 2027 355 2064; x_wconf 86' lang='lat' dir='ltr'>noxiae</span> <span class='ocrx_word' id='word_1_262' title='bbox 386 2027 521 2064; x_wconf 88' lang='lat' dir='ltr'>merito</span> <span class='ocrx_word' id='word_1_263' title='bbox 552 2028 786 2072; x_wconf 79' lang='lat' dir='ltr'>habeantur,</span> <span class='ocrx_word' id='word_1_264' title='bbox 820 2028 1004 2078; x_wconf 85' lang='lat' dir='ltr'>sequitur,</span> <span class='ocrx_word' id='word_1_265' title='bbox 1036 2032 1081 2066; x_wconf 86' lang='lat' dir='ltr'>ut</span> <span class='ocrx_word' id='word_1_266' title='bbox 1106 2029 1178 2065; x_wconf 83' lang='lat' dir='ltr'>hae</span> <span class='ocrx_word' id='word_1_267' title='bbox 1202 2031 1462 2077; x_wconf 83' lang='lat' dir='ltr'>aspernandae</span> <span class='ocrx_word' id='word_1_268' title='bbox 1485 2030 1572 2075; x_wconf 84' lang='lat' dir='ltr'>sint,</span> 
     </span>
     <span class='ocr_line' id='line_1_34' title="bbox 219 2084 1573 2134; baseline 0.001 -14"><span class='ocrx_word' id='word_1_269' title='bbox 219 2084 306 2120; x_wconf 88' lang='lat' dir='ltr'>illae</span> <span class='ocrx_word' id='word_1_270' title='bbox 337 2097 427 2120; x_wconf 74' lang='lat' dir='ltr'>vero</span> <span class='ocrx_word' id='word_1_271' title='bbox 456 2084 567 2120; x_wconf 83' lang='lat' dir='ltr'>uniee</span> <span class='ocrx_word' id='word_1_272' title='bbox 598 2085 846 2132; x_wconf 84' lang='lat' dir='ltr'>expetendae.</span> <span class='ocrx_word' id='word_1_273' title='bbox 906 2085 1044 2134; x_wconf 83' lang='lat' dir='ltr'>Itaque</span> <span class='ocrx_word' id='word_1_274' title='bbox 1084 2089 1236 2122; x_wconf 83' lang='lat' dir='ltr'>tantum</span> <span class='ocrx_word' id='word_1_275' title='bbox 1267 2086 1392 2131; x_wconf 78' lang='lat' dir='ltr'>abest,</span> <span class='ocrx_word' id='word_1_276' title='bbox 1435 2091 1478 2122; x_wconf 91' lang='lat' dir='ltr'>ut</span> <span class='ocrx_word' id='word_1_277' title='bbox 1507 2100 1573 2123; x_wconf 82' lang='lat' dir='ltr'>vo-</span> 
     </span>
     <span class='ocr_line' id='line_1_35' title="bbox 218 2140 1573 2191; baseline 0.001 -15"><span class='ocrx_word' id='word_1_278' title='bbox 218 2140 378 2188; x_wconf 88' lang='lat' dir='ltr'>luptatis</span> <span class='ocrx_word' id='word_1_279' title='bbox 401 2153 534 2176; x_wconf 77' lang='lat' dir='ltr'>caussa</span> <span class='ocrx_word' id='word_1_280' title='bbox 555 2140 764 2190; x_wconf 80' lang='lat' dir='ltr'>quidquam</span> <span class='ocrx_word' id='word_1_281' title='bbox 785 2140 982 2186; x_wconf 81' lang='lat' dir='ltr'>faciamus,</span> <span class='ocrx_word' id='word_1_282' title='bbox 1012 2146 1056 2178; x_wconf 89' lang='lat' dir='ltr'>ut</span> <span class='ocrx_word' id='word_1_283' title='bbox 1075 2141 1142 2178; x_wconf 89' lang='lat' dir='ltr'>illa</span> <span class='ocrx_word' id='word_1_284' title='bbox 1162 2141 1255 2189; x_wconf 87' lang='lat' dir='ltr'>ipsa,</span> <span class='ocrx_word' id='word_1_285' title='bbox 1288 2155 1385 2191; x_wconf 89' lang='lat' dir='ltr'>quae</span> <span class='ocrx_word' id='word_1_286' title='bbox 1406 2141 1573 2179; x_wconf 85' lang='lat' dir='ltr'>iucunda</span> 
     </span>
     <span class='ocr_line' id='line_1_36' title="bbox 219 2197 1572 2246; baseline 0.002 -14"><span class='ocrx_word' id='word_1_287' title='bbox 219 2202 328 2239; x_wconf 86' lang='lat' dir='ltr'>sunt,</span> <span class='ocrx_word' id='word_1_288' title='bbox 369 2198 554 2232; x_wconf 82' lang='lat' dir='ltr'>bonorum</span> <span class='ocrx_word' id='word_1_289' title='bbox 585 2197 710 2244; x_wconf 76' lang='lat' dir='ltr'>gratia</span> <span class='ocrx_word' id='word_1_290' title='bbox 740 2197 915 2244; x_wconf 75' lang='lat' dir='ltr'>eligenda</span> <span class='ocrx_word' id='word_1_291' title='bbox 945 2201 983 2234; x_wconf 84' lang='lat' dir='ltr'>et</span> <span class='ocrx_word' id='word_1_292' title='bbox 1014 2198 1231 2246; x_wconf 84' lang='lat' dir='ltr'>expetenda</span> <span class='ocrx_word' id='word_1_293' title='bbox 1260 2197 1485 2243; x_wconf 80' lang='lat' dir='ltr'>videantur,</span> <span class='ocrx_word' id='word_1_294' title='bbox 1526 2199 1572 2235; x_wconf 83' lang='lat' dir='ltr'>de</span> 
     </span>
     <span class='ocr_line' id='line_1_37' title="bbox 219 2253 1573 2301; baseline 0.003 -14"><span class='ocrx_word' id='word_1_295' title='bbox 219 2266 295 2301; x_wconf 85' lang='lat' dir='ltr'>qua</span> <span class='ocrx_word' id='word_1_296' title='bbox 325 2266 364 2288; x_wconf 88' lang='lat' dir='ltr'>re</span> <span class='ocrx_word' id='word_1_297' title='bbox 395 2253 511 2289; x_wconf 86' lang='lat' dir='ltr'>etiam</span> <span class='ocrx_word' id='word_1_298' title='bbox 542 2253 676 2289; x_wconf 89' lang='lat' dir='ltr'>Polum</span> <span class='ocrx_word' id='word_1_299' title='bbox 717 2253 989 2290; x_wconf 82' lang='lat' dir='ltr'>assentientem</span> <span class='ocrx_word' id='word_1_300' title='bbox 1028 2253 1207 2301; x_wconf 61' lang='grc'><strong>11011001).</strong></span> <span class='ocrx_word' id='word_1_301' title='bbox 1248 2255 1289 2290; x_wconf 84' lang='grc' dir='ltr'>Ρ.</span> <span class='ocrx_word' id='word_1_302' title='bbox 1324 2258 1414 2290; x_wconf 71' lang='lat'>499.</span> <span class='ocrx_word' id='word_1_303' title='bbox 1448 2255 1488 2291; x_wconf 83' lang='grc' dir='ltr'>Β.</span> <span class='ocrx_word' id='word_1_304' title='bbox 1519 2277 1573 2280; x_wconf 86' lang='grc'>-</span> 
     </span>
     <span class='ocr_line' id='line_1_38' title="bbox 221 2309 1573 2361; baseline 0.002 -17"><span class='ocrx_word' id='word_1_305' title='bbox 221 2312 311 2344; x_wconf 82' lang='grc'><strong>500.</strong></span> <span class='ocrx_word' id='word_1_306' title='bbox 326 2310 371 2344; x_wconf 82' lang='grc' dir='ltr'>Λ.</span> <span class='ocrx_word' id='word_1_307' title='bbox 384 2309 649 2346; x_wconf 81' lang='lat' dir='ltr'>—Transt&#39;ert</span> <span class='ocrx_word' id='word_1_308' title='bbox 670 2314 799 2346; x_wconf 83' lang='lat' dir='ltr'>autem</span> <span class='ocrx_word' id='word_1_309' title='bbox 828 2311 922 2346; x_wconf 87' lang='lat' dir='ltr'>haec</span> <span class='ocrx_word' id='word_1_310' title='bbox 943 2311 989 2346; x_wconf 85' lang='lat' dir='ltr'>ad</span> <span class='ocrx_word' id='word_1_311' title='bbox 1012 2314 1133 2347; x_wconf 88' lang='lat' dir='ltr'>artem</span> <span class='ocrx_word' id='word_1_312' title='bbox 1154 2310 1358 2347; x_wconf 89' lang='lat' dir='ltr'>oratoriam</span> <span class='ocrx_word' id='word_1_313' title='bbox 1388 2311 1573 2361; x_wconf 88' lang='lat' dir='ltr'>docetque</span> 
     </span>
     <span class='ocr_line' id='line_1_39' title="bbox 219 2365 1571 2416; baseline 0.002 -16"><span class='ocrx_word' id='word_1_314' title='bbox 219 2365 452 2410; x_wconf 77' lang='lat' dir='ltr'>accuratius,</span> <span class='ocrx_word' id='word_1_315' title='bbox 485 2378 551 2401; x_wconf 87' lang='lat' dir='ltr'>cui·</span> <span class='ocrx_word' id='word_1_316' title='bbox 579 2365 767 2402; x_wconf 83' lang='lat' dir='ltr'>rhetorice</span> <span class='ocrx_word' id='word_1_317' title='bbox 797 2366 836 2402; x_wconf 91' lang='grc'>111</span> <span class='ocrx_word' id='word_1_318' title='bbox 868 2366 1127 2415; x_wconf 82' lang='lat' dir='ltr'>superioribus</span> <span class='ocrx_word' id='word_1_319' title='bbox 1159 2367 1205 2403; x_wconf 89' lang='lat' dir='ltr'>ab</span> <span class='ocrx_word' id='word_1_320' title='bbox 1238 2367 1457 2404; x_wconf 82' lang='lat' dir='ltr'>adulatione</span> <span class='ocrx_word' id='word_1_321' title='bbox 1487 2380 1571 2416; x_wconf 89' lang='lat' dir='ltr'>pro—</span> 
     </span>
    </p>
   </div>
   <div class='ocr_carea' id='block_1_3' title="bbox 219 2528 1572 2751">
    <p class='ocr_par' dir='ltr' id='par_1_3' title="bbox 286 2528 494 2548">
     <span class='ocr_line' id='line_1_40' title="bbox 286 2528 494 2548; baseline 0.005 -5"><span class='ocrx_word' id='word_1_322' title='bbox 286 2528 304 2548; x_wconf 67' lang='grc'>*</span> <span class='ocrx_word' id='word_1_323' title='bbox 364 2528 370 2539; x_wconf 57' lang='grc'>1</span> <span class='ocrx_word' id='word_1_324' title='bbox 483 2530 494 2544; x_wconf 86' lang='grc'>)</span> 
     </span>
    </p>

    <p class='ocr_par' dir='ltr' id='par_1_4' title="bbox 286 2528 1447 2617">
     <span class='ocr_line' id='line_1_41' title="bbox 286 2528 1447 2617; baseline 0.004 -13"><span class='ocrx_word' id='word_1_325' title='bbox 286 2528 1097 2615; x_wconf 27' lang='lat' dir='ltr'>&amp;fixis-h{lichffigolq-oess.mt{?dlgCghfpijhsseb.</span> <span class='ocrx_word' id='word_1_326' title='bbox 1122 2586 1154 2617; x_wconf 90' lang='lat' dir='ltr'>p.</span> <span class='ocrx_word' id='word_1_327' title='bbox 1179 2574 1234 2608; x_wconf 80' lang='grc'>39.</span> <span class='ocrx_word' id='word_1_328' title='bbox 1260 2576 1302 2607; x_wconf 91' lang='lat' dir='ltr'>D.</span> <span class='ocrx_word' id='word_1_329' title='bbox 1327 2574 1381 2609; x_wconf 85' lang='grc'>43.</span> <span class='ocrx_word' id='word_1_330' title='bbox 1408 2576 1447 2609; x_wconf 91' lang='lat' dir='ltr'>A.</span> 
     </span>
    </p>

    <p class='ocr_par' dir='ltr' id='par_1_5' title="bbox 286 2617 1325 2661">
     <span class='ocr_line' id='line_1_42' title="bbox 286 2617 1325 2661; baseline 0.004 -14"><span class='ocrx_word' id='word_1_331' title='bbox 286 2618 359 2656; x_wconf 46' lang='lat' dir='ltr'><strong>‘&#39;RH)</strong></span> <span class='ocrx_word' id='word_1_332' title='bbox 388 2617 440 2648; x_wconf 79' lang='lat' dir='ltr'>Ad</span> <span class='ocrx_word' id='word_1_333' title='bbox 465 2618 550 2649; x_wconf 81' lang='lat' dir='ltr'>haec</span> <span class='ocrx_word' id='word_1_334' title='bbox 575 2619 761 2651; x_wconf 79' lang='lat' dir='ltr'>contendas</span> <span class='ocrx_word' id='word_1_335' title='bbox 786 2619 917 2651; x_wconf 82' lang='lat' dir='ltr'>Phileb.</span> <span class='ocrx_word' id='word_1_336' title='bbox 944 2630 975 2661; x_wconf 88' lang='lat' dir='ltr'>p.</span> <span class='ocrx_word' id='word_1_337' title='bbox 1000 2619 1053 2653; x_wconf 82' lang='lat'>45.</span> <span class='ocrx_word' id='word_1_338' title='bbox 1081 2620 1117 2654; x_wconf 90' lang='lat' dir='ltr'>C.</span> <span class='ocrx_word' id='word_1_339' title='bbox 1143 2621 1181 2654; x_wconf 87' lang='lat' dir='ltr'>E.</span> <span class='ocrx_word' id='word_1_340' title='bbox 1208 2619 1261 2654; x_wconf 88' lang='lat'>55.</span> <span class='ocrx_word' id='word_1_341' title='bbox 1286 2621 1325 2652; x_wconf 90' lang='lat' dir='ltr'>B.</span> 
     </span>
    </p>

    <p class='ocr_par' dir='ltr' id='par_1_6' title="bbox 219 2663 1572 2751">
     <span class='ocr_line' id='line_1_43' title="bbox 285 2663 1572 2707; baseline 0.002 -14"><span class='ocrx_word' id='word_1_342' title='bbox 285 2664 321 2703; x_wconf 82' lang='lat'>†)</span> <span class='ocrx_word' id='word_1_343' title='bbox 347 2663 399 2693; x_wconf 85' lang='lat' dir='ltr'>De</span> <span class='ocrx_word' id='word_1_344' title='bbox 424 2663 504 2694; x_wconf 88' lang='lat' dir='ltr'>boni</span> <span class='ocrx_word' id='word_1_345' title='bbox 529 2666 562 2694; x_wconf 83' lang='lat' dir='ltr'>et</span> <span class='ocrx_word' id='word_1_346' title='bbox 585 2665 726 2695; x_wconf 83' lang='lat' dir='ltr'>iucundi</span> <span class='ocrx_word' id='word_1_347' title='bbox 752 2664 948 2697; x_wconf 83' lang='lat' dir='ltr'>discrimine</span> <span class='ocrx_word' id='word_1_348' title='bbox 974 2676 1004 2698; x_wconf 89' lang='lat' dir='ltr'>v.</span> <span class='ocrx_word' id='word_1_349' title='bbox 1030 2669 1165 2707; x_wconf 82' lang='lat' dir='ltr'>praeter</span> <span class='ocrx_word' id='word_1_350' title='bbox 1189 2677 1245 2706; x_wconf 84' lang='lat' dir='ltr'>ea,</span> <span class='ocrx_word' id='word_1_351' title='bbox 1285 2676 1372 2707; x_wconf 83' lang='lat' dir='ltr'>quae</span> <span class='ocrx_word' id='word_1_352' title='bbox 1397 2664 1496 2697; x_wconf 86' lang='lat' dir='ltr'>modo</span> <span class='ocrx_word' id='word_1_353' title='bbox 1522 2665 1572 2696; x_wconf 90' lang='lat' dir='ltr'>in-</span> 
     </span>
     <span class='ocr_line' id='line_1_44' title="bbox 219 2707 894 2751; baseline 0.004 -13"><span class='ocrx_word' id='word_1_354' title='bbox 219 2707 418 2748; x_wconf 82' lang='lat' dir='ltr'>dicavimus,</span> <span class='ocrx_word' id='word_1_355' title='bbox 443 2707 576 2741; x_wconf 84' lang='lat' dir='ltr'>Phileb.</span> <span class='ocrx_word' id='word_1_356' title='bbox 602 2719 633 2750; x_wconf 84' lang='lat' dir='ltr'>p.</span> <span class='ocrx_word' id='word_1_357' title='bbox 660 2709 711 2745; x_wconf 75' lang='grc'>12,</span> <span class='ocrx_word' id='word_1_358' title='bbox 739 2710 775 2742; x_wconf 88' lang='lat' dir='ltr'>C.</span> <span class='ocrx_word' id='word_1_359' title='bbox 801 2720 894 2751; x_wconf 81' lang='lat' dir='ltr'>seqq.</span> 
     </span>
    </p>
   </div>
  </div>
 </body>
</html>
