1687 2969
514 171 759 210 GORGIAS.
790 174 833 211 P.
867 176 957 210 512.
990 174 1050 211 ed.
1083 174 1138 211 St.
1423 178 1501 212 295

146 277 259 320 ἔστιν
287 280 311 321 ὃ
339 279 421 334 ἐγὼ
448 277 580 333 λέγω,
620 277 707 320 ἀλλ’
737 275 841 321 αὐτὸ
870 280 985 321 τοῦτ7
1016 278 1128 321 ἔστιν
1157 280 1304 334 ἀρετή,
1348 282 1395 323 τὸ
1425 282 1500 322 σώ-

147 347 232 394 ζειν
261 344 393 386 αὐτὸν
421 345 491 386 καὶ
520 345 570 386 τὰ
600 342 756 386 ἑαυτοῦ
785 348 889 386 ὄντα
912 345 1061 394 ὁποῖός
1084 360 1145 393 τις
1168 343 1299 398 ἔτυχε,
1330 344 1501 399 καταγέ-

145 410 297 458 λαστός
336 420 403 452 σοι
439 410 462 451 ὁ
501 411 638 463 ψόγος
672 411 861 463 γίγνεται
895 410 966 451 καὶ
1005 417 1300 464 μηχανοποιοῦ
1342 411 1413 451 καὶ
1443 411 1500 451 ἰα-

147 481 252 527 τροῦ
290 475 361 516 καὶ
397 477 483 516 τῶν
529 478 669 516 ἄλλων
706 479 888 529 τεχνῶν,
935 471 1030 516 ὅσαι
1070 480 1148 516 τοῦ
1191 476 1337 525 σωζειν
1377 475 1500 516 ἕνεκα

147 541 410 594 πεποίηνται.
439 538 524 581 ἀλλ’
540 571 551 591 ,
595 535 628 581 ὦ
656 542 858 594 μακάριε,
903 535 1006 592 ὅρα,
1048 557 1104 594 μη
1134 543 1236 581 ἄλλο
1266 556 1304 581 τι
1332 541 1380 581 τὸ
1409 554 1499 592 γεν-

147 609 272 647 ναῖον
309 604 380 647 καὶ
416 605 463 647 τὸ
504 606 675 659 ἀγαθὸν
710 610 738 658 ᾑ
776 621 853 647 του
900 606 1047 656 σώζειν
1085 620 1126 646 τε
1165 621 1236 646 και
1277 605 1499 655 σώζεσθαι.

145 668 203 724 μὴ
230 670 313 724 γὰρ
334 677 461 712 τοῦτο
483 668 573 724 μέν,
602 673 648 712 τὸ
675 673 770 725 ζῆν·
799 670 961 712 ὁπόσον
984 669 1028 711 δὲ
1055 671 1234 724 χρόνον,
1263 672 1340 712 τόν
1368 685 1413 723 γε
1444 671 1500 718 ὡς

146 736 318 789 ἀληθῶς
356 736 492 787 ἄνδρα
531 735 676 777 ἐατέον
708 735 792 777 ἐστὶ
821 735 890 777 καὶ
932 730 984 776 οὐ
1014 734 1355 788 φιλοψυχητέον,
1394 735 1500 776 ἀλλὰ

147 799 430 854 ἐπιτρέψαντα
459 800 553 853 περὶ
590 802 755 842 τούτων
792 806 850 853 τῷ
879 804 966 853 θεῷ
996 799 1067 842 καὶ
1097 801 1381 841 πιστεύσαντα
1409 804 1500 849 ταῖς

144 944 210 989 γὰρ
237 948 336 978 τοῦτο
361 944 435 985 μέν,
461 943 496 977 τὸ
522 946 588 988 ζῆν
613 943 793 987 &zoom-657
816 958 867 987 χρ.
893 946 958 978 Sed
982 950 1075 977 recte
1094 943 1229 978 ὀπόσοι·
1254 945 1292 978 δὲ
1304 958 1355 987 χρ.
1383 946 1499 978 Clark.

147 992 234 1032 Vat.,
259 991 349 1033 quod
374 1001 468 1023 nunc
499 992 645 1033 primum
678 991 899 1023 restituimus.
947 990 1030 1023 Inde
1063 995 1173 1023 ortum
1206 995 1256 1023 est
1286 989 1421 1023 ὁπόσον
1448 990 1503 1023 δεῖ

145 1038 222 1069 Par.
249 1036 365 1070 CIW.
390 1036 481 1068 Flor.
506 1047 535 1068 a.
561 1036 590 1067 d.
617 1037 640 1068 f.
665 1047 697 1067 x.
724 1041 757 1068 et
779 1047 828 1078 pr.
854 1048 896 1068 m.
922 1037 1034 1068 BEF.
1068 1037 1133 1068 Pro
1160 1036 1278 1068 ἐατέον
1303 1037 1499 1078 Stephanus

144 1082 262 1114 invitis
295 1081 392 1114 libris
426 1081 584 1114 omnibus
615 1082 754 1123 scripsit
786 1079 937 1115 εὐκτέον.
985 1083 1216 1113 Buttmannus
1248 1081 1329 1113 olim
1361 1093 1420 1123 pro
1453 1080 1499 1124 μὴ

142 1127 208 1170 γὰρ
233 1126 453 1160 scribendum
477 1126 621 1169 putabat
645 1127 700 1158 καὶ
726 1124 802 1169 ya'e.
831 1127 1141 1159 Winckelmannus
1166 1128 1244 1161 Act.
1270 1128 1347 1160 Soc.
1375 1128 1497 1160 Graec.

144 1272 318 1294 servare
360 1265 492 1303 atque
523 1262 710 1295 servari.
742 1261 785 1293 cf.
857 1261 1058 1292 consulitur.
1129 1261 1197 1292 Sed
1250 1265 1363 1293 tamen
1417 1260 1498 1293 libri

144 1308 259 1340 Rost.
286 1308 315 1346 ξ.
342 1305 417 1339 108
442 1310 558 1338 annot.
584 1305 635 1338 19.

188 1350 241 1395 μὴ
265 1349 345 1395 γὰρ
380 1354 505 1383 τοῦτο
530 1350 629 1390 μὲι,
655 1369 696 1374 —-
722 1349 784 1382 ἐα-

145 1397 241 1430 τέον
265 1395 371 1439 ἐστι]
397 1397 523 1429 Totum
546 1397 660 1428 locum
686 1397 787 1428 refert

143 1444 274 1475 Marc.
299 1442 507 1474 Antonin.
534 1442 663 1474 Comm.
688 1441 731 1474 ad
751 1452 786 1473 se

143 1489 256 1530 ipsum
301 1487 394 1520 Libr.
433 1487 510 1518 VlI.
562 1487 651 1519 Sect.
692 1487 784 1520 XVI.

145 1533 324 1566 Sententia
347 1531 529 1564 verborum
561 1533 645 1564 satis
669 1537 786 1574 aperta

145 1583 211 1611 est:
239 1579 361 1617 Nam,
395 1577 525 1619 inquit,
549 1576 667 1608 istud
700 1577 785 1619 qui-

144 1623 255 1664 dem,
287 1632 409 1664 quam
443 1622 517 1653 diu
549 1623 697 1662 vivas,
736 1623 785 1662 ei,

144 1669 214 1710 qui
249 1678 349 1700 vere
382 1667 448 1699 vir
486 1667 562 1707 sit,
601 1678 682 1699 non
723 1677 785 1699 cu-

143 1713 324 1746 randum
363 1716 446 1751 est,
486 1723 629 1754 neque
669 1713 785 1744 vitae

145 1759 282 1791 amori
321 1757 667 1799 indulgendum,
713 1757 785 1789 sed

144 1803 414 1837 committere
445 1802 523 1834 hoc
557 1802 682 1834 debet
707 1802 785 1835 deo

143 1853 272 1890 atque
320 1848 454 1880 fidem
498 1847 660 1879 habens
707 1859 785 1880 mu-

142 1893 349 1926 lierculis
374 1892 696 1925 dictitantibus
721 1904 784 1925 ne-

142 1939 302 1971 minem
325 1938 463 1971 ullum
487 1948 619 1979 posse
644 1939 784 1970 fatum

144 1984 361 2026 effugere,
409 1982 566 2015 deinde
604 1983 647 2014 id
697 1994 784 2025 spe-

142 2033 278 2068 ctare,
327 2027 543 2070 quomodo
590 2032 654 2062 etc.
718 2028 784 2060 Sed

142 2074 300 2106 haeretur
322 2074 359 2104 in
383 2072 527 2115 vulgata
550 2073 697 2105 lectione
712 2084 784 2105 ver-

144 2119 262 2151 borum
288 2129 391 2160 supra
414 2117 576 2150 indicata.
608 2118 741 2160 Steph
751 2129 784 2150 a-

142 2175 223 2196 nus
267 2163 308 2195 de
342 2163 551 2195 Cot-narii
588 2164 785 2196 coniectura

143 2209 296 2251 reposuit
320 2206 462 2240 εὐκτέον
486 2206 576 2245 ἐστι’,
601 2208 690 2250 quod
715 2219 784 2240 non

141 2254 288 2287 debebat
311 2254 453 2295 probare
471 2254 505 2285 H
515 2253 586 2284 ein
598 2253 618 2285 d
629 2264 646 2284 ο
658 2264 673 2284 r
682 2254 714 2284 fi
726 2264 747 2284 u
757 2264 783 2285 s.

142 2300 230 2331 Nam
254 2302 292 2330 ut
315 2303 447 2330 taceam
477 2298 620 2330 formam
645 2296 784 2330 εὐκτέον

143 2343 324 2376 admodum
370 2354 445 2376 esse
482 2347 691 2385 suspectam,
742 2343 783 2375 de

144 2400 211 2431 qua
249 2399 284 2420 re
319 2388 387 2420 vid.
421 2389 608 2420 Bastius
639 2388 783 2430 Epistol.

143 2435 248 2466 critic.
278 2445 309 2476 p.
341 2432 417 2466 217.
454 2433 504 2465 ed.
528 2433 631 2487 Lips.
644 2457 652 2473 ,
694 2434 783 2485 male

142 2480 295 2521 profecto
320 2482 397 2520 post
420 2475 471 2520 μὴ
497 2476 562 2534 yde
579 2497 623 2502 —
643 2475 783 2510 ευκτέοι

143 2525 258 2556 statim
289 2523 470 2554 inferretur
508 2524 562 2555 καὶ
602 2536 651 2555 ov
687 2525 781 2563 (pti-o-

144 2568 323 2611 ψυχητέον.
368 2568 540 2608 Quocirca
564 2569 622 2600 Bu
634 2572 783 2600 ttmau-

143 2624 223 2646 nus
254 2614 336 2645 olim
368 2612 587 2646 scribendum
613 2614 780 2645 coniecit:

144 2659 198 2691 καὶ
237 2657 303 2701 γὰρ
339 2676 381 2681 -
414 2656 533 2690 ἐατέον
578 2657 669 2697 ἐστί,
715 2669 782 2700 qua

142 2704 339 2737 coniectura
369 2714 452 2735 sane
477 2705 665 2736 sententiae
694 2703 782 2736 bene

856 1317 973 1338 omncs
998 1309 1193 1338 constanter
1207 1305 1253 1349 μή
1275 1311 1401 1338 tenent.
1432 1309 1497 1339 Ita-

856 1362 921 1393 que
945 1351 1034 1383 idem
1067 1352 1119 1383 vir
1153 1351 1274 1383 doctus
1304 1356 1423 1393 postea
1452 1350 1498 1393 μή

856 1397 983 1428 dictum
1015 1407 1089 1428 esse
1123 1397 1258 1437 statuit,
1288 1397 1391 1429 sicuti
1422 1400 1499 1439 post

855 1440 922 1482 ὅρα
947 1446 980 1473 et
1005 1441 1143 1474 δέδοικα
1167 1443 1252 1474 alibi
1271 1442 1406 1474 dicitur.
1434 1443 1498 1474 Ve-

855 1497 930 1518 rum
955 1497 1018 1519 nec
1050 1488 1134 1519 haec
1165 1488 1251 1519 ratio
1284 1491 1377 1519 caret
1401 1486 1497 1518 dubi-

855 1534 995 1564 tatione.
1038 1533 1270 1572 Quamobrem
1294 1533 1497 1565 Herman-

855 1588 932 1609 nus
958 1588 1066 1618 nuper
1091 1577 1253 1610 audacter
1279 1578 1320 1610 de
1339 1588 1399 1610 suo
1415 1579 1497 1609 scri-

854 1623 940 1664 psit:
967 1620 1033 1664 ήδὺ
1058 1620 1122 1664 γὰρ
1150 1622 1331 1661 τοῦτομὲν
1355 1619 1389 1654 τὸ
1415 1624 1495 1663 ζῆν·

856 1666 992 1699 ὁπόσον
1024 1667 1063 1699 δὲ
1086 1667 1217 1708 χρόνον
1249 1679 1276 1699 κ.
1304 1680 1329 1700 τ.
1354 1669 1379 1699 λ.
1429 1667 1496 1700 Sed

855 1713 1012 1754 displicet
1045 1712 1135 1744 istud
1168 1710 1233 1756 ἡδὺ
1265 1723 1326 1754 pro
1351 1711 1395 1753 μὴ
1426 1723 1495 1744 non

854 1758 954 1789 modo
987 1757 1152 1790 audaciae
1184 1759 1341 1797 nomine,
1377 1768 1496 1789 verum

855 1803 956 1834 etiam
989 1802 1084 1842 ideo,
1118 1803 1199 1844 quia
1230 1803 1291 1835 illo
1323 1802 1495 1835 vocabulo

855 1848 1144 1890 argumentationi
1177 1848 1371 1879 obtruditur
1400 1849 1495 1880 notio

854 1904 874 1925 a
897 1904 933 1924 re
957 1894 1032 1935 ipsa
1055 1904 1148 1925 nunc
1172 1893 1296 1925 aliena.
1321 1893 1393 1925 Nec
1414 1903 1494 1925 vero

854 1942 950 1971 tanta
974 1949 1060 1980 opus
1086 1939 1150 1970 fuit
1174 1939 1373 1970 mutatione.
1421 1939 1494 1971 Imo

853 1984 941 2015 nihil
980 1984 1048 2015 nisi
1088 1981 1223 2015 ὁπόσον
1256 1982 1295 2015 δὲ
1332 1993 1372 2015 ex
1409 1984 1494 2025 opti-

852 2030 917 2060 mis
942 2028 1117 2061 codicibus
1149 2029 1213 2060 fuit
1237 2028 1496 2068 restituendum,

854 2074 945 2115 quod
976 2083 1069 2105 nunc
1101 2074 1339 2105 revocavimus
1381 2084 1495 2105 emen-

854 2119 932 2151 data
980 2118 1161 2150 verborum
1209 2119 1495 2160 interpunctione.

853 2164 906 2195 Ita
938 2164 1029 2195 enim
1059 2163 1101 2195 ad
1134 2161 1178 2205 μὴ
1210 2161 1275 2206 γὰρ
1311 2167 1424 2200 τοῦτο,
1458 2161 1494 2196 τὸ

855 2210 941 2251 ζῆ]
988 2208 1251 2250 intelligendum
1288 2208 1494 2250 relinquitur

853 2254 932 2285 οἴου
979 2252 1014 2285 τὸ
1054 2251 1194 2296 ἀγαθὸι
1232 2254 1287 2285 καὶ
1330 2258 1494 2296 γενναῖον

853 2293 961 2336 εἶπαι,
996 2299 1062 2331 hoc
1092 2309 1213 2330 sensu:
1255 2298 1349 2330 noli
1381 2299 1491 2330 enim

852 2347 1002 2384 putare
1040 2343 1162 2375 istud
1206 2342 1394 2384 quidem,
1435 2344 1491 2374 vi-

853 2388 1017 2420 delicet
1058 2392 1101 2420 ut
1133 2389 1260 2420 vivas
1291 2388 1406 2431 (cuius
1442 2389 1492 2420 rei

852 2434 945 2465 notio
977 2434 1046 2465 iam
1076 2443 1277 2476 praegresso
1305 2431 1429 2474 στάζειν
1458 2445 1491 2465 τε

853 2478 906 2510 καὶ
943 2477 1118 2519 σώζεσθαι
1142 2479 1293 2510 indicata
1317 2478 1392 2519 est),
1425 2478 1492 2510 ho-

852 2527 1025 2555 nestum
1049 2529 1178 2565 atque
1205 2523 1360 2555 bonum
1377 2533 1489 2554 esse:

854 2569 933 2600 imo
951 2580 1075 2610 quam
1092 2569 1163 2600 diu
1180 2568 1312 2609 (vivat),
1330 2567 1370 2599 id
1388 2578 1489 2608 eum,

852 2613 924 2655 qui
970 2624 1071 2646 vere
1110 2615 1174 2645 vir
1215 2613 1286 2651 sit,
1337 2623 1489 2644 curare

851 2669 935 2690 non
962 2663 1137 2701 oportet
1169 2661 1231 2690 etc.
1279 2656 1331 2689 Ad
1356 2656 1399 2699 μὴ
1422 2656 1488 2699 γὰρ

853 2706 949 2735 τοῦτο
993 2703 1056 2743 μέν
1101 2703 1191 2746 quod
1228 2702 1490 2745 intelligendum
