1687 2969
429 150 846 194 PHAEDRUS.
881 151 931 192 P.
966 153 1043 193 257
1078 150 1140 194 St.

1380 152 1458 192 132³

107 267 203 312 σι’)ιὲ
241 283 329 310 που
365 271 438 311 καὶ
475 268 622 319 αὐτός,
659 267 729 311 ὅτι
766 270 807 310 οἱ
842 270 1045 322 μέγιστον
1067 268 1303 323 δυνάμενοί
1322 283 1365 309 τε
1386 270 1456 310 καὶ

108 333 374 391 σεμνότατοι
408 341 455 379 ἐν
488 344 586 386 ταῖς
606 333 781 379 πόλεσιν
800 333 1085 390 αἰσχύνονται
1106 334 1262 390 λόγους
1289 351 1333 377 τε
1353 335 1460 389 γρά-

105 419 206 462 φειν
240 404 313 444 καὶ
348 405 624 446 καταλείπειν
659 401 979 457 συγγράμματα
1001 404 1181 452 ἑαυτῶν,
1219 401 1352 454 δόξαν
1377 418 1460 460 rso-

105 468 314 525 βυύμενοι
351 473 431 514 τοῦ
468 473 615 513 ἔπειτα
651 468 835 524 χρόνον,
880 466 939 524 μὴ
976 472 1184 528 σοφισταὶ
1222 471 1457 512 καλῶνται.

800 529 817 547 7

203 535 311 578 ΣΩ.
380 535 550 587 Γλυκὺς
583 535 752 588 ἀγκών,
789 554 821 577 ω
863 538 1051 591 Φαῖδρε,
1095 538 1256 587 λέληθέ
1292 552 1351 586 σε,
1389 535 1459 578 ὅτι

192 690 432 733 νομίζοντα
475 689 638 732 λέγειν]
681 689 778 723 ΒοίΗ.
813 690 871 720 οἴει
899 688 1104 727 ὀνειδίζοντα
1140 691 1320 734 νομίζον-ιη
1346 692 1448 733 λέγειν

100 837 167 859 non
194 826 367 858 voluntate
393 828 427 855 et
457 823 582 856 iudicio
608 825 656 865 fit,
687 825 745 856 sed

100 872 327 913 necessitate,
359 875 396 902 ut
426 881 444 903 a
478 869 661 902 scribendo
686 871 747 903 ab·

99 917 274 951 horreant.
321 919 367 950 At
382 916 425 947 de
442 916 643 948 verborum:
668 918 748 957 γλυ-

100 963 162 1000 κὺς
185 962 295 1006 ἀγκὼν
318 980 364 987 -
390 961 521 1003 ἐκλήθη
554 962 748 1003 integritate

100 1019 144 1042 ne
171 1009 335 1051 suspicari
367 1008 505 1049 quidem
539 1009 608 1039 ullo
644 1007 748 1041 modo

100 1055 211 1088 liceat.
261 1055 312 1087 Ea
345 1059 398 1087 est
433 1054 519 1086 enim
546 1054 647 1086 lectio
673 1064 749 1086 om-

102 1101 194 1134 nium
222 1101 412 1139 librorum,
443 1099 664 1141 firmaturque
689 1110 748 1131 au-

100 1147 261 1179 ctoritate
281 1145 462 1183 Hermiae,
488 1145 544 1186 qui
562 1151 655 1178 certe
671 1146 751 1187 γλυ-

99 1191 161 1228 κύς
186 1190 298 1234 ἀγκὼν
326 1191 543 1234 proverbium
561 1201 639 1224 esse
658 1192 749 1230 dicit,

98 1249 119 1270 a
144 1237 294 1279 quodam
321 1237 470 1280 Aegypti
496 1237 571 1268 loco
596 1236 750 1277 ductum,

97 1283 155 1316 ubi
194 1284 300 1316 multa
340 1281 519 1324 navigandi
569 1282 751 1315 difficultas

100 1329 168 1370 sit,
213 1334 286 1362 tum
320 1328 547 1370 explicatione
580 1329 749 1370 proverbii

99 1375 278 1418 proposita
294 1373 410 1406 addit:
428 1371 447 1405 ἶ)
458 1375 543 1417 λέγει
553 1378 625 1416 νῦν,
638 1373 748 1406 τοῦτο’

97 1423 185 1460 ἐστι,
210 1419 267 1452 ὅτι
292 1419 400 1460 ὥςπερ
425 1420 528 1451 ἐκεῖνο
554 1420 680 1462 λέληθέ
702 1433 749 1460 σε,

97 1465 217 1500 πόθεν
243 1465 435 1507 ἐκλήθη,
469 1465 596 1508 γλυκὺς
626 1465 748 1508 ἀγκών,

98 1511 265 1556 ὅιιςχερῆς
289 1511 334 1544 ὧν
352 1512 408 1542 καὶ
431 1511 554 1555 πικρὸς
580 1511 598 1543 o‘
626 1512 748 1552 τόπος,

99 1556 195 1589 οὕτω
219 1557 276 1589 καὶ
303 1561 410 1589 τοῦτο
436 1557 589 1599 λέληθεν,
615 1557 672 1590 Su
696 1559 749 1589 nl·

99 1602 204 1646 σχρόν
242 1602 374 1644 ἐκλήθη
421 1602 461 1634 τὰ
511 1604 749 1647 λογογραφεῖν,

98 1648 284 1681 ἐπαινετὸν
323 1646 365 1680 ὅν
400 1647 456 1679 καὶ
485 1648 602 1682 καλόν.
658 1649 748 1681 Tum

98 1694 163 1728 Eu
177 1693 314 1727 stath.
340 1693 382 1726 ad
403 1694 441 1726 11.
457 1693 496 1727 κ’.
512 1705 544 1738 p.
563 1694 641 1729 791.
668 1695 749 1736 γλυ-

97 1739 159 1776 αὐς
189 1739 302 1782 ἀγκὼν
334 1741 550 1782 proverbium
593 1741 672 1773 item
706 1740 747 1773 ad

98 1785 166 1820 Nili
203 1787 352 1818 cubitum
387 1786 514 1827 refert,
548 1788 683 1829 longum
716 1790 750 1819 et

99 1832 336 1873 navigantibus
385 1832 613 1873 laboriosum,
653 1832 749 1865 cuius

98 1878 309 1911 mentionem
338 1877 438 1910 Plato
454 1878 485 1910 in
512 1877 673 1911 Phaedro
699 1878 750 1910 fa-

98 1924 178 1958 ciat.
227 1923 397 1956 Mittimus
426 1923 641 1956 Scholiasten
669 1924 750 1956 Pla-

100 1969 274 2009 tonicum,
312 1969 477 2010 Suidam,
528 1969 750 2014 Hesychium,

99 2015 186 2047 alios
211 2015 494 2058 lexicographos‚
521 2015 665 2058 denique
691 2027 749 2058 pa-

100 2060 401 2103 roemiographum
435 2062 642 2095 Zenobium.
697 2062 750 2094 Ex

99 2106 220 2148 quibus
255 2107 410 2139 omnibus
443 2111 482 2139 ut
518 2109 660 2149 primum
688 2106 752 2140 hoc

101 2152 221 2193 liquet,
250 2153 355 2185 verba
381 2157 476 2185 certe
501 2153 625 2195 γλυκὺς
641 2152 752 2196 α’γκών

100 2198 194 2230 nullo
235 2198 340 2231 modo
383 2209 486 2241 posse
524 2200 666 2238 tentari,
705 2201 751 2231 ita

103 2243 206 2274 etiam
231 2245 343 2276 solum
376 2244 457 2278 illud
491 2244 616 2286 γλυκὺς
641 2243 751 2285 α’γκών

102 2298 166 2330 pro
194 2291 375 2329 proverbio
405 2296 603 2332 usurpatum
631 2291 749 2328 fuisse,

101 2333 228 2376 γλνκῦς
257 2334 365 2377 οἴγκὼν
399 2337 525 2378 λέληθέ
562 2349 617 2377 σε,
659 2336 749 2378 quod

102 2379 287 2413 stabuebat
311 2381 554 2422 Heindorfius‚
589 2393 664 2415 cnm
693 2393 752 2414 eo-

103 2434 173 2466 que
216 2427 350 2458 statuit=
376 2429 477 2460 etiam
521 2428 750 2461 Schleierma-

103 2470 237 2510 cherus,
263 2472 368 2504 immo
393 2473 521 2515 λέληθέ
543 2487 578 2506 σε
602 2485 705 2516 quum
731 2484 749 2506 a

101 2516 249 2549 Platone
282 2517 445 2552 addatur.
485 2519 518 2551 id
548 2521 656 2562 ipsum
692 2530 747 2551 se-

101 2563 239 2603 quentia
261 2573 406 2604 poscere
425 2564 578 2598 videtur:
604 2564 745 2598 Suam}

102 2611 167 2640 τοῦ
200 2612 337 2649 μακροῦ
369 2608 519 2651 ἀγκῶνος
560 2615 624 2642 τοῦ·
663 2610 747 2642 κατὰ

101 2654 231 2687 Νεῖλον
274 2652 427 2696 ἐκλήθη,
474 2661 611 2697 praeter
658 2657 748 2699 quod

103 2700 204 2732 etiam
240 2699 322 2732 haec
355 2701 474 2733 eadem
505 2707 661 2735 coustant
690 2713 751 2734 co-

104 2744 215 2778 dicum
249 2751 499 2787 auctorumque
531 2749 747 2782 auctoritate.

817 824 917 858 Quae
942 834 1041 866 qnum
1069 824 1112 856 ita
1139 825 1217 865 sint,
1244 826 1460 868 proverbium

816 869 942 912 γλυκὺς
975 866 1085 912 ἀγκών
1122 871 1348 913 undecunque
1381 882 1457 914 pro-

816 916 941 948 fectum
969 922 1041 957 est,
1075 916 1254 950 Platonem
1283 922 1376 949 certe
1402 917 1464 949 hoc

817 962 894 993 loco
920 973 937 993 a
962 961 1026 995 Nili
1060 962 1174 994 cubito
1209 964 1362 995 derivare
1393 968 1463 995 sta-

818 1007 979 1040 tuendum
1008 1012 1072 1042 est.
1121 1009 1189 1042 Qui
1220 1010 1290 1041 sive
1315 1010 1463 1048 singula-

817 1054 863 1085 ris
889 1053 1024 1095 quidam
1056 1054 1157 1087 suerit
1183 1055 1329 1087 fluminis
1356 1056 1464 1087 flexus

818 1109 927 1142 prope
972 1101 1078 1142 ipsam
1112 1101 1228 1133 urbem
1262 1100 1463 1142 Memphim.

818 1156 894 1185 seu,
919 1145 1012 1187 quod
1039 1147 1153 1188 potius
1179 1147 1281 1178 verba
1310 1146 1376 1177 ἀπὸ
1399 1149 1463 1177 τοῦ

818 1195 957 1232 μακροῦ
987 1190 1136 1232 ἀγκῶνος
1169 1192 1318 1224 indicare
1345 1192 1464 1223 tidon-

819 1242 884 1276 tur⁷
913 1238 1031 1279 longus
1056 1238 1110 1270 ille
1141 1243 1175 1270 et
1200 1239 1373 1270 flexuosus
1398 1237 1464 1270 Nili

820 1283 956 1315 cubitus
989 1294 1108 1315 versus
1143 1284 1355 1316 occidentem
1383 1294 1466 1325 por-

818 1329 945 1370 rigens,
971 1339 1070 1371 quem
1094 1330 1302 1362 Canobicnm
1332 1335 1467 1367 vocant,

819 1375 881 1417 ipsi
907 1385 989 1406 vero
1017 1376 1141 1408 Graeci
1163 1376 1306 1418 Aegypti
1334 1376 1467 1407 incolae

817 1422 897 1463 (per
914 1420 1205 1462 euphemismum)
1233 1420 1374 1463 ἀγαθὸν
1393 1422 1467 1452 δα(-

817 1478 906 1509 μοιιτι
939 1468 1128 1507 vocabant,
1169 1471 1203 1500 et
1238 1478 1337 1509 quem
1375 1467 1466 1499 tenui

818 1512 1037 1545 solummodo
1084 1524 1245 1555 aquarum
1290 1513 1468 1545 altitudine

818 1558 915 1590 adire
941 1563 1064 1590 nautae
1099 1560 1208 1591 coacti
1235 1563 1352 1599 erant,
1385 1560 1471 1590 alias

817 1603 912 1636 fossa
939 1605 1052 1646 potius
1078 1605 1275 1647 navigantes
1292 1630 1301 1638 .
1329 1605 1469 1637 rectiori

819 1659 919 1681 cursu
959 1649 1125 1682 Naucrati
1168 1649 1354 1692 Memphim
1405 1650 1472 1681 du-

819 1700 918 1728 cente
944 1698 996 1737 (v.
1024 1696 1085 1738 Ma
1097 1706 1115 1727 n
1128 1702 1237 1728 nert.
1269 1696 1470 1737 Geograpli.

820 1740 891 1774 Afr.
913 1742 948 1774 Ρ.
970 1742 993 1774 Ι.
1011 1740 1163 1784 ρ.540.),
1190 1748 1283 1774 certe
1308 1752 1374 1774 non
1395 1743 1469 1773 lon-

819 1797 882 1828 gus
907 1787 1122 1820 solummodo
1147 1793 1244 1827 erat,
1270 1798 1388 1820 verum
1417 1791 1469 1819 et-

819 1833 885 1865 iam
911 1833 1062 1866 indidem
1104 1834 1252 1866 fortasse
1277 1834 1469 1875 naviganti-

819 1878 883 1911 bus
911 1879 1017 1911 durus
1045 1884 1078 1912 et
1102 1880 1317 1919 laboriosus,
1343 1880 1384 1911 ab
1409 1880 1470 1912 iis-

820 1924 897 1956 dem
932 1929 1068 1966 tamen,
1105 1930 1143 1958 ut
1179 1927 1290 1958 solent
1315 1926 1469 1958 homines

819 1981 890 2003 rem
918 1972 1050 2003 tristem
1086 1982 1146 2014 per
1177 1972 1288 2004 iocum
1317 1972 1381 2003 leni
1406 1982 1470 2003 no-

819 2017 908 2050 mine
934 2018 1108 2058 mitigare,
1143 2018 1251 2050 dulcis
1278 2017 1380 2049 cubiti
1407 2027 1470 2049 no-

819 2073 896 2095 men
923 2064 1064 2105 accepit.
1113 2064 1163 2096 lta
1190 2064 1292 2095 etiam
1315 2063 1400 2104 Lydi
1417 2064 1468 2095 lo-

819 2119 894 2140 cum
921 2109 1111 2150 quendam,
1144 2110 1175 2141 in
1211 2119 1310 2150 quem
1351 2108 1467 2150 regina

821 2154 989 2196 Omphale
1020 2154 1063 2186 ad
1089 2154 1320 2187 ulciscendam
1348 2158 1469 2186 contu—

820 2202 978 2239 meliam,
1009 2201 1087 2232 olim
1125 2201 1189 2232 sibi
1222 2200 1284 2241 ipsi
1317 2201 1468 2240 allatam,

820 2246 1034 2278 dominorum
1072 2245 1159 2278 filias
1192 2256 1253 2287 per
1284 2246 1351 2277 vim
1385 2256 1470 2276 con-

819 2297 982 2332 gregatus
1008 2301 1071 2323 una
1097 2302 1171 2323 cum
1192 2291 1300 2323 servis
1321 2291 1468 2327 inclusin

819 2338 1043 2369 acerbitatem
1080 2338 1128 2369 rei
1164 2337 1468 2379 indignitatemque

819 2383 923 2415 verbo
963 2383 1124 2416 lenientes
1158 2383 1285 2425 γλυκὺν
1315 2381 1464 2425 ἀγκῶνα,

820 2428 955 2460 dulcem
979 2430 1186 2470 amplexum„
1205 2433 1383 2468 vocarunt,
1405 2440 1469 2461 au-

820 2479 916 2506 ctore
931 2474 1098 2506 Clearcho
1115 2475 1249 2507 Solensi
1273 2486 1326 2516 ap.
1342 2474 1465 2507 Athen.

817 2519 894 2552 Xll.
920 2520 1046 2560 p.516.
1096 2520 1191 2553 Unde
1216 2522 1356 2553 alteram
1386 2531 1466 2562 pro-

819 2566 923 2596 verbii
983 2566 1246 2608 explicationem
1305 2568 1468 2608 proponit

817 2610 1018 2644 Eustath.
1042 2613 1087 2644 ad
1111 2612 1147 2646 ll.
1167 2623 1205 2644 π.
1233 2623 1264 2654 p.
1285 2612 1398 2651 1032,
1427 2612 1467 2643 il-

818 2657 883 2689 lam
911 2666 928 2687 a
955 2657 1020 2689 Nili
1046 2658 1159 2690 cubito
1186 2668 1350 2700 expresse
1376 2656 1467 2689 refe-

819 2711 897 2733 rens
922 2701 966 2734 ad
982 2703 1073 2736 lliad.
1092 2717 1120 2735 x.
1147 2715 1177 2746 p.
1197 2704 1275 2738 791.
1324 2704 1464 2735 Utram-

820 2752 929 2779 utram
956 2750 1126 2791 sequaris,
1155 2749 1356 2790 significatio
1385 2758 1465 2790 pro-
