1687 2969
821 194 863 198 —-
935 174 1025 212 LXII

300 290 547 332 mosthenes
596 287 794 341 perduxit
841 288 895 329 ad
947 288 1128 340 exitum7
1178 287 1250 340 qui
1299 292 1514 341 quatenus
1564 300 1642 342 pro

299 347 513 402 discipulo
567 346 762 387 Platonis
815 344 1040 386 habendus
1081 344 1165 397 sit,
1215 359 1267 384 ex
1331 358 1415 384 uno
1460 343 1641 384 maxime

299 402 501 445 Phaedro
532 403 799 457 intelligit-nr.

412 460 578 501 Verum
619 461 721 501 satis
762 459 869 500 haec
909 458 961 499 de
1016 457 1242 499 rhetoricis
1309 456 1643 498 Atheniensium

303 517 471 558 studiis.
541 517 713 558 Docere
744 516 876 572 igitur
906 515 1115 557 imotenus
1146 514 1288 556 conati
1318 527 1492 567 sumus,
1525 512 1643 567 quod

436 712 465 742 in
493 711 599 744 libro:
631 710 688 741 De
714 709 876 750 Lysiae
913 709 1154 741 Amatorio.
1205 707 1303 751 Lips.
1345 705 1440 742 1827.
1478 706 1511 741 8.
1537 716 1644 749 nuper

435 757 590 788 certatim
619 754 847 787 defenderunt
885 754 1074 796 Spengel
1112 754 1243 786 Artium
1270 753 1437 795 Scriptor.
1463 763 1496 795 p.
1526 751 1642 786 123—

436 803 514 836 135,
564 801 603 831 W
617 805 870 833 estermann
898 800 1054 839 Quaestt.
1082 799 1259 832 Demosth.
1274 800 1315 832 11.
1335 811 1366 842 p.
1383 800 1439 834 73.
1459 805 1492 832 et
1509 799 1640 832 Histor.

437 849 537 889 Eloq‚
567 849 683 879 Graec
725 858 755 887 p.
782 847 837 880 75.
886 846 1073 879 Krische
1103 846 1214 878 Ueber
1240 847 1375 878 Platons
1403 845 1582 878 Phaedrus
1608 856 1641 887 p.

435 894 493 927 25.
555 892 783 925 Ho'lscher
816 893 865 924 De
903 893 977 924 Vita
1012 892 1090 933 Lys.
1124 903 1154 934 p.
1184 891 1260 926 121.
1319 891 1463 934 Vater¹
1490 892 1521 923 in
1553 890 1643 924 lahn.

438 941 545 972 Horr.
574 939 695 971 Philol.
724 938 799 971 Vol.
826 939 933 979 lX.p.
965 938 1036 972 176.
1064 948 1135 978 sqq.
1186 937 1295 970 Cron
1326 937 1375 980 (in
1401 937 1640 969 lndicibuslit-

437 993 540 1018 terar.
566 984 782 1016 Monacenss.
815 995 844 1017 a.
882 983 977 1018 1849.
1011 983 1049 1017 N.
1088 984 1161 1018 189.
1200 993 1235 1025 p,
1260 983 1328 1017 478
1363 984 1454 1025 sqq.)
1503 983 1641 1014 Suse-

438 1030 534 1064 mihl
568 1029 743 1062 l‘rodrom.
772 1030 862 1064 Plat.
890 1029 1090 1062 Untersuch.
1123 1040 1156 1072 p.
1183 1030 1238 1064 95.
1263 1040 1335 1071 sqq.
1369 1029 1439 1062 alii.
1494 1025 1565 1061 Ne'c
1589 1034 1643 1060 ta-

440 1088 517 1109 men
544 1075 726 1108 diffitemur
751 1086 826 1108 eam
851 1076 1020 1108 rationem
1049 1076 1146 1108 nobis
1164 1085 1334 1117 nunquam
1352 1075 1565 1118 probabilem
1590 1075 1641 1106 vi-

436 1133 507 1155 sam
534 1132 620 1155 esse.
672 1122 715 1153 Et
735 1122 947 1163 impugnavit
965 1132 1038 1153 eam
1058 1122 1160 1154 etiam
1184 1122 1345 1163 egregius
1363 1121 1493 1153 amicus
1509 1124 1638 1160 noster,

437 1169 516 1201 dum
543 1169 574 1199 111
604 1168 688 1199 vivis
715 1167 798 1207 tuit,
829 1169 919 1201 Car.
946 1167 1012 1199 Fr.
1039 1168 1343 1206 Hermannus,
1370 1167 1402 1199 in
1427 1167 1531 1199 libro:
1565 1166 1641 1198 Ge-

434 1214 656 1246 sammelte
682 1213 1042 1255 Abhandlnngen
1065 1214 1147 1246 und
1175 1213 1394 1255 Beitre'ige
1418 1223 1493 1244 zur
1511 1212 1640 1245 class.

436 1261 702 1292 Litteratur.
743 1259 898 1299 Gottine.
937 1259 1031 1293 1849.
1066 1271 1097 1302 p.
1128 1259 1261 1293 1—21.
1325 1259 1459 1291 Etenim
1493 1259 1640 1300 primum

436 1307 573 1348 quidem
600 1307 652 1338 vel
678 1305 755 1337 illud
788 1305 957 1347 prohihet,
990 1306 1165 1347 quominus
1196 1306 1383 1337 orationem
1419 1305 1545 1346 Lysiae
1578 1304 1640 1336 tri-

434 1354 551 1384 butam
580 1353 622 1384 ab
648 1351 723 1393 ipso
750 1356 891 1383 oratore
917 1352 1078 1393 scriptam
1107 1362 1183 1384 esse
1209 1355 1387 1390 putemus,
1414 1350 1508 1392 quod
1535 1350 1637 1382 Plato

440 1408 601 1439 nusquam
639 1397 772 1439 scriptis
804 1398 873 1429 suis
915 1408 1094 1438 germanas
1135 1397 1275 1429 aliorum
1324 1398 1497 1428 oration->s
1535 1396 1641 1428 inter-

436 1445 563 1483 texuit,
590 1443 649 1475 sed
675 1444 867 1485 ubicunque
892 1454 1078 1484 personas,
1105 1453 1188 1484 quas
1215 1447 1352 1475 orantes
1378 1443 1492 1480 linxit,
1519 1442 1564 1473 ita
1588 1443 1639 1474 lo-

434 1495 578 1532 quentes
603 1488 756 1528 induxit,
783 1494 818 1520 ut
842 1494 965 1530 sponte
990 1490 1210 1530 intelligatur,
1236 1489 1345 1531 ipsum
1372 1489 1411 1520 iis
1437 1488 1638 1520 attribuisse

435 1537 610 1568 orationes
641 1546 657 1566 a
685 1545 721 1566 se
748 1535 952 1574 elaboratas,
979 1536 1022 1566 ita
1050 1535 1205 1575 quidem,
1241 1539 1279 1566 ut
1310 1544 1411 1575 quum
1439 1535 1638 1575 colloquen-

435 1583 519 1613 tium
556 1581 732 1620 moribus,
770 1581 934 1621 ingeniis,
973 1581 1187 1623 disciplinae,
1231 1580 1351 1612 studiis
1383 1579 1637 1615 convenientes,

435 1633 504 1659 tum
532 1627 602 1657 suis
627 1626 732 1667 ipsius
759 1626 927 1659 scribendi
947 1627 1098 1658 consiliis
1113 1627 1394 1659 accommodatae
1420 1624 1637 1658 haberentur.

434 1674 540 1705 Cuius
559 1673 696 1714 generis
713 1673 868 1713 exempla
883 1673 1025 1704 illustria
1040 1683 1143 1714 quum
1159 1673 1250 1712 alibi,
1266 1672 1368 1704 veluti
1385 1673 1415 1703 in
1435 1671 1636 1711 Republica,

438 1718 643 1758 Phaedone,
673 1717 885 1759 Protagora,
918 1719 990 1750 aliis
1014 1718 1239 1757 sermonibus,
1268 1722 1403 1758 extant,
1437 1721 1507 1748 tum
1543 1717 1637 1748 lucu-

435 1765 623 1797 lentissima
649 1764 863 1805 reperiuntur
887 1764 917 1796 in
945 1765 1147 1807 Symposio,
1182 1765 1236 1796 ubi
1266 1765 1502 1804 colloquentes
1528 1762 1637 1794 mani-

434 1810 525 1842 festo
552 1811 593 1842 ab
618 1810 694 1851 ipso
721 1809 892 1851 scriptore
914 1810 1061 1842 maxima
1087 1821 1162 1842 cum
1178 1810 1331 1842 sollertia
1359 1809 1399 1840 ad
1418 1809 1522 1849 ipsius
1547 1809 1637 1839 vitae

434 1857 611 1888 veritatem
647 1854 817 1887 informati
849 1866 888 1887 ac
923 1856 1082 1897 descripti
1119 1860 1208 1889 sunt.
1268 1853 1356 1892 Quid
1391 1854 1518 1895 igitur?
1555 1853 1638 1885 haec

435 1912 537 1943 quum
572 1904 736 1933 constans
768 1901 869 1933 tuerit
899 1900 1056 1933 Platonis
1091 1902 1179 1934 ratio
1216 1905 1250 1933 et
1287 1899 1518 1940 consuetudo,
1558 1909 1637 1931 num

434 1947 631 1990 putabimus
657 1946 838 1979 verisimile
864 1956 959 1987 esse,
986 1947 1096 1988 ipsum
1122 1948 1155 1979 in
1181 1957 1223 1978 eo
1249 1957 1376 1989 opere,
1401 1945 1491 1986 quod
1518 1946 1636 1986 utique

434 2003 568 2025 summa
594 1993 675 2024 artis
700 1991 910 2034 perfectione
942 1993 1160 2034 conspicuum
1185 1996 1258 2029 est,
1292 1993 1382 2024 nulla
1408 1995 1552 2030 urgente
1577 2001 1636 2022 ne—

437 2039 597 2070 cessitate
623 2037 665 2070 ab
691 2037 745 2069 illa
776 2037 881 2070 fuisse
912 2037 1170 2070 discessurum?
1224 2038 1408 2070 Enimvero
1440 2037 1637 2069 sustulisset

435 2084 592 2127 profecto
619 2093 773 2115 summus
799 2083 1008 2126 dialogorum
1045 2084 1167 2116 artifex
1198 2085 1265 2116 isto
1302 2083 1407 2115 modo
1441 2083 1553 2125 operis
1586 2082 1636 2113 sui

434 2130 714 2172 aequabilitatem
742 2133 776 2161 et
802 2130 1094 2170 convenientiam,
1131 2129 1404 2171 quandoquidem
1431 2129 1546 2171 procul
1573 2128 1635 2160 du-

432 2176 487 2208 bio
522 2176 625 2208 etiam
662 2185 703 2206 ea
733 2175 764 2207 in
799 2175 951 2207 ordinem
987 2176 1139 2217 recipere
1171 2180 1311 2207 coactus
1344 2179 1455 2215 esset,
1494 2184 1581 2215 quae
1616 2184 1635 2205 a

434 2223 503 2254 suis
528 2222 633 2263 ipsius
660 2221 808 2253 consiliis
837 2225 871 2252 et
903 2221 1066 2253 institutis
1096 2225 1211 2253 essent
1242 2221 1415 2254 alieniora.
1474 2219 1543 2252 Sed
1572 2219 1635 2251 hoc

432 2268 543 2310 ipsum
578 2278 640 2299 nos
672 2267 762 2299 ultro
793 2266 948 2308 perducit
983 2267 1023 2298 ad
1061 2269 1200 2299 alteram
1236 2277 1410 2305 caussam,
1452 2276 1512 2297 cur
1549 2265 1634 2297 hanc

433 2314 620 2346 orationem
644 2322 709 2345 non
735 2324 752 2344 a
780 2312 881 2352 Lysia
908 2312 967 2344 sed
995 2324 1011 2344 a
1038 2315 1175 2345 Platone
1201 2313 1360 2354 scriptam
1387 2312 1632 2344 existimemus.

431 2359 498 2391 Est
532 2361 620 2391 enim
660 2358 781 2399 Lysias
813 2359 843 2390 in
875 2357 1033 2390 Phaedro
1069 2359 1113 2390 ita
1141 2359 1315 2390 institutus
1354 2362 1388 2389 et
1413 2357 1632 2397 informatus,

431 2410 469 2437 ut
495 2414 560 2436 non
586 2409 653 2436 tam
682 2415 763 2437 suas
789 2404 885 2436 unius
911 2413 1009 2445 quam
1035 2405 1178 2436 aliorum
1205 2414 1339 2446 quoque
1359 2403 1532 2437 rhetorum
1555 2415 1633 2446 par-

431 2455 486 2482 tes
511 2451 687 2483 sustineat.
743 2450 844 2484 Quod
872 2451 898 2482 si
917 2451 961 2482 ita
989 2455 1053 2490 est,
1080 2454 1203 2492 sponte
1229 2453 1372 2492 apparet
1397 2459 1438 2482 ne
1463 2451 1535 2482 fieri
1558 2450 1633 2491 qui-

430 2498 507 2527 dem
536 2497 710 2538 potuisse,
738 2501 776 2528 ut
801 2505 864 2528 una
891 2496 1000 2537 aliqua
1031 2496 1155 2535 Lysiae
1181 2496 1292 2527 oratio
1318 2496 1348 2526 in
1377 2496 1527 2528 medium
1553 2506 1633 2537 pro-

430 2542 576 2573 ferretur
602 2545 636 2573 et
663 2542 810 2574 examini
835 2542 1080 2580 subiiceretur,
1115 2540 1391 2583 quandoquidem
1418 2543 1504 2574 nulla
1533 2542 1633 2573 facile

433 2587 598 2626 extiterit.
624 2597 714 2627 quae
742 2588 935 2620 communia
960 2587 1023 2619 ista
1051 2588 1203 2619 omnium
1231 2587 1403 2619 rhetorum
1432 2587 1523 2625 vitia.
1548 2597 1632 2628 (1113-

431 2633 474 2664 113
508 2632 726 2674 philosophus
751 2634 782 2664 111
822 2633 976 2666 Phaedro
1003 2637 1121 2664 notare
1154 2633 1409 2674 constituisset,
1442 2643 1484 2666 eo
1515 2632 1632 2671 mocio,

431 2678 586 2717 referret,
612 2688 680 2719 quo
707 2689 770 2720 pro
797 2678 964 2711 scribendi
998 2678 1137 2710 consilio
1162 2679 1311 2720 optabile
1344 2678 1464 2712 suerat.
1512 2678 1632 2719 ltaque

433 2728 698 2757 consentaneum
725 2729 778 2756 est
804 2725 847 2757 ab
874 2726 949 2766 ipso
978 2725 1123 2757 Platone
1148 2725 1306 2765 scriptam
1335 2734 1411 2759 esse
1439 2725 1629 2757 orationem
