1687 2969
606 97 891 134 ”vll—

66 211 206 252 loeum
249 210 316 252 vel
354 226 588 268 poenarum
631 210 697 251 vel
728 210 1014 265 praemiorum
1048 209 1329 265 perveniunt,
1373 221 1413 251 et

66 268 228 309 exactis
268 267 449 309 millenis
487 267 611 309 annis
662 267 881 322 accipiunt
921 271 1181 321 potestatem
1226 267 1412 322 eligendi

65 325 147 367 sibi
178 340 291 366 nova
322 340 504 380 corpora
533 330 576 365 et
606 339 718 365 nova
748 324 860 364 vitae
887 339 1045 379 genera
1075 324 1163 364 sive
1196 323 1414 365 hominum

64 382 157 423 sive
199 382 442 424 bestiarum.
504 381 602 423 Neo
645 391 789 422 tamen
830 396 916 421 una
947 379 1183 434 eademque
1224 381 1412 422 omnium

67 439 240 480 fortuna
269 446 346 481 est.
407 438 522 480 Nam
565 438 638 492 qui
669 438 835 478 animus
868 444 932 478 ter
964 437 1061 489 sihi,
1092 444 1246 479 exacto
1279 438 1413 479 mille-

66 511 217 537 norum
261 510 470 537 annorum
519 496 683 550 spatio,
736 495 867 535 vitam
917 494 1165 550 philosophi
1217 495 1286 535 vel
1335 495 1412 536 viri

67 567 225 608 pueros
259 566 357 594 cum
396 551 674 608 philosophia
712 551 896 593 amantis
941 553 1408 605 (,7111‹hayaarzsmcrrob-

64 615 173 662 μετὰ
206 609 501 666 φιλοσοφίας)
542 609 748 665 elegerit,
790 608 826 650 is
872 608 1094 650 absolutus
1136 608 1218 649 iam
1250 624 1412 664 pennas

66 664 207 707 denuo
239 672 482 722 recuperat,
517 666 690 720 quibus,
724 673 772 706 ut
793 674 931 718 antea,
965 666 1019 706 ad
1041 665 1240 707 sublimia
1271 666 1410 716 evehi,

64 721 194 764 deum
233 722 420 777 aliquem
460 723 730 775 consectari,
783 730 825 763 et
875 723 1155 778 contemplari
1208 723 1409 764 eoelestia

65 785 208 833 queat.
269 778 358 832 Qui
388 790 527 820 autem
559 786 660 822 sunt
698 780 742 820 in
772 795 948 821 numero
980 786 1078 821 octo
1110 780 1315 821 classium
1349 796 1412 821 re-

65 836 281 890 liquarum
318 836 472 889 animi,
508 835 550 878 hi
581 836 779 879 absoluta
811 836 982 878 demum
1016 836 1159 878 decies
1191 836 1304 878 mille
1337 853 1411 878 an-

64 909 218 934 nor-um
257 893 436 949 periodo
479 894 520 935 in
552 894 735 950 primam*
770 893 885 935 illam
917 893 1206 935 conditionem
1237 895 1410 935 restitu-

66 955 195 991 untur
227 951 287 1006 (p.
320 951 412 992 ⁸247.
445 951 497 992 E.
530 976 582 980 —-
615 952 709 992 249.
744 950 831 1007 B.).

182 1007 277 1049 Iam
317 1023 418 1049 vero
451 1008 662 1048 illustrata
693 1008 821 1048 animi
853 1007 1027 1048 humani
1058 1014 1211 1048 natura
1242 1024 1291 1049 ac
1324 1009 1409 1049 vita

63 1063 241 1105 coelesti
293 1063 496 1107 Socrates
545 1063 730 1118 denique
785 1063 839 1105 ad
890 1063 997 1105 illud
1047 1064 1237 1117 accedit,
1287 1065 1409 1107 euius

61 1135 219 1162 caussa
257 1126 391 1162 totam
422 1121 531 1162 hanc
562 1121 897 1176 disputationem
928 1128 1199 1177 susceperat,
1232 1122 1313 1163 hoe
1346 1128 1412 1163 est

60 1176 118 1218 ad
157 1178 242 1219 vim
282 1184 326 1219 et
363 1185 560 1219 naturam
613 1178 767 1220 amoris
807 1178 1054 1234 philosophi
1095 1178 1409 1234 explicandam:

62 1234 216 1290 Pergit
246 1234 379 1291 igitur
408 1235 468 1276 ita
505 1234 739 1291 disputare.

174 1291 374 1334 Hominis
404 1298 557 1333 natura
577 1298 706 1346 atque
736 1291 921 1345 indoles,
954 1292 1109 1346 inquit,
1141 1292 1201 1333 ita
1232 1293 1329 1346 fert,
1365 1300 1411 1333 ut

62 1363 173 1403 quae
203 1348 246 1389 in
276 1349 404 1392 rebus
425 1349 607 1405 singulis
638 1349 761 1404 quasi
793 1349 987 1405 dispersa
1007 1359 1240 1391 cernuntur
1269 1366 1410 1391 rerum

61 1421 237 1462 genera,
279 1421 331 1447 ea
367 1412 510 1447 mente
552 1422 629 1448 sua
661 1405 1000 1462 comprehendat
1042 1413 1085 1448 et
1114 1412 1335 1461 tamquam
1366 1407 1408 1447 in

62 1478 194 1503 unum
234 1463 424 1519 colligat.
501 1461 603 1515 Quo
651 1462 825 1518 quidem
873 1464 1119 1505 continetur
1167 1463 1409 1506 recordatio

62 1535 228 1572 eorum,
263 1535 374 1574 quae
396 1520 497 1562 olim
528 1520 658 1561 animi
689 1521 826 1562 nostri
848 1521 891 1561 in
919 1521 1096 1562 coelesti
1125 1521 1197 1562 illo
1230 1520 1409 1562 deorum

63 1576 282 1618 consortio
323 1583 640 1632 spectaverunt.
702 1576 921 1630 Quocirca
960 1577 1210 1633 philosophi
1241 1578 1410 1619 animus

62 1633 191 1674 eitius
221 1640 448 1689 recuperat
477 1634 583 1688 alas,
615 1640 663 1675 ut
694 1634 767 1688 qui
796 1641 1006 1690 perpetuo
1048 1641 1245 1676 versetur
1274 1635 1317 1675 in
1344 1651 1409 1676 re-

62 1689 246 1731 colenda
277 1696 406 1745 atque
436 1690 720 1732 instauranda
751 1690 993 1733 divinarum
1025 1707 1166 1732 rerum
1193 1692 1407 1733 memoria.

61 1745 196 1799 Quod
233 1747 270 1788 si
302 1747 375 1800 qui
405 1747 730 1803 reprehendunt
758 1754 978 1801 tamquam
1011 1748 1250 1790 dementiae
1281 1765 1409 1804 argu-

63 1809 267 1858 mentum,
299 1804 328 1845 ii
346 1803 452 1858 quid
482 1804 542 1845 rei
571 1805 640 1857 sit,
674 1820 727 1846 ne
757 1805 970 1860 suspicari
1000 1805 1173 1860 quidem
1194 1805 1408 1847 videntur.

64 1859 279 1902 Nimirum
318 1860 510 1907 ,idearum
551 1862 748 1904 notitiam
781 1863 910 1903 animi
948 1863 1085 1904 nostri
1117 1878 1138 1903 e
1169 1863 1258 1903 vita
1287 1870 1408 1904 ante-

61 1923 160 1958 acta
187 1933 334 1959 seeum
363 1918 476 1960 hano
507 1919 551 1959 in
584 1919 994 1972 vitaliizittiile1·1111t:
1027 1936 1135 1973 quae
1158 1926 1302 1961 tamen
1332 1936 1409 1961 no-

63 1974 159 2015 titia
199 1975 401 2028 quoniam
442 1991 590 2017 eorum
621 1976 745 2032 lapsu
777 1977 902 2030 quasi
932 1977 1162 2018 obscurata
1195 1986 1282 2030 est,
1314 1977 1409 2032 phi-

61 2030 232 2086 losophi
261 2031 344 2074 hoo
377 2048 506 2073 unum
536 2039 671 2089 agunt
701 2034 898 2087 maxime,
919 2040 968 2074 ut
985 2050 1087 2075 vero
1108 2034 1408 2090 investigando

62 2093 192 2142 atque
242 2088 532 2144 perquirendo
587 2090 786 2132 amissam
835 2091 1148 2147 cognitionem,
1200 2098 1409 2146 quantum

63 2144 155 2185 fieri
185 2146 338 2200 possit,
370 2153 638 2201 recuperent.
699 2148 845 2201 Atque
864 2147 947 2189 hoc
976 2148 1074 2190 loco
1110 2148 1193 2189 iam
1235 2147 1408 2189 tandem

62 2200 119 2242 ad
157 2201 265 2243 illud
308 2203 463 2244 furoris
495 2219 631 2258 genus
670 2205 965 2259 pervenimus,
1010 2205 1127 2259 quod
1165 2205 1409 2248 continetur

63 2273 219 2300 amore.
279 2259 452 2301 Etenim
472 2261 724 2317 philosophi
740 2277 889 2303 revera
916 2260 1062 2303 divino
1094 2262 1282 2316 quodam
1314 2263 1404 2317 agi-

64 2320 209 2356 tantur
247 2316 424 2372 spiritu,
467 2317 540 2371 qui
587 2333 662 2360 eos
699 2333 869 2374 semper
913 2318 969 2359 ad
1014 2319 1244 2360 coelestem
1293 2320 1409 2361 illam

65 2371 209 2412 evehit
245 2373 606 2428 pulcritudinem,
649 2391 776 2429 quam
816 2375 859 2416 in
908 2376 997 2416 vita
1036 2377 1256 2432 superiore
1306 2392 1408 2418 eon-

64 2436 308 2482 spexerunt.
369 2430 493 2484 Quae
525 2432 561 2472 si
601 2432 681 2474 sub
720 2432 868 2474 oculos
910 2439 1026 2475 esset
1060 2434 1276 2486 subiecta,
1311 2450 1409 2489 pro-

68 2485 181 2525 fecto
224 2485 496 2529 admirabiles
539 2489 780 2530 excitatura
818 2497 930 2531 esset
971 2506 1137 2531 amores
1178 2491 1258 2532 sui.
1321 2492 1409 2532 Ve—

66 2547 304 2604 rumtamen
343 2559 475 2597 quum
517 2546 630 2599 veri,
670 2546 791 2599 boni,
833 2547 956 2601 iusti,
998 2548 1136 2588 sancti
1167 2547 1334 2604 effigies
1366 2548 1408 2588 in

66 2597 132 2639 his
177 2598 302 2640 terris
342 2601 459 2642 nulla
498 2609 720 2649 cernatur,
764 2619 860 2644 nam
900 2603 1134 2660 cogitando
1173 2611 1337 2646 tantum
1368 2611 1408 2645 et

66 2655 360 2698 ratiocinando
393 2674 441 2700 ea
474 2660 768 2714 assequimur:
801 2667 943 2702 tamen
974 2678 1000 2717 p
1016 2662 1169 2703 uleru
1183 2678 1247 2706 m.
1292 2660 1408 2716 quod
