1687 2969
243 181 321 216 336
795 179 1054 218 PLATONIS

240 287 265 340 ἢ
296 289 436 328 ἄλλων
465 287 720 364 τραυμάτων
750 289 853 338 ζῶν,
895 288 967 329 καὶ
995 291 1228 338 τεθνεῶτος
1256 289 1302 329 τὸ
1333 292 1451 342 σῶμα
1480 288 1592 331 ἔστιν

242 353 346 394 ἰδεῖν
385 359 518 393 ταῦτα
558 350 668 406 ἐᾛχον
706 354 940 406 κατεαγότα
979 368 1021 395 τε
1058 354 1097 394 εἴ
1130 369 1209 394 του
1248 349 1301 407 ἧν
1339 353 1441 408 μέλη
1479 356 1504 409 ἢ
1535 356 1591 397 δι-

242 416 505 472 εστραμμένα
535 420 704 468 ζῶντος,
733 418 805 460 καὶ
832 422 1066 468 τεθνεῶτος
1104 419 1237 460 ταύτὰ
1264 426 1396 461 ταῦτα
1426 418 1591 474 ἔνδηλα.

239 482 300 524 ἑνὶ
328 483 372 525 δὲ
401 484 535 539 λόγῳ
566 479 656 532 οἶος
687 480 795 525 εἶναι
822 486 1136 538 παρεσκεύαστο
1166 487 1214 527 τὸ
1240 488 1364 565 σῶμα
1393 488 1497 537 ζῶν,
1528 484 1591 527 ἔν-

240 550 347 601 δηλα
374 554 510 591 ταῦτα
537 548 607 590 καὶ
635 551 961 603 τελευτήσαντος
1004 551 1029 604 ἢ
1058 552 1196 592 πάντα
1225 551 1250 604 ἢ
1280 551 1330 592 τὰ
1359 552 1493 593 πολλὰ
1523 551 1592 593 ἐπί

239 631 335 656 τινα
362 616 532 669 χρόνον.
573 616 730 655 ταύτὸν
771 616 822 669 δή
861 632 933 669 μοι
970 616 1087 657 δοκεῖ
1124 612 1234 657 τοῦτ’
1276 619 1360 668 ἄρα
1397 617 1591 671 καὶπερὶ

239 679 318 735 τὴν
346 678 490 734 ψυχὴν
519 676 650 728 εἶναιῆ
683 676 715 720 ὦ
748 682 1012 731 Καλλίκλεις·
1055 682 1208 735 ἔνδηλα
1235 686 1374 723 πάντα
1405 681 1517 724 ἐστὶν
1546 682 1592 724 ἐν

239 752 291 800 τῇ
321 753 452 800 ψυχῇ,
483 745 652 787 ἐπειδὰν
674 750 886 800 γυμνωθῇ
916 753 993 788 τοὺ
1023 748 1227 800 σώματος,
1257 749 1309 788 τα’
1335 762 1378 788 τε
1406 755 1479 802 τῆς
1508 749 1588 801 φύ-

239 822 343 861 σεως
384 812 453 853 καὶ
482 811 532 852 τὰ
562 813 796 866 παθήματα
835 814 861 852 ἃ
889 812 958 853 διὰ
998 811 1076 866 τὴν
1106 811 1371 866 ἐπιτήδευσιν
1411 811 1591 856 ἑκάστου

240 879 488 932 πράγματος
516 876 634 931 ἔσχεν
663 877 709 919 ἐν
737 884 787 932 τῇ
817 884 933 931 ψυχῇ
964 878 986 919 ὁ
1016 880 1259 930 ἄνθρωπος.
1284 874 1482 920 Ἐπειδὰν
1511 876 1591 920 οὖν

239 945 478 997 ἀφίκωνται
515 943 629 995 παρὰ
667 944 743 985 τὸν
780 944 1006 997 δικαστήν,
1057 944 1098 984 οἱ
1142 943 1219 997 μὲν
1261 943 1306 985 ἐκ
1345 951 1418 998 τῆς
1442 941 1591 993 Ἀσίας

238 1009 352 1063 παρὰ
380 1010 457 1050 τὸν
478 1004 795 1062 Ῥαδάμανθυν,
826 1009 849 1050 ὁ
871 1004 1171 1060 Ῥαδάμανθυς
1202 1009 1391 1059 ἐκείνους
1427 1009 1590 1065 ἐπιστή-

308 1133 346 1166 C.
394 1131 633 1176 κατεαγότα
666 1146 706 1165 τε
737 1134 780 1165 εἴ
808 1145 879 1164 του
913 1127 974 1176 ἦν]
1023 1132 1196 1165 Eusebius
1221 1133 1327 1165 habet
1351 1131 1371 1176 ἢ
1396 1133 1589 1177 κατεαγότα.

237 1180 377 1212 Rectius
410 1190 444 1210 τε
473 1179 653 1211 Bekkerus
685 1179 816 1211 addidit
848 1190 890 1210 ex
923 1179 1000 1210 Par.
1032 1179 1072 1210 V.
1120 1179 1211 1211 Dein
1243 1178 1329 1221 μέρη
1361 1180 1440 1211 Ald.
1473 1180 1588 1222 Steph.

239 1236 317 1257 cum
341 1225 418 1256 Par.
442 1225 517 1256 EF.

307 1271 553 1303 τεθνεῶτος
579 1267 706 1301 ταύτὰ
731 1272 857 1301 ταῦτα
882 1268 1061 1312 ἔνδηλα]
1087 1269 1164 1302 Hoc
1188 1269 1265 1301 dedi
1289 1280 1332 1301 ex
1357 1281 1424 1302 uno
1443 1270 1535 1302 Flor.
1555 1281 1588 1302 x.

237 1316 395 1348 Ficinus:
452 1315 597 1347 eadem
637 1315 743 1346 haec
778 1320 1000 1356 apparent.
1047 1315 1087 1346 In
1126 1315 1247 1347 ceteris
1287 1315 1385 1347 libris
1431 1316 1589 1347 omnibus

239 1359 340 1393 ταύτὰ
365 1362 539 1392 omissum.
578 1361 680 1401 Apud
703 1361 891 1392 Eusebium
916 1360 1040 1391 desunt
1062 1360 1169 1391 verba
1193 1364 1295 1392 ταῦτα
1320 1360 1453 1400 ἔνδηλα.

307 1408 349 1438 D.
390 1404 409 1447 ἢ
442 1403 638 1449 πανταχῆ
672 1403 711 1436 τὰ
749 1403 899 1448 πολλὰ]
949 1405 1004 1436 Sic
1037 1405 1159 1446 scripsi
1189 1405 1230 1436 de
1261 1406 1456 1437 coniectura
1486 1405 1590 1437 Find-

239 1453 359 1484 eisenii
382 1463 443 1493 pro
468 1451 562 1491 vulg.
587 1450 631 1493 ἡι
657 1450 782 1487 πάντα,
809 1451 900 1491 quod
923 1461 1024 1482 nemo
1050 1451 1230 1492 quisquam
1255 1450 1415 1482 tuebitur.
1463 1451 1507 1482 Et
1530 1451 1591 1482 ha-

238 1497 322 1529 bent
345 1498 447 1529 etiam
471 1497 647 1538 superiora
676 1497 712 1527 in
738 1496 879 1537 apodosi
911 1506 1043 1537 semper
1066 1506 1228 1537 praesens
1253 1500 1403 1537 tempus,
1436 1506 1504 1527 non
1528 1496 1590 1526 im-

237 1543 435 1585 perfectum.
483 1542 646 1573 Defendit
675 1546 790 1573 tamen
821 1552 962 1583 pravam
995 1541 1198 1583 scripturam
1235 1542 1354 1573 Astius
1393 1541 1587 1583 explicans:

238 1590 303 1620 ita
328 1592 427 1620 sunt
450 1592 497 1619 ut
521 1591 654 1619 erant.
703 1586 803 1627 Quod
827 1597 1033 1618 memorasse
1058 1587 1142 1618 satis
1167 1590 1226 1618 est.

305 1635 345 1666 E.
386 1631 498 1672 παρὰ
531 1630 603 1664 τὸν
633 1630 966 1675 Ῥαδάμανθυν]
998 1633 1082 1663 Post
1117 1632 1201 1664 haec
1233 1633 1310 1663 Par.
1334 1631 1374 1662 V.
1406 1630 1518 1662 addit:
1554 1630 1590 1662 οἱ

240 1677 268 1711 δ’
295 1678 333 1711 ἐκ
358 1682 413 1721 τῆς
439 1676 620 1720 Εὐρώπης
646 1675 738 1717 παρὰ
764 1677 824 1708 τὸν
851 1677 998 1709 Αἰακόν.
1037 1677 1137 1717 Quod
1160 1677 1224 1708 etsi
1248 1677 1391 1718 scriptor
1413 1677 1447 1708 in
1474 1677 1588 1708 animo

237 1724 376 1765 habuit,
406 1729 523 1756 tamen
554 1735 624 1756 non
656 1723 850 1755 addendum
882 1734 957 1755 esse
992 1725 1075 1755 satis
1109 1722 1233 1755 docent
1257 1733 1343 1764 quae
1367 1721 1489 1754 deinde
1513 1733 1590 1754 nar-

238 1776 366 1803 rantur.

239 1873 421 1914 fliguntur,
454 1874 493 1902 ut
523 1870 702 1902 cicatrices
735 1873 813 1911 post
845 1880 881 1901 se

238 1918 446 1959 relinquant.
513 1915 623 1958 Igitur
669 1915 787 1955 Plato,
844 1916 880 1947 si

239 1963 355 2004 quis,
393 1961 522 2004 inquit,
568 1960 750 1993 verbero
794 1960 880 1992 fuit

238 2008 482 2049 habuitque
507 2008 550 2038 in
569 2016 749 2048 corpore
775 2006 879 2037 cica-

239 2054 373 2085 trices
399 2056 479 2094 (non
506 2062 590 2085 casu
605 2056 765 2093 acceptas
787 2051 878 2091 illas,

239 2110 309 2131 non
344 2099 525 2138 honestas,
570 2097 642 2138 sed)
691 2097 767 2138 ἵχνη
812 2099 880 2128 τῶν

239 2146 378 2187 πληγῶν
402 2157 430 2178 κ.
457 2156 482 2175 τ.
506 2145 532 2178 λ,
580 2144 734 2181 Poterat,
760 2142 878 2181 fateor,

239 2191 393 2222 omittere
425 2190 503 2231 ι”χνη
538 2192 606 2220 τῶν
631 2189 787 2230 πληγῶν,
819 2187 878 2219 sed

238 2235 378 2276 addidit,
403 2246 470 2277 quo
494 2234 661 2266 illustrior
683 2238 773 2265 esset
789 2243 879 2264 com-

237 2282 370 2323 paratio
403 2280 554 2322 corporis
578 2279 755 2311 verberum
789 2279 879 2310 cica-

996 1871 1040 1902 D.
1065 1867 1158 1903 οἶος
1191 1864 1312 1901 εἶναι
1345 1879 1519 1908 παρεσκ.
1546 1866 1588 1900 τὸ

953 1919 1068 1954 στῦμα
1094 1914 1141 1957 ζ]
1189 1915 1286 1946 Haec
1310 1913 1486 1959 iungenda
1510 1918 1590 1945 sunt

948 1962 1017 1992 sic:
1044 1957 1121 1994 οἷος
1146 1957 1181 1991 τὸ
1208 1970 1304 1998 σωμα
1328 1960 1420 1990 εἰναι
1444 1969 1587 1999 παρεσκ.

949 2007 977 2047 ζ.
988 2005 1086 2037 -ἑι
1098 2005 1107 2035 ὶ
1142 2004 1272 2047 λόγω,
1308 2009 1354 2036 ut
1376 2005 1508 2036 verbo
1533 2004 1588 2036 di-

948 2063 1053 2090 cam,
1090 2051 1290 2091 denique.
1345 2049 1518 2082 Phaedon.
1554 2060 1586 2091 p.

948 2096 1001 2130 65.
1027 2098 1080 2128 D:
1107 2097 1160 2128 καὶ
1188 2096 1256 2128 τῶν
1281 2093 1392 2127 ἄλλων
1418 2094 1471 2127 ἑνὶ
1497 2093 1586 2137 λόγῳ

948 2140 1123 2174 ἁπάντων.
1185 2142 1238 2173 De
1268 2142 1348 2182 Rep.
1375 2141 1416 2172 V.
1446 2151 1476 2182 p.
1510 2139 1586 2172 474.

948 2188 985 2220 C.
1018 2187 1095 2219 XII.
1128 2198 1159 2229 p.
1191 2185 1267 2219 571.
1300 2187 1343 2217 D.
1407 2186 1587 2217 Barnes.

948 2233 991 2265 ad
1022 2233 1139 2274 Eurip.
1171 2232 1274 2264 Herc.
1308 2232 1387 2262 Fur.
1419 2241 1451 2261 v.
1489 2229 1588 2262 1391.

948 2280 1145 2311 Pierson.
1177 2276 1363 2308 Verisimil.
1393 2285 1424 2317 p.
1451 2274 1525 2308 181.
1543 2294 1587 2299 -—

238 2327 381 2359 tricibus
419 2325 576 2368 stigmosi
614 2335 692 2356 cum
730 2324 879 2356 hominis

238 2383 387 2413 nequam
403 2372 527 2410 animo,
547 2371 603 2402 cui
619 2370 693 2401 vita
708 2370 880 2411 flagitiosa

238 2422 411 2458 tamquam
427 2420 527 2448 notas
545 2419 622 2457 post
636 2420 778 2446 mortem
799 2425 878 2446 eon-

239 2463 377 2504 spicuas
401 2461 557 2493 inussit.''
580 2462 632 2492 De
657 2460 879 2502 significatio-

241 2519 284 2539 ne
308 2519 340 2539 v.
355 2504 415 2539 οὐλ
420 2506 572 2549 ήειηᾶὶἃε
596 2505 879 2537 Eustathium

238 2553 281 2585 ad
305 2553 405 2585 Iliad.
431 2550 470 2584 δ’.
496 2562 528 2594 p.
552 2550 629 2583 455
655 2551 706 2582 ed.
730 2551 876 2582 Rom.-
839 2564 876 2568 --

239 2610 270 2653 p.
284 2597 362 2631 364.
375 2598 489 2652 Lips.·
517 2595 677 2635 διαφέρει
692 2595 731 2628 δὲ
748 2593 879 2637 οὐλῆς

240 2641 379 2697 ωτειλή,
413 2642 475 2674 ὅτι
512 2639 661 2696 ωτειλὴ
698 2641 763 2680 μὲν
795 2638 880 2673 αὐτὸ

241 2686 276 2720 τὸ
316 2691 468 2729 τραῦμα,
507 2699 525 2719 ο
539 2684 616 2729 ὐλὴ
657 2686 695 2718 δὲ
729 2685 826 2720 τύλος
860 2684 880 2728 ἢ

240 2733 344 2767 τύπος
370 2732 660 2775 θεραπευθέντος
680 2743 764 2772 τραι
767 2743 882 2770 uaros.

947 2323 1080 2356 Deinde
1101 2324 1136 2354 in
1159 2323 1230 2354 his:
1256 2321 1382 2361 ε’ἰδηλα
1405 2324 1508 2352 ταῦτα
1531 2320 1586 2353 καὶ

949 2371 1022 2405 zei„
1047 2378 1234 2410 pronomen
1259 2370 1360 2398 ταῦτα
1375 2367 1522 2407 ponitur,
1547 2376 1588 2398 ac

948 2415 978 2447 si
1002 2415 1166 2455 scriptum
1191 2417 1297 2444 esset:
1322 2409 1343 2442 α’
1368 2423 1414 2445 τις
1440 2415 1500 2443 τοῦ
1521 2410 1587 2443 σώ-

947 2471 1050 2498 ματος
1078 2463 1200 2500 σημεῖα
1230 2457 1284 2489 καὶ
1313 2455 1496 2499 παθήματα
1519 2452 1588 2498 εἶχε

949 2507 1036 2545 ζεῦ-ν,
1071 2514 1162 2549 quae
1180 2503 1351 2535 sententia
1374 2503 1492 2534 subest
1514 2512 1588 2533 ver-

948 2550 1000 2581 bis
1026 2546 1101 2582 οἶος
1125 2560 1215 2580 ειναι
1241 2560 1274 2580 π.
1300 2547 1336 2581 τὸ
1363 2551 1458 2586 σῶμα
1482 2548 1563 2588 ζων.

994 2593 1040 2626 τά
1071 2606 1109 2626 τε
1134 2606 1159 2626 τ.
1192 2592 1367 2634 φύσεως
1391 2592 1455 2634 -]
1489 2594 1533 2624 H.
1558 2597 1586 2623 e.

949 2644 989 2673 et
1041 2650 1148 2681 quae
1202 2650 1222 2671 a
1264 2643 1417 2670 natura
1471 2648 1586 2670 acce-

948 2686 1012 2728 pit
1036 2689 1076 2716 et
1100 2694 1384 2726 quaecunque
1415 2684 1452 2714 ei
1476 2683 1588 2714 acci—

949 2731 1112 2763 derunt
1158 2740 1221 2770 eo,
1276 2728 1388 2771 quod
1441 2728 1586 2760 studio
