1687 2969
734 122 773 125 —
844 102 1035 142 LXXXVIII
1095 122 1137 127 -

268 224 310 259 et
357 222 510 258 natura
554 231 604 257 eo
644 214 772 257 modo
815 216 1054 272 aperiatur,
1096 220 1143 254 ut
1185 228 1278 254 eam
1316 228 1443 254 unam
1486 226 1609 269 prae-

268 273 572 316 stantissimam
593 278 636 313 et
664 272 932 329 intelligendi
953 278 1082 326 atque
1114 269 1335 311 iudicandi
1366 277 1407 311 et
1438 268 1609 311 dicendi

268 329 538 384 docendique
568 329 879 371 auxiliatricem
908 338 1037 382 atque
1068 330 1318 382 magistram
1350 342 1444 368 esse
1476 341 1609 382 appa-

267 393 361 428 reat
396 386 581 441 ideoque
623 386 749 428 etiam
792 401 887 427 cum
936 400 1079 426 amore
1127 383 1273 425 divino
1321 382 1609 425 indissolubili

266 443 439 485 vinculo
480 458 632 484 nexam
675 449 803 497 atque
834 442 1090 497 copulatann
1152 440 1265 482 Nam
1295 439 1411 493 quod
1446 446 1610 480 amator

248 499 552 555 >philosophus
593 499 720 540 unice
750 499 830 540 sibi
869 502 1044 554 expetit,
1077 497 1192 538 idem
1223 496 1352 538 etiam
1385 495 1611 537 dialectica

266 557 397 598 habet
425 556 715 612 propositum,
749 567 857 610 quae
890 555 934 596 id
965 570 1096 595 unum
1126 553 1307 594 maxime
1339 551 1486 594 studet
1516 552 1611 593 elfi-

266 627 377 667 cere,
407 619 456 654 ut
487 612 749 667 quaerendo,
772 610 1043 664 disserendo,
1077 608 1380 665 colloquendo,
1414 608 1610 650 docendo

267 669 453 724 denique
497 670 541 710 in
591 669 743 709 animis
794 668 1131 722 colloquentium
1183 667 1377 708 veritatis
1429 666 1612 707 scientia

266 732 395 780 atque
434 726 622 782 cognitio
662 732 871 781 perpetuo
920 725 1145 781 gignatur,
1202 729 1432 779 augeatur,
1483 728 1611 777 atque

264 789 552 839 propagetur,
596 782 723 823 sicuti
765 782 970 838 imprimis
1013 782 1142 822 etiam
1182 779 1363 821 docetur
1405 779 1606 835 Sympos.

266 856 308 895 p.
341 841 436 881 204.
459 858 511 869 -·-
531 840 625 880 209·
658 838 715 880 Ι).
774 838 929 893 Itaque
961 844 1113 893 sponte
1144 836 1423 892 intelligitur,
1455 836 1499 877 in
1530 835 1611 877 hac

266 910 440 950 quoque
491 895 699 937 sermonis
753 900 874 950 parte
924 893 1226 950 philosophiae
1274 893 1438 948 pariter
1481 898 1611 946 atque

265 951 506 994 rhetoricae
527 951 717 993 habitam
743 967 838 992 esse
867 952 1094 1004 rationem,
1125 949 1256 1005 idque
1289 964 1339 990 eo
1369 947 1523 1002 modo,
1562 955 1611 990 ut

263 1008 566 1065 philosophiae
618 1008 819 1064 princeps
879 1008 1002 1049 locus
1059 1020 1293 1049 concessus
1354 1006 1421 1047 sit.
1495 1005 1611 1047 Nam

265 1065 434 1107 etiamsi
490 1065 628 1121 prima
680 1066 848 1121 specie,
913 1066 1049 1106 forma
1098 1063 1259 1119 dialogi
1314 1069 1443 1117 atque
1495 1073 1611 1104 com-

263 1122 478 1178 positione
518 1121 812 1175 considerata,
845 1120 890 1162 id
920 1137 1053 1162 unum
1082 1120 1266 1162 maxime
1296 1119 1366 1175 agi
1396 1118 1609 1171 videatur,

263 1184 312 1220 ut
345 1179 581 1223 rhetorices
622 1179 778 1220 inertia
817 1186 858 1220 et
887 1178 1059 1220 inscitia
1090 1182 1319 1233 arguatur,
1361 1182 1505 1217 tamen
1537 1176 1611 1229 qui

262 1252 405 1277 rerum
443 1241 726 1277 tractatarum
767 1234 1023 1291 dignitatem
1066 1241 1196 1289 atque
1237 1233 1490 1288 gravitatem
1521 1248 1612 1274 mo-

263 1293 420 1334 mentis
453 1293 541 1334 suis
573 1291 907 1348 ponderaverint
938 1290 1196 1343 accuratius,
1229 1290 1258 1330 ii
1291 1295 1406 1331 certe
1438 1289 1611 1330 minime

263 1349 541 1402 dubitabunt,
572 1350 677 1403 quin
711 1348 994 1404 disputationi
1027 1347 1079 1388 de
1110 1345 1363 1388 dialecticae
1390 1346 1433 1387 vi
1464 1351 1505 1387 et
1535 1361 1611 1386 naa

260 1412 358 1447 tura
387 1413 606 1461 tamquam
637 1405 799 1460 primae
830 1404 1084 1447 tribuendae
1115 1404 1214 1445 sint.

376 1463 670 1518 Exposuimus
709 1461 883 1503 tandem
931 1461 984 1502 de
1033 1460 1200 1502 duabus
1247 1459 1346 1501 libri
1398 1458 1609 1514 partibus,

262 1519 377 1561 unde
415 1526 554 1561 totum
584 1519 720 1574 ipsius
752 1534 932 1574 corpus,
965 1518 1040 1560 ubi
1071 1534 1095 1559 a
1125 1517 1296 1559 scenico
1329 1516 1420 1557 eius
1452 1521 1607 1556 ornatu

262 1576 603 1629 discesserimus,
636 1576 920 1630 compositum
951 1586 994 1616 et
1012 1574 1246 1616 confla-tum
1265 1579 1343 1615 est.
1405 1571 1504 1625 Quo
1535 1587 1608 1613 nea

261 1633 380 1690 gotio
412 1639 589 1689 peracto
621 1633 816 1687 sequitur
837 1646 967 1684 nunc,
999 1638 1048 1672 ut
1079 1630 1132 1672 de
1153 1631 1342 1672 universi
1360 1629 1459 1671 libri
1481 1644 1610 1684 argu-

260 1695 405 1731 mento
448 1696 490 1731 et
528 1705 693 1731 summo
734 1688 913 1731 consilio
953 1688 1142 1731 breviter
1179 1686 1395 1729 sententia
1432 1684 1610 1727 ferenda

262 1747 329 1791 sit.
390 1745 521 1799 Quod
561 1745 734 1801 quidem
764 1746 849 1786 iam
889 1746 1111 1799 aliquanto
1143 1744 1277 1785 tutius
1308 1743 1401 1783 fieri
1428 1743 1605 1797 poterit,

262 1816 389 1858 quam
421 1818 552 1858 supra
583 1819 607 1843 a
636 1802 761 1844 nobis
792 1802 952 1843 factum
985 1808 1072 1854 est,
1106 1816 1190 1855 quo
1222 1800 1317 1841 loco
1351 1798 1455 1853 quid
1487 1799 1610 1841 nobis

260 1859 495 1912 videretur,
529 1866 747 1912 tamquam
762 1857 1222 1914 praesignificavimus,
1257 1852 1609 1910 quandoquidem

263 1916 508 1958 accuratius
557 1930 672 1958 nunc
720 1915 938 1969 cognitam
985 1914 1193 1955 habemus
1252 1912 1508 1954 sententiam
1560 1927 1610 1953 ac

263 1979 449 2015 mentem
488 1972 738 2028 philosophi
779 1973 822 2013 in
863 1971 1044 2027 singulis
1084 1969 1294 2012 sermonis
1326 1969 1432 2010 locis
1463 1968 1610 2024 prodi·-

261 2036 361 2071 tam.
428 2029 714 2084 Exploratum
756 2035 897 2070 autem
937 2030 1022 2070 iam
1064 2027 1293 2080 habemus,
1335 2025 1388 2067 de
1419 2025 1610 2081 philoso-

262 2087 389 2143 phiae
420 2085 617 2128 doctrina
648 2093 688 2127 et
718 2086 882 2127 ratione
915 2086 951 2127 si
982 2085 1214 2140 quaeritur,
1246 2083 1290 2124 in
1321 2083 1465 2138 priore
1489 2088 1610 2137 parte

264 2143 410 2199 operis
441 2142 739 2199 philosoph
755 2158 834 2183 um
865 2158 1094 2183 amorem
1123 2147 1344 2194 tamquam
1373 2139 1610 2180 naturalem

263 2199 501 2254 quemdam
543 2200 669 2240 animi
708 2199 881 2240 humani
922 2199 1159 2255 appetitum
1190 2204 1318 2251 atque
1348 2202 1511 2236 motum
1546 2195 1610 2236 di-

260 2257 472 2298 viniorem
500 2257 734 2310 informari,
769 2272 853 2311 quo
875 2256 1069 2297 homines
1095 2254 1240 2295 nativa
1271 2252 1325 2293 ad
1356 2252 1611 2307 sapientiam

261 2313 406 2355 indole
445 2313 630 2369 praediti
667 2326 804 2367 usque
857 2312 911 2353 ad
963 2313 1156 2353 idearum
1204 2309 1610 2364 contemplationem

263 2385 359 2411 cum
397 2370 588 2424 ipsarum
637 2369 1018 2425 comprehensione
1065 2368 1337 2410 coniunctam
1389 2366 1611 2421 rapiantur

263 2432 392 2480 atque
431 2426 746 2481 perducantur,
788 2439 923 2481 eoque
965 2426 1092 2467 etiam
1123 2430 1267 2480 spreta
1310 2428 1352 2463 et
1393 2427 1610 2464 contemta

263 2483 377 2523 vitae
425 2483 613 2538 vulgaris
654 2483 892 2524 humilitate
943 2482 998 2524 ad
1042 2481 1229 2523 nobilem
1271 2493 1608 2533 generosamque

263 2539 476 2580 sentiendi
504 2545 633 2593 atque
654 2540 875 2596 cogitandi
905 2536 1174 2581 altitudinem
1196 2534 1459 2578 attollantur.
1518 2535 1608 2575 Ex-

264 2596 479 2652 ploratum
509 2595 612 2636 item
643 2596 864 2650 habemus,
907 2597 950 2638 in
980 2595 1220 2652 posteriore
1254 2593 1351 2635 libri
1381 2598 1501 2648 parte
1532 2591 1607 2632 de-

263 2652 391 2694 scribi
423 2651 784 2696 dialecticam
813 2660 1029 2709 tamquam
1052 2652 1224 2694 unicam
1254 2649 1448 2692 veritat-is
1470 2656 1607 2689 aeter—
