1687 2969
179 121 226 156 19
234 122 254 155 8
721 118 980 155 PLATONIS

175 225 278 276 ὅπεο
317 225 385 265 καὶ
414 227 586 271 κάκιον
626 227 672 266 τὸ
711 226 974 266 ἀδικεῖσθαι.
1016 225 1134 279 νόμῳ
1173 224 1217 265 δὲ
1256 226 1302 265 τὸ
1346 224 1517 265 ἀδικεῖν.

177 289 275 330 οὐδὲ
304 306 385 343 γαρ
413 291 568 341 (ἒνὸοὸς
606 290 732 331 τουτό
771 292 809 342 γ’
849 288 934 331 ἐστὶ
970 290 1016 330 τὸ
1044 291 1247 343 πάθημα,
1284 289 1331 330 τὸ
1369 289 1519 330 ἀδικεῖ-

177 358 290 405 σθαι,
329 352 413 396 ἀλλ’
444 355 718 407 ἀνδραπόδου
747 355 882 403 τινός
923 355 956 408 ᾡ
985 355 1176 406 κρεῖττόν
1204 352 1290 394 ἐστι
1316 354 1521 394 τεθνάναι

179 419 201 472 ἢ
242 422 344 473 ζῆν,
402 419 510 468 ὅςτις
562 420 841 473 ἀδικούμενος
879 419 949 460 καὶ
1000 419 1416 473 προπιῄακιζόμενος
1463 417 1519 472 μὴ

178 480 311 533 οἷόςτε
342 483 454 526 ἐστὶν
483 484 611 534 αὐτὸς
641 485 753 537 (ιὺτῴ
784 486 973 538 βοηθεῖν
1004 483 1106 538 ιιηδε
1130 487 1256 538 ἄλλῳ,
1287 485 1339 524 οὑ
1367 483 1422 524 ἂν
1449 485 1520 537 κή-

176 550 309 602 δηται.
339 544 439 598 ἀλλ’,
471 546 601 604 οἶμαι,
632 551 674 591 οἱ
700 547 911 602 τιθέιιενοι
938 564 1039 597 τους
1067 549 1229 601 νόμους
1258 565 1297 589 οι
1325 549 1522 596 ἀσθενεῖς

175 615 402 666 ἄνθρωποί
441 615 517 655 εἰσι
545 616 613 656 καὶ
644 615 686 655 οῖ
722 615 882 656 πολλοί.
922 614 1027 666 πρὸς
1064 613 1220 661 αὐτοὺς
1258 610 1338 655 οὖν
1375 613 1447 654 καὶ
1473 615 1520 654 τὸ

176 679 322 727 αὐτοῖς
351 679 573 733 συμφέρον
601 680 701 727 τούς
728 694 770 720 τε
800 681 960 732 νόμους
978 679 1166 720 τίθενται
1196 679 1266 719 καὶ
1287 679 1387 728 τοὺς
1408 678 1521 720 ἐπαί-

176 760 282 792 νους
311 743 532 786 ἐπαινοῦσι
560 744 629 786 καὶ
657 744 756 793 τοὺς
787 745 950 797 ψόγους
979 741 1202 797 ψέγουσιν·
1234 742 1522 797 ἐκφοβοῦντες

175 809 276 858 τοὺς
303 807 688 863 ἐῤῥωμενεστέρους
728 812 814 850 τῶν
844 809 1089 862 ἀνθρώπων
1119 808 1185 849 καὶ
1216 809 1426 858 δυνατοὺς
1453 811 1522 850 ὄν-

244 950 282 980 Β.
332 948 421 981 ἐστι
457 948 693 992 τεθνάναι]
742 950 782 982 V.
813 950 951 981 inverso
985 949 1104 981 ordine
1134 948 1301 981 τεθνάναι
1332 949 1442 986 ἐστίν,
1473 959 1523 981 re-

177 994 390 1026 luctantibus
416 995 531 1027 Clark.
564 996 641 1027 Vat.
673 996 759 1027 Ven.
794 995 864 1027 ΞΣ.
892 995 993 1026 Vind.
1023 994 1054 1027 2.
1087 994 1116 1027 6.
1143 994 1172 1027 7.
1206 996 1282 1026 Par.
1308 995 1349 1026 V.
1373 994 1464 1026 Flor.
1488 1005 1521 1026 x.

245 1040 282 1071 C.
310 1039 480 1081 ἑκᾳοβο
495 1044 618 1073 ῦντες
644 1039 752 1083 τοὺς]
780 1052 812 1071 τε
828 1040 932 1082 vulgo
953 1045 1030 1082 post
1055 1039 1290 1082 gncpossofirzes
1315 1040 1523 1071 inculcatum

177 1095 241 1115 om.
267 1085 383 1116 Clark.
407 1085 483 1116 Vat.
509 1085 609 1116 vind.
636 1084 664 1116 1.
692 1085 721 1119 6.
749 1087 822 1117 Par.
848 1086 1020 1117 BCEFI.
1046 1085 1137 1117 Flor.
1163 1097 1192 1117 a.
1212 1086 1243 1116 b.
1260 1096 1287 1117 c.
1308 1085 1329 1116 f.
1344 1097 1387 1116 m.
1403 1096 1430 1115 o.
1447 1096 1472 1118 s.
1489 1096 1522 1116 x.

176 1129 273 1162 Bodl.
305 1131 444 1162 Meerm.
492 1130 711 1162 Findeisenio
744 1130 870 1162 vocula
902 1130 1104 1162 collocanda
1134 1130 1315 1162 videbatur
1345 1137 1421 1171 post
1454 1133 1522 1161 τῶν

176 1172 392 1214 ἀνθρώπων.
447 1176 519 1207 Imo
552 1186 590 1207 ea
623 1177 762 1207 omnino
793 1175 978 1207 omittenda
1009 1176 1092 1215 fuit,
1131 1175 1407 1218 quandoquidem
1438 1175 1523 1207 haec

177 1220 456 1261 praecedentium
480 1222 661 1253 verborum
685 1221 908 1253 illustrationi
932 1221 1134 1261 inserviunt,
1160 1220 1301 1263 perinde
1326 1231 1364 1252 ac
1389 1221 1418 1252 si
1442 1221 1523 1252 scri-

176 1273 271 1307 ptum
295 1267 445 1308 legatur:
471 1265 710 1307 ἑκαοβοῦντες
734 1264 812 1309 γὰρ
840 1264 918 1299 τοὺς
943 1263 1036 1307 ἐῤῥ.,
1061 1270 1099 1297 ut
1123 1277 1239 1298 rursus
1262 1266 1376 1297 locum
1399 1267 1523 1297 habeat

176 1311 345 1352 appositio
369 1311 432 1342 illa
455 1312 578 1353 integri
604 1312 773 1343 enuntiati
798 1312 898 1342 toties
923 1322 941 1342 a
966 1311 1090 1343 criticis
1115 1316 1149 1343 et
1171 1311 1404 1353 grammaticis
1434 1311 1524 1343 male

176 1356 346 1398 neglecta.
384 1356 492 1398 Igitur
517 1361 595 1388 ante
621 1356 858 1398 5'ntsossoff1vt53
883 1357 917 1387 in
942 1356 1057 1388 locum
1082 1357 1260 1388 commatis
1284 1355 1523 1388 substituimus

177 1402 277 1433 colon
302 1401 393 1443 quod
417 1401 551 1433 dicitur.

246 1445 265 1488 ἡ
297 1446 340 1478 δέ
364 1458 428 1489 γε,
455 1442 591 1485 οἶμαι,
621 1445 771 1489 φίσις]

177 1579 279 1610 quam
315 1569 387 1610 pati
422 1579 491 1600 non
530 1568 630 1600 modo
670 1569 812 1610 turpius,

177 1614 236 1645 sed
262 1614 365 1645 etiam
389 1614 486 1655 peius
508 1625 582 1646 esse
598 1614 816 1646 iudicaretur.

178 1660 229 1691 Ita
254 1659 345 1691 clara
369 1660 484 1691 omnia
520 1664 600 1691 sunt
624 1666 656 1690 et
689 1659 816 1701 perspi-

178 1715 240 1735 cua
263 1715 374 1746 neque
398 1715 483 1746 opus
519 1709 586 1744 est,
621 1710 657 1736 ut
681 1705 737 1736 vel
763 1705 817 1735 lit-

177 1749 321 1781 terulam
367 1749 443 1781 loco
498 1760 558 1781 suo
606 1760 815 1783 moveamus.

177 1795 280 1826 Secus
304 1799 417 1826 tamen
442 1795 570 1826 Astio
596 1795 725 1833 visum,
758 1795 816 1835 qui

177 1840 314 1871 Platoni
356 1844 469 1871 censet
504 1840 570 1871 hoc
610 1851 682 1871 esse
721 1840 816 1871 resti-

176 1884 356 1916 tuendum:
390 1883 513 1916 Hw'kov
539 1882 574 1916 τὸ
600 1882 680 1916 κατὰ
707 1883 816 1925 quom*

177 1930 311 1970 αἴσχιον
344 1929 500 1972 λεγοντος
535 1928 576 1961 σὺ
611 1928 670 1961 τὸν
710 1928 816 1967 νόμοι·

179 1973 379 2008 ἐδιώκαθες.
416 1973 519 2014 φύσει
557 1973 622 2016 γὰρ
664 1987 691 2006 κ.
726 1987 749 2005 τ.
787 1975 812 2005 λ.

178 2021 349 2061 Deinceps
383 2017 416 2051 τὸ
441 2017 638 2051 ἀδικεῖσθαι
671 2020 816 2062 pertinet

178 2064 219 2096 ad
243 2075 478 2107 praegressum
500 2068 569 2096 πᾶν
593 2075 701 2106 neque
731 2075 815 2106 opus

177 2114 238 2148 est,
263 2115 300 2141 ut
327 2114 404 2141 ante
431 2108 465 2141 τὸ
491 2108 690 2142 ἀδικεῖσθαι
714 2111 816 2141 inter-

177 2160 322 2195 ponatur
346 2152 432 2186 οἷον.
486 2156 676 2187 Haeremus
701 2160 814 2186 tamen

176 2200 211 2230 in
244 2201 309 2231 isto
343 2203 427 2236 πᾶν,
469 2200 556 2241 quod
594 2200 671 2231 vide
703 2211 747 2231 an
779 2200 815 2230 in

177 2247 282 2275 πᾶσιν
306 2244 504 2276 mutandum
531 2246 583 2278 sit.
627 2245 721 2276 Idem
747 2245 816 2286 Sy-

177 2288 339 2321 braudo
375 2291 411 2321 in
436 2294 583 2322 mentem
609 2291 742 2322 venisse
767 2290 815 2320 vi-

177 2334 303 2367 demus,
346 2335 589 2376 NVag-nerus
615 2336 701 2368 coni.
729 2333 814 2366 :rost--

177 2390 249 2411 τως.
299 2380 455 2410 Ceterum
493 2381 607 2411 inanis
647 2387 697 2411 est
736 2390 815 2411 con—

176 2424 306 2455 iectura
330 2423 524 2456 Dobraei
556 2425 738 2458 Adversar.
774 2426 813 2458 T.

176 2468 202 2499 Ι.
234 2479 265 2510 p.
302 2467 376 2501 1233.
401 2470 504 2500 verba
538 2468 573 2501 τὸ
605 2467 813 2506 ἀδικεῖσθαι,

179 2512 271 2555 νόμῳ
306 2513 343 2545 δὲ
376 2512 409 2544 τὸ
445 2512 577 2545 ἀδικεῖν
612 2514 814 2546 eiiciendum

176 2559 341 2600 putantis.

220 2604 257 2636 B.
285 2601 391 2635 οὐδὲ
423 2601 502 2645 γὰρ
529 2602 698 2644 ἀνδρὸς
724 2607 813 2635 τοῦ·

178 2646 221 2679 τά
246 2646 287 2691 γ’]
315 2649 369 2680 Sic
395 2650 515 2690 Meno,
543 2650 690 2692 Gorgiae
714 2649 814 2680 disci-

820 1447 958 1478 Meerm.
984 1444 1004 1488 ἡ
1031 1445 1067 1477 δέ
1092 1458 1130 1489 γε
1158 1445 1279 1485 φύσις,
1305 1441 1409 1485 οἶμαι.
1458 1446 1524 1478 Sed

882 1568 995 1610 pulus,
1019 1569 1055 1600 in
1080 1567 1167 1600 libro
1189 1568 1391 1610 cognomine
1418 1579 1448 1623 p.
1471 1567 1524 1600 71.

885 1615 932 1645 E:
958 1613 1006 1645 ὅτι
1031 1613 1115 1656 αὕτη
1142 1613 1238 1645 ἐστὶι
1253 1611 1383 1654 ἀιδοός
1409 1611 1525 1656 ἀρετή,

887 1657 1009 1690 ἱκανὼ
1034 1663 1124 1692 εἰιαι
1141 1657 1178 1690 τὰ
1195 1662 1250 1701 τῆς
1269 1657 1399 1692 πόλεως
1419 1657 1523 1699 πράτ-

887 1715 956 1736 τειι·
1002 1705 1056 1736 καὶ
1098 1703 1288 1743 ποάττοιτα
1334 1701 1413 1738 τοὺς
1463 1704 1525 1742 μὲν

886 1750 1010 1789 φιἭλοις
1065 1743 1104 1780 εἶ
1165 1754 1294 1785 ποιεῖτ’,
1354 1749 1432 1782 τοίς
1495 1746 1524 1780 δ’

886 1793 1038 1835 ἑχθοοίς
1065 1806 1175 1827 κακως
1213 1795 1268 1825 καὶ
1294 1791 1401 1826 αυτὸτ
1425 1791 1523 1825 51').·a

885 1840 1028 1880 βεῖσθαι
1065 1838 1174 1881 μηδὲν
1199 1841 1354 1870 τοιοῦτον
1379 1840 1521 1875 παθεῖν,

885 1884 946 1915 ubi
970 1895 1000 1917 v.
1027 1888 1142 1915 annot.
1203 1884 1261 1916 Ait
1291 1884 1396 1926 igitur
1421 1884 1524 1916 Calli-

885 1930 955 1961 cles
980 1940 1048 1960 non
1080 1940 1154 1960 esse
1178 1929 1242 1960 viri
1274 1929 1418 1960 iniurias
1441 1930 1524 1971 pati,

885 1975 944 2006 sed
968 1974 1068 2013 servi,
1093 1974 1149 2006 cui
1173 1974 1257 2005 mori
1282 1985 1385 2015 quam
1408 1974 1525 2006 vivere

885 2021 993 2051 satius
1019 2020 1082 2058 sit,
1116 2019 1197 2060 quia
1229 2029 1292 2050 nec
1318 2020 1384 2051 sibi
1407 2019 1522 2051 illatas

884 2065 1028 2096 iniurias
1061 2064 1357 2105 contumeliasque
1388 2064 1524 2106 propul-

884 2121 958 2142 saie
983 2110 1090 2151 possit
1113 2120 1176 2141 nec
1202 2110 1272 2141 suis
1297 2108 1467 2150 opitulari.

929 2154 972 2186 οἱ
997 2153 1173 2193 τιθειιει
1184 2166 1220 2185 οι
1246 2166 1270 2185 τ.
1297 2153 1339 2196 ⁷.]
1372 2153 1522 2186 Eaedem

885 2200 1113 2241 sophistarum
1147 2199 1325 2240 opiniones
1348 2199 1523 2230 illustr-an

884 2250 938 2276 tur
978 2246 1031 2276 Dc
1062 2243 1206 2285 Republ.
1244 2243 1264 2276 I.
1300 2254 1332 2285 p.
1373 2242 1450 2278 338.
1483 2245 1522 2276 E.

884 2290 926 2323 ΙΙ.
963 2300 992 2330 p.
1017 2288 1094 2322 358.
1126 2289 1165 2320 E.
1199 2299 1290 2329 seqq.
1325 2289 1430 2331 Legg.
1463 2289 1521 2320 IV.

884 2346 914 2376 p.
948 2332 1022 2366 714.
1056 2334 1092 2367 C.
1126 2334 1168 2366 D.
1218 2352 1257 2356 —
1309 2334 1521 2365 τίθεσθαι

888 2378 1048 2417 νόμους
1097 2378 1255 2410 dicuntur
1323 2379 1382 2419 qui
1429 2378 1522 2421 leges

884 2425 1013 2464 ferunt,
1044 2423 1167 2464 quibus
1205 2428 1238 2454 et
1272 2424 1337 2465 ipsi
1382 2422 1524 2455 obnoxii

884 2470 953 2500 sint
992 2473 1091 2509 atque
1139 2473 1298 2509 pareant,
1349 2468 1524 2500 τιθέναι

888 2512 1048 2551 νόμους
1082 2516 1194 2544 autem
1230 2513 1288 2554 qui
1324 2513 1401 2545 aliis
1431 2513 1524 2555 leges

884 2558 1040 2589 scribunt
1064 2558 1122 2596 ita,
1147 2562 1185 2589 ut
1208 2558 1359 2599 ipsorum
1384 2558 1523 2590 libertas

883 2604 952 2635 illis
1000 2613 1068 2634 non
1117 2603 1415 2635 circumscribanu·
1465 2607 1524 2634 aut
1552 2614 1556 2617 *

884 2647 1091 2681 cohibeatur.
1126 2648 1243 2690 Itaque
1265 2648 1305 2679 de
1326 2647 1522 2680 hominibus
