1687 2969
119 564 196 603 2151

235 123 310 161 1:3⁴3
713 120 1093 163 PLATONIS

619 156 637 182 t

231 236 501 293 προςιοντων
536 239 610 281 καὶ
643 240 1056 295 διαμαρτυρομένων
1100 238 1261 291 λογων,
1307 236 1375 279 οτι
1426 240 1577 296 urende-

230 321 305 347 ται
339 307 412 347 καὶ
449 303 528 348 οὐκ
563 308 653 348 ἔστι
687 311 836 361 τέχνη,
879 305 976 348 ἀλλ’
1019 302 1200 360 ἄτεχνος
1236 303 1378 359 τριβή.
1415 307 1495 346 τοῦ
1531 305 1576 346 δὲ

229 373 384 425 λέγειν,
419 374 554 430 φησὶν
584 370 606 415 ὁ
643 373 829 424 Λάκων,
866 377 1021 428 ἔτυμος
1056 378 1180 427 τέχνη
1215 368 1319 414 ἄνευ
1354 372 1432 414 τοῦ
1471 371 1578 421 dh]-

232 441 365 489 θείας
402 433 556 499 ἧφθαι
601 438 694 483 οὔτ’
745 443 861 484 ἔστιν
905 436 1004 483 οὔτε
1046 437 1226 494 μήποθ’
1286 436 1469 495 ὕστερον
1513 441 1579 490 γὲ-

231 522 374 557 νηται.
522 549 530 552 ,

337 574 468 616 (DAI.
549 572 730 616 Τούτων
781 577 843 617 δεῖ
898 575 985 615 τῶν
1043 571 1206 629 λόγων,
1252 566 1282 615 ὦ

229 638 343 683 ἀλλὰ
381 641 508 693 δεῦρο
545 638 712 691 αὐτοὺς
747 640 959 698 παράγων
994 639 1168 693 ἐξέταζε,
1205 644 1247 682 τί
1281 641 1354 682 καὶ
1389 639 1480 687 πῶς
1515 640 1580 679 λέ-

1327 568 1578 626 Σώκρατες.

226 723 394 761 νουσιν.

329 774 435 817 ΣΩ.
510 774 679 831 Πάριτε
716 772 781 826 δή,
813 778 1051 830 θρέμματα
1087 781 1279 825 γενναῖα,
1316 768 1578 814 καλλίπαιδά

229 859 273 884 τε
314 844 516 900 Φαῖδρον
551 844 751 892 πείθετε,
787 840 855 893 ὡς,
891 839 967 883 ἐὰν
997 837 1058 895 μὴ
1094 842 1252 889 ἱκανῶς
1286 835 1577 897 φιλοσοφήσῃ,

233 907 333 951 οὐδὲ
368 909 521 959 ἱκανός
554 925 661 952 ποτε
695 910 830 963 λέγειν
874 911 996 952 ἔσται
1030 908 1128 963 περὶ
1163 905 1355 956 οὐδενός.
1391 904 1580 961 ἀποκρι-

230 978 376 1019 νέσθω
410 975 463 1030 δὴ
500 974 523 1019 ὁ
565 978 775 1031 Φαῖδρος.

317 1130 474 1171 ἔτυμος
498 1143 528 1161 τ.
560 1129 683 1172 ἄνευ]
709 1128 846 1171 &mayoc
871 1129 952 1161 ἄνευ
979 1129 1079 1163 Bodl.
1107 1140 1154 1172 pr.

317 1174 506 1218 ὕστερον
530 1175 738 1218 γένηται]
778 1176 816 1208 V.
841 1174 1010 1220 ὑστέρως,
1036 1176 1127 1217 quod
1158 1175 1250 1206 solus
1278 1174 1356 1208 Par.
1382 1173 1423 1207 E.
1450 1177 1576 1207 tuetur.

228 1220 323 1256 Vind.
350 1221 381 1256 3.
411 1221 442 1255 6.
465 1222 508 1255 Σ.
533 1219 717 1262 γενήσεται.

315 1267 356 1302 Ρ.
382 1267 461 1302 261.

225 1315 267 1346 al.

511 1266 689 1299 Τούτων
721 1267 786 1299 δεῖ
816 1270 895 1298 τῶν
929 1266 1087 1311 λόγων]
1125 1267 1183 1298 Sic
1206 1265 1345 1297 ΣΦΟΙ·
1370 1264 1463 1297 Flor.
1490 1276 1518 1298 a.
1548 1277 1576 1297 (·.

318 1315 427 1356 Vulgo
454 1312 595 1345 Τούτων
620 1312 658 1352 δι’]
687 1326 717 1346 τ.
745 1313 793 1353 L„
829 1313 919 1354 quod
946 1314 1089 1346 mutavit
1118 1313 1219 1344 etiam
1249 1311 1440 1345 nokkerus.
1467 1311 1576 1343 Heln*

230 1359 318 1393 dors.
345 1360 431 1394 conl.
457 1358 591 1391 τούτων
615 1358 653 1399 δ’)
686 1360 786 1390 τίνων
811 1358 939 1400 λόγωιις
965 1370 1011 1393 sc,
1039 1360 1148 1393 δοκεῖς
1173 1355 1320 1389 ἀκούειν,

316 1404 383 1445 ὡς,
415 1404 486 1437 ἐὰν
518 1404 571 1446 μὴ·
612 1406 767 1442 ἱκανῶς
799 1405 856 1447 φ.]
890 1406 949 1438 Sic
986 1406 1082 1438 Bodl.
1115 1415 1190 1436 cum
1218 1402 1384 1446 plerisque
1410 1401 1582 1434 omnibus,

228 1450 324 1492 Vulg,
350 1450 407 1488 ἕως
432 1450 472 1482 ἂν
496 1450 541 1493 μὴ
570 1452 610 1482 ἱκ.
637 1463 671 1492 φ.

313 1496 540 1539 Ἐρωτᾶτε]
586 1497 662 1528 Hoc
693 1497 831 1530 verbum
859 1497 1017 1529 Phaedro
1047 1496 1148 1528 tribui
1185 1498 1370 1537 praeeunte
1403 1493 1574 1525 Bekkero.

227 1542 276 1575 lta
302 1543 447 1576 dilucide
473 1543 578 1574 Coisl.
606 1543 690 1575 Ven.
726 1544 794 1573 ΞΣ
827 1544 903 1576 Par.
941 1543 1006 1574 BC
1038 1542 1137 1574 vind.
1169 1542 1196 1574 l.
1223 1540 1253 1573 3.
1279 1540 1309 1574 6.
1343 1539 1435 1572 Flor.
1472 1550 1501 1572 a.
1531 1541 1574 1572 al.

227 1589 336 1631 Vulgo
362 1589 513 1621 tribuunt
535 1589 679 1621 Socrati.

737 1588 924 1621 Videndum
960 1599 1042 1621 vero
1068 1598 1146 1619 num
1167 1586 1295 1626 Ἐρώτα
1322 1584 1387 1625 δή,
1422 1585 1575 1617 scriben-

225 1635 306 1667 dum
333 1635 388 1676 sit,
414 1634 506 1676 quod
535 1635 621 1667 scite
646 1634 793 1667 coniecit
815 1634 992 1668 Krischius
1019 1635 1069 1667 De
1095 1633 1252 1666 Phaedro
1279 1644 1310 1675 p.
1336 1631 1390 1666 95.

224 1749 324 1783 Quae
349 1748 443 1780 vides
478 1751 622 1790 excepta
654 1747 867 1780 iurisiurandi

225 1795 370 1827 formula
417 1794 561 1826 totidem
610 1793 719 1826 verbis
775 1793 867 1835 apud

226 1841 407 1873 Platonem
455 1844 602 1872 exstare.
669 1839 770 1880 Atqui
802 1849 867 1870 non

225 1887 289 1918 iam
317 1886 399 1918 baec
431 1884 474 1917 de
498 1895 564 1917 uno
593 1883 705 1925 aliquo
733 1885 868 1916 Laco-

226 1942 275 1964 ne
304 1930 500 1973 accipienda
532 1934 628 1970 sunt,
664 1929 724 1961 sed
751 1931 869 1970 singu-

226 1978 303 2010 laris
340 1987 500 2009 numerus
533 1974 551 2007 ὁ
577 1975 700 2007 Λάκων
733 1976 869 2007 omnino

226 2023 270 2055 cle
305 2022 500 2055 Laconibus
537 2020 773 2061 intelligendus
806 2024 868 2054 est.

225 2069 311 2102 Nam
345 2069 446 2101 etiam
479 2079 497 2100 a
524 2068 665 2100 Graecis
691 2076 867 2099 numerum

227 2115 433 2157 singularem
461 2114 632 2146 nominum
653 2113 866 2155 propriorum

226 2161 413 2201 generatim
445 2160 599 2201 usurpari
642 2162 794 2198 constat,
835 2162 869 2190 ot

225 2206 313 2238 istud
350 2207 459 2248 ipsum
484 2205 500 2237 ὁ
528 2204 654 2236 Λάκων
691 2205 790 2236 babet
815 2208 868 2236 et-

228 2251 467 2285 iamHerod.
490 2251 625 2285 V111.2.
642 2262 674 2283 ν.
689 2249 817 2282 Fiscb
831 2260 867 2281 e-

228 2307 302 2329 rus
340 2297 382 2329 ad
423 2297 595 2330 Weller.
630 2297 688 2330 111.
725 2307 758 2338 p,
788 2294 864 2329 300.

230 2342 496 2386 Bernhardy
521 2343 660 2384 Syntax.
686 2353 718 2385 p.
745 2341 788 2375 59
814 2351 866 2382 sq.

228 2388 363 2422 Quibus
403 2388 448 2420 ita
489 2388 655 2429 expositis
702 2388 867 2420 neminem

228 2438 390 2475 putamus
428 2439 637 2476 moraturum
679 2444 756 2466 esse
790 2443 868 2465 sen-

227 2480 368 2512 tentiam
405 2479 643 2520 Voegelini
675 2479 790 2511 Praef.
825 2477 867 2510 ad

228 2524 284 2557 ed.
303 2525 386 2558 Tur.
413 2525 491 2558 min.
518 2535 550 2566 p.
574 2524 613 2558 12
631 2536 682 2566 sq.
708 2525 764 2566 qui
789 2533 866 2555 ver-

224 2571 286 2602 ba:
329 2570 429 2612 ᾳησὶν
470 2568 488 2600 ὁ
520 2568 665 2609 Λάκων,
703 2568 864 2602 elicienda

226 2621 260 2649 et
276 2620 354 2658 post
378 2614 477 2657 τριβή
503 2620 673 2648 commate
690 2616 864 2657 interpun-

225 2662 370 2702 gendum
389 2664 517 2694 censet.
566 2662 786 2702 Quamquam
812 2664 863 2692 et-

225 2709 289 2740 iam
316 2707 420 2741 eiecta
441 2706 588 2739 Laconis
608 2708 780 2740 mentione
799 2706 863 2738 loci

934 1746 1159 1788 integritatem
1194 1745 1275 1777 satis
1313 1749 1470 1777 constare
1511 1744 1577 1776 uti-

935 1802 1002 1834 que
1028 1790 1282 1824 concedendum
1311 1794 1373 1824 est.

981 1860 1021 1893 P.
1050 1858 1129 1892 261.
1179 1856 1361 1890 Τούτων
1393 1857 1460 1888 δεῖ
1497 1859 1577 1888 ’τῶν

936 1904 1012 1947 λᾰγ
1024 1905 1093 1948 ων]
1124 1904 1304 1936 Exclamat
1329 1902 1502 1935 Phaedrus
1528 1902 1575 1933 rei

936 1950 1127 1983 audiendae
1183 1949 1438 1991 cupidissimus:
1500 1947 1579 1980 His

937 2007 1038 2028 vero
1088 2005 1197 2038 opus
1256 1999 1324 2027 est
1373 1993 1578 2027 sermoni-

937 2042 1033 2074 bus!
1060 2046 1096 2073 ut
1114 2041 1292 2073 verissime
1317 2041 1433 2072 Bekk
1449 2050 1502 2072 er.
1528 2039 1581 2070 δεῖ

938 2098 999 2129 pro
1025 2089 1116 2129 vulg.
1142 2087 1180 2128 δὴ
1211 2097 1251 2119 ex
1278 2086 1455 2118 codicibus
1479 2085 1580 2117 resti—

936 2134 1051 2166 tuerit.
1098 2133 1244 2165 Fallitur
1280 2131 1438 2164 Astius
1481 2131 1577 2172 geni-

936 2180 1039 2211 tivum
1090 2186 1216 2220 putans
1263 2188 1353 2210 esse·
1379 2177 1576 2209 absolutum

935 2229 1039 2266 atque
1063 2226 1174 2257 locum
1202 2223 1264 2255 boc
1291 2222 1392 2255 modo
1411 2223 1577 2266 interpre-

934 2276 1030 2302 tans:
1063 2281 1146 2302 was
1178 2268 1298 2302 diese
1338 2269 1484 2300 Rcden
1515 2267 1577 2299 be-

936 2317 1075 2357 trifft‚
1093 2314 1245 2358 brings
1269 2313 1332 2347 sie
1356 2313 1466 2347 doch
1490 2313 1577 2353 her,

935 2373 999 2395 um
1024 2374 1073 2394 zu
1097 2361 1221 2394 seben
1247 2365 1312 2393 etc.

981 2427 1248 2461 καλλίπαιδά
1289 2440 1332 2460 τε
1381 2426 1578 2469 Φαῖδρον

935 2476 995 2518 π.]
1031 2474 1061 2506 b.
1088 2485 1117 2508 e.
1152 2476 1404 2517 pulcrorum
1432 2472 1577 2505 buius—

936 2520 1054 2554 modi
1092 2519 1302 2563 θρεμμάτων
1347 2530 1373 2554 s.
1413 2519 1575 2551 libero-

933 2577 1018 2599 rum
1053 2571 1235 2608 patrem.
1292 2567 1341 2598 lta
1374 2565 1436 2597 boc
1460 2562 1575 2594 καλλί-

932 2613 1041 2644 παιδα
1073 2612 1302 2654 accipiendum
1336 2621 1412 2642 esse
1436 2607 1572 2642 docebit

933 2660 1028 2691 locus
1055 2658 1210 2690 Plutar
1224 2657 1288 2690 chi
1307 2656 1451 2690 Quaest.
1469 2653 1571 2685 Platt.

931 2716 963 2746 p.
991 2704 1088 2739 1000.
1113 2703 1150 2737 F.
1177 2714 1219 2735 z
1243 2702 1322 2737 255.
1348 2701 1400 2735 ed.
1428 2699 1575 2732 Hutten.
