1687 2969
487 171 730 210 GORGIAS.
761 173 804 209 P.
836 173 928 209 487.
959 174 1017 210 ed.
1051 173 1104 211 St.
1394 177 1471 210 213

129 285 262 321 ταῦτα
301 279 395 331 περὶ
423 283 508 321 τῶν
535 280 753 333 μεγίστων.
796 276 849 321 σὺ
878 280 922 321 δὲ
952 288 1083 321 ταῦτα
1112 283 1251 321 πάντα
1279 279 1405 334 ἔχεις,
1446 282 1472 321 ἃ

127 345 170 386 οἱ
207 348 327 386 ἄλλοι
367 346 446 387 οὐκ
485 343 646 398 ἔχουσι·
689 346 969 386 πεπαίδευσαί
1008 361 1050 387 τε
1087 346 1168 399 γὰρ
1198 346 1374 394 {newa-53.
1416 346 1472 394 ὡς

126 410 276 452 πολλοὶ
317 410 370 451 ἂν
399 411 580 464 φήσαιεν
605 405 868 463 Ἀθηναίων,
909 410 978 451 καὶ
1009 410 1099 464 ἐμοὶ
1131 407 1170 451 εἷ
1197 414 1359 457 εὔνους.
1390 411 1471 452 τίνι

125 476 332 531 τεκμηρίῳ
360 477 545 529 χρῶμαις
576 473 657 527 ἐγώ
687 485 753 516 σοι
783 474 873 527 ἐρῶ.
906 472 1002 517 οἶδα
1034 476 1140 529 ὑμᾶς
1170 473 1263 529 ἐγώ,
1295 468 1327 516 ὦ
1359 477 1470 516 Καλ-

125 541 300 588 λίκλεις,
337 541 536 591 τέτταρας
576 542 722 588 ὄντας,
761 540 996 589 κοινωνοὺς
1035 542 1264 592 γεγονότας
1303 542 1470 593 σοφίας,

126 603 169 646 σέ
210 620 251 646 τε
294 605 363 646 καὶ
401 605 641 657 Τίσανδρον
681 604 756 645 τὸν
780 601 1028 657 Ἀφιδναῖον
1057 602 1367 658 mimz-&ww
1396 607 1472 647 τὸν

120 666 424 722 Ἀνδροτίωνος
461 670 531 710 καὶ
571 671 854 724 Ναυσικύδην
883 672 957 711 τὸν
990 670 1222 723 Χολαργέα.
1271 672 1341 712 καί
1369 686 1470 713 ποτε

127 735 246 788 ὑμῶν
294 733 374 789 ἐγὼ
432 733 650 789 ἐπήκουσα
703 735 1031 789 βουλευομένων
1079 734 1198 789 μέχρι
1249 732 1346 777 ὅποιΥ
1392 736 1471 789 τὴν

125 801 284 852 σοφίαν
313 799 518 854 ἀσκητέον
543 801 617 854 εἴη.
649 800 717 841 καὶ
747 797 857 857 οῖδα,
890 798 953 841 ὅτι
983 799 1100 842 ἐνίκα
1130 800 1175 841 έν
1206 801 1306 854 ὑμῖν
1332 802 1472 842 τοιάδε

123 880 184 913 τις
208 865 320 915 δόξα,
349 864 406 919 μὴ
431 869 752 918 προθυμεῖσθαι
767 864 830 914 ἐἰς
850 865 927 919 τὴν
955 867 1174 918 (ἒκρίβειαν
1204 869 1470 918 φιλοσοφεῖν,

1503 476 1538 519 C

123 929 227 971 ἀλλὰ
248 931 520 983 εὐλαβεῖσθαι.
544 931 873 983 παρεκελεύεσθε
895 932 1103 984 αλλήλοις,
1133 927 1248 979 ὅπως
1274 930 1330 984 μὴ
1360 930 1466 983 πέρα
1496 933 1537 974 Ι)

122 1003 199 1037 τοῦ
238 993 409 1043 δέοντος
445 993 684 1048 σοφώτεροι
721 996 943 1048 γενόμενοι
979 997 1121 1049 λήσετε
1150 995 1470 1048 διαφθαρέντες.

124 1060 265 1114 ἐπειδὴ
286 1057 366 1102 οὖν
390 1070 470 1102 σου
492 1061 636 1102 ἀκούω
665 1068 796 1100 ταῦτα
827 1059 917 1113 ἐμοὶ
948 1062 1333 1114 συμβουλεύοντος,
1365 1061 1471 1113 ἅπερ

123 1183 279 1226 plurimis
298 1183 442 1215 Fritsch.
463 1184 615 1223 Quaestt.
632 1183 798 1215 Luciann.
817 1194 848 1225 p.
865 1183 992 1214 XXXI.
1013 1189 1045 1216 et
1062 1184 1248 1216 Hermann.
1269 1184 1311 1216 ad
1325 1184 1470 1216 Luciau.

123 1230 175 1260 De
199 1229 317 1261 histor.
341 1228 509 1261 conscrib.
533 1239 564 1270 p.
590 1227 645 1261 27.

193 1274 231 1305 C.
279 1272 507 1316 ἐπήκουσα
539 1273 670 1315 βουλε
685 1272 852 1311 ιὀμέιίυ
868 1272 903 1316 ι’]
937 1274 976 1304 V.
1008 1271 1202 1315 ὑπήκουσα,
1236 1273 1326 1316 quod
1350 1285 1410 1315 per
1435 1284 1470 1305 se

123 1330 192 1351 non
208 1323 259 1351 est
276 1319 439 1361 ineptum.
470 1318 586 1350 Habet
604 1319 693 1350 enim
714 1318 841 1350 talibus
866 1319 901 1350 in
924 1319 1010 1351 locis
1034 1320 1104 1350 vim
1129 1324 1160 1351 et
1185 1318 1468 1361 significationem

123 1365 234 1396 elam
260 1364 553 1396 auscultandi
579 1363 823 1405 (belauschen).
857 1364 923 1395 Sed
950 1364 1064 1396 Clark.
1090 1365 1167 1396 Vat.
1194 1365 1298 1396 Coisl.
1324 1365 1407 1396 Ven.
1431 1363 1469 1395 Σ.

124 1409 226 1441 Vind.
258 1409 287 1440 1.
313 1409 344 1442 2.
369 1409 402 1442 6.
426 1407 456 1440 7.
496 1410 572 1441 Par.
604 1409 799 1440 EFIVW.
838 1409 928 1441 Flor.
960 1410 983 1440 f.
1016 1420 1040 1440 s.
1078 1411 1166 1452 Aug.
1202 1410 1298 1441 Bodl.
1330 1411 1470 1441 Meerm.

125 1452 302 1497 ἐπήκουσα
344 1455 517 1497 praebent.
566 1455 641 1494 Quo
679 1460 815 1495 recepto
856 1455 1013 1486 Socrates
1050 1465 1085 1486 se
1122 1455 1295 1497 significat
1327 1455 1471 1487 affuisse

123 1511 239 1532 eorum
260 1500 408 1532 sermoni
433 1509 579 1541 eumque
603 1500 801 1540 neutiquam
825 1500 915 1531 elam
941 1499 1124 1539 audivisse,
1150 1500 1209 1532 sed
1234 1500 1415 1542 diligenter
1439 1507 1470 1531 et

122 1544 281 1577 lubenter
311 1544 353 1577 ad
385 1555 462 1577 eum
494 1544 691 1576 attendisse.
723 1555 754 1576 v.
783 1544 899 1576 Cobet.
925 1545 1032 1576 Novv.
1058 1546 1166 1577 Lectt.
1198 1556 1230 1587 p.
1255 1545 1331 1579 521.
1379 1545 1470 1577 Dein

122 1595 202 1622 vett.
227 1590 321 1621 editt.
346 1589 460 1630 μέχρις
484 1587 572 1626 ὅποι,
599 1589 689 1631 quod
715 1600 755 1621 ex
782 1590 897 1621 Clark.
924 1591 999 1621 Vat.
1025 1590 1128 1622 Coisl.
1154 1590 1232 1621 aliis
1256 1590 1374 1621 multis
1398 1600 1470 1622 cor-

123 1635 283 1667 reximus.
310 1645 340 1665 V.
367 1635 410 1666 ad
426 1635 583 1676 Sympos.
608 1645 636 1666 c.
662 1633 716 1666 29.
764 1635 903 1666 Frustra
930 1635 1161 1674 Heindorfius,
1186 1640 1336 1667 veterum
1360 1646 1471 1677 gram-

121 1681 323 1712 maticorum
349 1679 413 1711 hac
438 1679 478 1711 de
503 1690 538 1712 re
563 1680 859 1721 praeceptionibus
885 1679 1028 1719 diffisus,
1061 1680 1174 1721 μέχρις
1199 1678 1276 1711 ὅποι
1301 1680 1469 1714 tuebatur.

121 1725 341 1767 Hirschigius
366 1724 582 1756 scribendum
607 1730 722 1756 censet
746 1725 840 1766 μέχρι
866 1723 954 1756 ὅτου.

121 1860 194 1898 γεῖς
218 1855 311 1886 fuere
335 1854 402 1886 duo
426 1855 561 1886 Atticae
585 1855 682 1897 pagi,
714 1855 762 1885 al-

121 1907 170 1933 ter
194 1899 303 1932 tribus
327 1899 532 1939 Aeanfidos,
564 1899 650 1932 alter
674 1901 761 1931 Aca-

120 1945 298 1978 mantidos.
337 1945 405 1977 vid.
445 1945 551 1977 schol.
587 1945 630 1977 ad
667 1946 698 1976 h.
739 1945 760 1976 l.

122 1990 351 2022 Andronis
385 1991 486 2021 etiam
517 1992 553 2021 in
585 1991 759 2032 Protagor.

122 2047 154 2078 p.
177 2034 253 2068 315.
280 2035 318 2066 C.
342 2036 470 2066 mentio
494 2035 540 2067 fit.

87 2139 91 2142 .
167 2101 230 2135 εἰς
265 2099 338 2143 τὴν
371 2099 614 2143 ἀκρίβειαι·
642 2103 759 2141 (sclo-

123 2145 310 2189 σοφεῖν]
350 2157 435 2178 non
474 2146 516 2177 id
552 2157 646 2178 esse
678 2152 762 2178 stu-

123 2192 320 2231 dendum,
373 2196 418 2223 ut
465 2191 516 2223 ad
562 2191 686 2233 philo
701 2202 761 2223 so-

121 2238 253 2280 phiae
285 2235 588 2268 subtilitatem
622 2246 761 2277 usque

122 2282 448 2325 perveniretur,
485 2281 544 2313 sed
576 2281 761 2313 subsisten-

122 2328 200 2359 dum
211 2328 247 2358 in
259 2337 310 2366 eo,
323 2327 414 2368 quod
427 2325 583 2359 παιδείας
596 2324 761 2366 χάρινῃεὲ-

123 2373 306 2405 cessarium
327 2372 510 2404 videretur.
536 2372 593 2403 Sic
614 2372 716 2402 Euri
729 2382 759 2412 p.

123 2418 207 2449 Hec.
232 2428 263 2448 V.
287 2415 371 2449 817:
397 2414 509 2448 πειθώ
535 2416 573 2448 δὲ
594 2435 636 2440 -
657 2414 760 2447 οὐδέν

126 2475 149 2494 τι
167 2463 294 2501 μᾶλλον
311 2461 353 2495 ἐς
375 2461 491 2496 τέλος
518 2460 762 2502 σπονδάζομει·

123 2505 330 2546 μανθάνειν,
351 2505 411 2538 ubi
429 2505 464 2540 ἐς
482 2506 572 2540 τέλος
589 2507 695 2545 μανθ.
712 2511 762 2538 est

124 2553 321 2594 perfecte
360 2562 386 2582 S.
426 2551 544 2585 τελέως
577 2552 760 2583 discere.

125 2596 322 2638 Aeschyl.
337 2597 449 2628 Prom.
463 2595 547 2629 230:
568 2594 611 2630 ὥς
631 2594 762 2638 μάθητε

124 2640 178 2674 διὰ
204 2642 318 2674 τέλους
345 2639 378 2672 τὸ
404 2645 485 2672 πᾶν.

167 2710 211 2743 D.
255 2708 375 2742 ὅπως
409 2707 460 2751 μὴ
492 2708 601 2750 πέρα
625 2726 667 2732 —
698 2706 761 2749 λη’-

833 1864 879 1885 ae
891 1853 952 1894 τε]
990 1855 1156 1886 Futurum
1180 1859 1257 1896 post
1281 1854 1386 1886 verba
1409 1865 1469 1886 ca-

830 1899 959 1930 vendi
988 1903 1021 1930 et
1053 1905 1220 1931 metuen
1233 1900 1273 1931 di
1305 1900 1345 1932 de
1378 1911 1469 1932 more

830 1945 988 1986 positum.
1012 1955 1044 1975 v.
1070 1944 1242 1977 Phaedon.
1267 1956 1298 1986 p.
1323 1944 1376 1977 91.
1403 1946 1440 1977 C.

877 1993 1005 2021 ταῦτα
1037 1988 1135 2028 ἐμοὶ
1166 1989 1309 2033 azgad]
1344 2001 1469 2032 quum

830 2039 868 2065 te
893 2034 1063 2066 audiam
1089 2045 1135 2066 ea
1160 2036 1207 2075 (h.
1231 2046 1258 2066 e.
1283 2036 1390 2067 haec
1415 2041 1470 2066 ta<

830 2079 904 2120 lia)
930 2079 1038 2111 mihi
1059 2090 1135 2112 sua
1149 2080 1337 2120 dentem,
1363 2091 1468 2122 quae

830 2124 1123 2156 amicissimis
1164 2125 1247 2156 tibi
1286 2126 1470 2157 homini-

831 2169 907 2200 bus
955 2169 1140 2201 suadere
1193 2170 1321 2201 soles.
1391 2171 1469 2202 Non

831 2224 915 2255 opus
948 2219 1015 2253 est,
1046 2219 1085 2245 ut
1115 2212 1215 2246 ταύτὰ
1248 2215 1470 2257 corrigamus,

831 2258 920 2299 quod
960 2260 1055 2291 Fici
1066 2270 1086 2290 n
1096 2270 1140 2291 us
1177 2259 1339 2292 habuisse
1379 2260 1472 2292 vide-

829 2309 894 2343 tur,
920 2314 1126 2346 quamquam
1145 2305 1338 2346 interpretis
1360 2306 1396 2337 in
1422 2310 1470 2337 ta-

829 2349 921 2379 libus
937 2350 1062 2392 exigua
1079 2355 1130 2381 est
1154 2355 1213 2381 aut
1236 2351 1350 2392 potius
1374 2351 1471 2383 nulla

830 2395 1023 2426 auctoritas.
1061 2395 1249 2436 Utrumque
1274 2402 1387 2427 autem
1412 2407 1472 2437 per

830 2449 866 2469 se
903 2444 994 2471 recte
1034 2439 1102 2472 dici
1137 2441 1264 2481 potuit,
1307 2446 1339 2472 et
1370 2444 1471 2472 ταῦτα

831 2482 917 2523 ἅπερ
954 2489 987 2515 et
1018 2482 1120 2516 ταύτὰ
1153 2483 1240 2526 ἅπερ
1253 2509 1260 2522 ‚
1295 2490 1333 2517 ut
1356 2496 1470 2527 super-

830 2539 1017 2560 vacaneum
1062 2529 1218 2561 videatur
1256 2532 1305 2562 rei
1340 2541 1400 2572 per
1435 2541 1470 2561 se

830 2574 1032 2606 manifestae
1077 2575 1234 2616 exempla
1276 2585 1470 2617 congerere.

832 2620 927 2658 Quae
965 2622 1079 2651 tamen
1121 2621 1149 2651 si
1182 2621 1259 2661 quis
1291 2619 1469 2658 desideret,

830 2664 859 2694 is
873 2663 974 2695 adeat
991 2665 1024 2696 H
1036 2666 1103 2696 ein
1113 2664 1135 2696 d
1145 2675 1163 2696 o
1173 2666 1219 2696 rf.
1238 2665 1280 2696 ad
1294 2665 1468 2699 Phaedon.

830 2719 862 2750 p.
887 2706 939 2741 64.
966 2709 1002 2741 O.
1034 2710 1075 2742 ad
1101 2710 1248 2752 Sophist.
1273 2721 1305 2752 p.
1330 2709 1405 2742 217.
1431 2711 1470 2742 Β.
