1687 2969
478 202 551 239 AD
581 200 823 239 GORGIAM
852 200 1121 238 PLATONIS.
1421 203 1471 235 33

117 314 329 353 necessaria
356 315 572 353 videantur.
631 314 855 351 Tenendum
893 326 983 352 vcro
1015 317 1104 351 ante
1134 313 1261 350 omnia
1296 313 1367 349 hoc
1399 316 1468 359 est,

117 385 191 422 quo
220 372 393 420 neglecto
433 373 479 409 de
515 371 731 421 scriptionis
771 371 974 409 universae
1014 371 1226 408 rationibus
1263 370 1470 418 prudentor

117 476 286 508 elementa
309 487 349 508 eo
374 476 604 508 traducantur.
655 475 761 507 Cuius
786 476 921 517 generis
946 475 1052 506 libros
1086 476 1268 507 arbitratur
1299 486 1368 506 11011
1398 475 1467 506 iam

117 522 266 563 amplius
290 522 420 553 versari
443 522 478 553 in
504 520 680 553 tractanda
703 520 968 562 philosophandi
1000 521 1131 552 ratione
1163 525 1266 561 atque
1297 519 1468 559 methodo,

119 567 178 598 sed
203 567 244 598 de
270 568 342 599 eius
367 571 566 610 argumento
590 567 638 598 ita
657 577 768 608 agere,
794 570 831 597 ut
854 566 1017 608 physicae
1043 571 1074 597 ct
1092 566 1235 605 ethicae,
1261 576 1346 607 quac
1368 576 1468 596 vcrac

116 613 185 643 sint
215 612 380 644 scientiae
413 617 525 654 partes
559 612 629 653 (die
659 611 776 643 realen
810 611 1128 654 lVlssenselthj'len),
1165 612 1263 652 quasi
1296 611 1465 651 quandam

115 657 346 699 prolusionem
373 658 428 689 vel
453 658 626 699 praeviam
652 657 899 688 institutionem
925 657 1120 688 exhibeant.
1166 658 1251 687 Esse
1276 661 1389 687 autem
1415 657 1467 686 liis

117 702 264 745 dialogis
289 704 427 734 omnino
444 703 478 734 id
494 702 714 744 propositum,
740 707 777 733 ut
793 702 955 734 doceatur
979 713 1093 733 veram
1118 702 1296 733 scientiam
1314 706 1347 732 ct
1361 705 1466 732 artem

116 758 185 779 non
211 748 368 789 reperiri,
402 748 461 780 sed
485 748 642 779 fallacem
676 753 810 779 tantum
843 759 958 779 earum
984 748 1129 789 speeiem
1155 747 1274 778 adesse
1306 746 1373 787 ibi,
1408 746 1467 777 ubi

116 793 162 833 id,
187 792 277 834 quod
300 804 335 825 re
354 804 434 825 vera
452 793 506 833 sit,
532 803 609 825 cum
625 803 676 833 eo,
702 792 791 834 quod
807 794 1040 824 tantummodo
1057 803 1131 824 esse
1149 793 1315 832 videatur,
1339 796 1465 822 temere

115 842 326 880 permutetur
349 843 407 870 aut
432 838 560 870 bonum
600 849 677 870 cum
713 838 886 879 voluptate
912 846 1013 879 atque
1044 839 1191 870 iucundo
1218 837 1466 869 confundatur:

118 883 207 925 quod
233 884 368 925 quidem
393 883 632 926 aphilosopho
658 883 840 925 dupliciter
864 884 932 915 fere
959 884 1101 923 ostendi,
1129 883 1208 914 dum
1234 883 1289 914 vel
1306 883 1350 923 id,
1376 882 1466 924 quod

116 939 176 970 pro
201 933 272 960 arte
297 934 330 961 et
354 930 498 961 scientia
521 929 696 968 habeatur,
721 929 851 960 nullius
876 930 972 970 pretii
995 940 1067 961 esse
1087 929 1219 968 doceat,
1244 929 1300 960 vel
1325 939 1367 959 ex
1392 929 1466 969 ipsa

117 974 177 1006 illa
208 974 314 1006 falsae
338 976 420 1006 artis
446 979 479 1006 et
502 974 665 1006 scientiae
691 975 886 1016 cognitione
911 976 963 1006 vis
995 979 1028 1006 et
1052 979 1175 1006 natura
1198 984 1297 1005 verae
1329 974 1411 1005 artis
1436 978 1468 1004 et

116 1020 278 1051 scientiae
303 1019 494 1052 definiatur.
534 1021 654 1061 Itaque
681 1020 843 1061 Gorgiam
869 1020 931 1051 hoc
957 1021 1005 1051 ait
1030 1020 1154 1052 habere
1179 1020 1401 1061 propositum,
1426 1024 1464 1049 ut

115 1066 198 1096 artis
222 1064 410 1097 rhetoricae
443 1071 475 1097 et
507 1065 620 1096 civilis
652 1065 829 1106 exemplo,
861 1067 1070 1108 argumentis
1103 1077 1119 1097 e
1152 1076 1284 1097 morum
1309 1064 1463 1096 doctrina

114 1109 286 1152 repetitis,
323 1121 423 1142 verae
454 1110 627 1152 falsaeque
659 1111 822 1142 scientiae
855 1115 887 1142 et
912 1111 992 1142 artis
1025 1111 1227 1152 permutatio
1253 1115 1285 1142 et
1310 1110 1466 1141 confusio

116 1159 279 1197 arguatur
303 1155 444 1197 eiusque
476 1160 548 1187 tum
573 1166 696 1187 caussa
725 1156 760 1186 in
785 1156 944 1187 interiore
978 1156 1126 1197 quadam
1162 1157 1268 1187 animi
1299 1155 1341 1187 ad
1366 1156 1465 1186 istam

115 1201 352 1232 confusionem
381 1201 596 1242 proclivitate
629 1202 712 1240 sita,
755 1206 825 1232 tum
857 1202 998 1233 effectus
1023 1202 1057 1233 in
1090 1202 1286 1243 arrogantia
1311 1205 1344 1231 ct
1375 1201 1467 1232 fastu

115 1247 292 1288 conspicui
316 1247 351 1278 in
375 1246 561 1278 illustriore
585 1246 662 1278 lucc
686 1252 866 1288 ponantur.
922 1247 1018 1278 Haec
1052 1248 1157 1289 igitur
1181 1248 1246 1277 viri
1271 1247 1399 1288 egregii
1425 1246 1465 1277 (10

117 1291 263 1334 Gorgiae
296 1292 450 1324 consiliis
482 1292 651 1323 sententia
687 1296 758 1331 est,
797 1292 934 1334 longius
966 1293 1109 1324 fortasse
1143 1293 1304 1324 arcessita
1338 1292 1399 1323 illa
1432 1296 1466 1322 et

115 1337 252 1369 Platoni
276 1338 385 1369 invito
419 1336 573 1377 obtrusa,
607 1336 666 1368 sed
696 1336 867 1368 subtiliter
899 1337 1014 1370 eadem
1056 1342 1221 1379 acuteque
1255 1337 1465 1379 expositass).

115 1383 168 1413 Ab
194 1393 234 1414 ea
264 1393 345 1415 vero
376 1383 577 1424 longissime
601 1382 758 1413 discessit
788 1384 815 1414 F
827 1394 852 1414 r.
886 1383 1059 1422 Astius,
1096 1384 1154 1424 qni
1179 1383 1260 1414 licet
1284 1382 1364 1424 quid
1390 1393 1464 1413 sen-

115 1428 194 1459 tiret
216 1427 365 1460 breviter
387 1432 518 1460 tantum
544 1427 734 1459 declaravit
758 1429 823 1467 (De
844 1428 918 1464 „vita
942 1432 975 1460 et
1000 1429 1133 1469 scriptis
1153 1428 1287 1460 Platon.
1312 1439 1344 1470 p.
1364 1426 1464 1469 133),

115 1476 228 1505 tamen
269 1473 325 1505 vel
365 1474 415 1505 sic
453 1473 555 1505 facile
598 1473 789 1515 intelligas,
840 1478 1005 1514 quantum
1053 1484 1128 1504 cum
1172 1474 1464 1506 Schleierma-

115 1519 248 1550 chero
281 1518 470 1550 dissentiat.
526 1519 660 1560 Quippe
686 1518 870 1549 arbitratur
902 1519 961 1550 1110
987 1519 1077 1550 1111110
1108 1518 1233 1550 librum
1265 1520 1462 1559 neutiquam

115 1562 158 1594 ad
181 1569 287 1595 artem
311 1568 344 1595 et
368 1564 546 1595 scientiam
570 1563 774 1606 generaliter
796 1564 1013 1595 informatam
1037 1564 1172 1603 referri,
1204 1564 1263 1596 sed
1287 1564 1464 1606 politicam

115 1612 249 1640 tantum
271 1609 436 1641 rationem
462 1613 626 1650 spectare,
651 1609 697 1640 ita
720 1614 769 1648 ut,
793 1609 956 1650 quidquid
981 1613 1155 1651 practerea
1179 1610 1214 1640 in
1240 1621 1278 1642 co
1298 1609 1338 1641 dc
1356 1609 1465 1650 philo-

117 1654 238 1696 sophia
262 1658 464 1696 exponatur,
490 1653 524 1685 id
548 1665 616 1686 non
642 1654 805 1685 aliorsum
830 1655 896 1685 nisi
922 1666 960 1686 eo
983 1654 1197 1686 referendum
1223 1656 1276 1695 sit,
1300 1659 1338 1685 ut
1355 1656 1463 1686 scien-

115 1699 197 1730 tiam
222 1704 255 1730 et
279 1704 385 1731 artem
399 1699 546 1739 civilem,
571 1709 673 1741 quam
698 1699 848 1731 rhetores
873 1710 913 1731 ac
938 1700 1109 1741 sophistae
1134 1699 1366 1742 profiteantur,
1392 1701 1463 1731 ina-

116 1755 193 1776 nem
224 1755 265 1777 ac
297 1745 523 1786 perniciosam
557 1755 630 1776 esse
663 1744 872 1776 ostendatur.
921 1745 958 1775 In
986 1756 1051 1786 quo
1082 1746 1140 1777 ille
1173 1752 1262 1777 certe
1294 1745 1396 1777 simul
1430 1746 1464 1777 id

116 1790 196 1832 egit,
220 1794 258 1821 ut
282 1790 430 1832 Gorgiae
454 1790 665 1822 intellectum
690 1801 757 1821 non
782 1794 850 1821 tam
876 1790 1014 1822 aliunde
1039 1802 1140 1831 quam
1164 1802 1207 1821 ex
1232 1792 1340 1833 ipsius
1365 1801 1463 1833 argu-

116 1838 228 1867 mento
251 1835 434 1877 petendum
469 1846 543 1867 esse
573 1835 832 1877 perspiceretur.
880 1836 1005 1867 Verum
1037 1837 1127 1867 enim
1160 1847 1239 1868 vero
1271 1836 1356 1868 haec
1387 1837 1463 1877 ipsa

116 1881 287 1912 sententia
310 1881 508 1922 neutiquam
532 1881 699 1913 satisfecit
722 1880 898 1912 desideriis
923 1882 996 1913 eius
1021 1882 1103 1921 viri,
1128 1882 1186 1922 qui
1209 1882 1362 1923 proxime
1386 1887 1464 1922 post

118 1926 286 1958 Astium
324 1925 408 1958 talia
439 1927 629 1958 accuratius
666 1926 878 1967 perquisivit.
942 1927 1028 1958 Nam
1063 1927 1287 1959 Secherus
1325 1926 1461 1968 quidem

112 1972 183 2011 (De
207 1971 341 2014 scriptis
365 1971 520 2003 Platonis
544 1982 576 2013 p.
600 1969 702 2011 241),
730 1971 848 2003 relicta
873 1973 1098 2003 antecessoris
1122 1973 1177 2003 sui
1200 1973 1330 2004 ratione
1355 1976 1388 2003 et
1413 1983 1462 2004 ra-

117 2016 209 2048 tione
224 2016 246 2048 S
257 2017 466 2049 chleierm
478 2017 625 2049 acheri
649 2017 898 2057 quodammodo
913 2017 1141 2059 comprobata,
1160 2018 1195 2048 in
1211 2019 1339 2059 Gorgia
1357 2028 1462 2058 quum

116 2061 151 2092 id
175 2060 358 2103 disceptari
381 2062 553 2102 videatur,
585 2067 698 2094 utrum
730 2062 946 2104 philosophia
976 2074 1019 2093 an
1048 2063 1218 2094 rhetorica
1248 2063 1461 2104 potissimum

116 2106 259 2139 colenda
291 2107 350 2147 sit,
383 2111 495 2139 tamen
526 2118 643 2139 revera
675 2112 805 2147 censet,
845 2112 1045 2149 argumento
1078 2108 1319 2149 disputationis
1357 2108 1461 2139 altius

115 2151 235 2184 educto
261 2156 294 2184 et
317 2152 359 2184 ad
383 2153 492 2184 maius
517 2152 677 2194 quiddam
695 2153 959 2193 accommodato,
984 2153 1070 2184 illud
1095 2154 1207 2194 potius
1232 2154 1361 2194 quaeri,
1386 2157 1462 2184 utra

116 2197 205 2229 vitae
234 2198 320 2230 ratio
351 2198 472 2230 melior
501 2198 545 2229 sit
575 2209 615 2230 ac
649 2198 797 2239 beatior,
830 2209 931 2237 eane,
962 2209 1048 2238 quae
1080 2199 1198 2229 virtuti
1228 2199 1461 2240 imprimisque

117 2242 268 2274 iustitiae
292 2243 405 2275 dedita
428 2244 489 2282 sit,
516 2254 559 2274 an
584 2243 663 2282 illa,
688 2254 775 2284 quae
800 2244 842 2275 ad
867 2245 1053 2285 potentiam
1087 2248 1119 2275 et
1142 2245 1377 2276 auctoritatem
1402 2254 1461 2285 pu-

115 2286 207 2318 blice
232 2298 270 2319 ae
292 2289 452 2330 privatim
477 2288 751 2330 consequendam
776 2294 972 2330 comparata
1003 2290 1056 2320 sit.
1114 2288 1167 2320 Ad
1198 2300 1300 2330 quam
1324 2289 1461 2330 quidem

118 2332 285 2365 rationem
308 2344 431 2376 nuper,
457 2334 613 2366 nonnihil
638 2337 749 2365 tamen
776 2339 952 2372 mutatam,
977 2334 1129 2375 proxime
1155 2335 1301 2366 accessit
1324 2335 1460 2366 Herm.

118 2377 351 2410 Bonitzius
381 2379 417 2410 in
441 2378 578 2411 libello:
612 2378 825 2410 Platoni-selae
852 2377 1008 2419 Studien,
1055 2378 1157 2418 Wien,
1184 2380 1301 2420 1858,
1326 2378 1357 2412 8.
1381 2380 1461 2411 mai.

117 2432 149 2464 p.
161 2420 293 2463 1—4l.,
314 2424 372 2464 qui
385 2425 443 2455 vix
457 2424 605 2456 dubitari
620 2435 717 2466 posse
730 2424 924 2463 arbitratur,
947 2425 1029 2465 quin
1047 2425 1200 2465 quaestio
1215 2425 1376 2466 primaria
1393 2425 1464 2456 dia-

118 2467 188 2510 logi
202 2467 285 2500 haec
299 2469 353 2508 sit,
372 2473 484 2501 utrum
505 2469 792 2512 philosophia
814 2480 855 2500 ex
871 2470 1039 2501 sententia
1050 2469 1203 2501 Platonis
1220 2470 1407 2509 intellecta,
1419 2481 1461 2502 an

118 2513 348 2545 rhetorica
371 2514 578 2555 politica,
603 2515 715 2556 qualis
735 2518 807 2546 tum
828 2515 939 2554 fuerit,
960 2515 1025 2546 viri
1047 2515 1181 2547 honesti
1196 2515 1316 2547 studiis
1338 2520 1371 2546 et
1384 2527 1463 2547 con—

117 2558 204 2590 siliis
218 2557 323 2601 digna
339 2569 412 2591 esse
426 2561 538 2601 putari
555 2560 676 2593 debeat
684 2559 748 2601 W).
774 2561 845 2592 Nec
860 2570 939 2592 vero
953 2559 1098 2592 multum
1108 2561 1186 2592 inde
1200 2561 1363 2592 recedunt
1377 2571 1463 2602 quae

185 2659 212 2690 ἅ)
232 2659 265 2685 V.
283 2658 492 2684 Schleierm.
513 2660 635 2691 Interpr.
649 2660 744 2686 Germ.
758 2660 828 2692 Opp.
849 2660 957 2685 Platon.
978 2661 1039 2686 Vol.
1052 2662 1088 2686 II.
1107 2662 1137 2686 Ρ.
1157 2663 1178 2686 Ι.
1192 2661 1284 2685 Praef.
1304 2668 1328 2692 p.
1351 2661 1366 2685 3
1385 2667 1464 2691 seqq.

184 2693 230 2724 ΜΕ)
249 2693 318 2718 Ibid.
337 2700 363 2724 p.
380 2693 421 2717 33.
445 2693 516 2725 „Die
534 2694 628 2725 Fraye
641 2703 649 2718 .·
679 2695 717 2719 Jst
740 2695 917 2725 philosophie
935 2695 974 2719 ’ίιιι
996 2695 1192 2720 Platrmisclwn
1213 2695 1318 2725 Sinne,
1338 2695 1406 2717 oder
1427 2695 1463 2718 ist

115 2728 262 2757 polz'tische
282 2727 415 2751 Rhetorik
443 2728 474 2752 in
500 2728 590 2752 ilerem
617 2729 783 2759 damaliqen
805 2729 949 2753 chstande
975 2729 1036 2754 eine
1062 2729 1191 2760 ‘lot'ae'rdiyle
1210 2728 1464 2760 ὶεΙιηηεαιῳζιμιΙιπῩ

117 2761 269 2786 bezeiclmet
288 2762 341 2786 den
362 2761 440 2785 Κεφ-η
458 2761 517 2785 und
538 2761 633 2786 Zweck
652 2763 700 2787 des
719 2770 827 2792 flamen
848 2762 994 2793 Dz‘alo[13·.''

181 2816 250 2842 plat.
270 2817 341 2848 Opp.
362 2817 423 2842 Vol.
443 2817 478 2842 11.
499 2816 572 2842 Sect.
591 2819 611 2842 Ι.
1175 2818 1196 2850 3
