1687 2969
533 153 576 158 —
647 132 765 171 XXXV
835 153 879 160 -

38 244 155 301 quod
214 244 514 301 philosophiae
574 252 794 301 tamquam
852 246 1019 302 species
1078 247 1288 302 quaedam
1341 255 1383 291 et

37 303 182 358 imago
213 302 462 356 exhibetur,
503 301 618 344 unde
647 318 734 344 non
781 302 908 344 modo
952 302 1142 358 dignitas
1172 305 1308 360 ipsius
1341 312 1384 347 et

37 359 265 412 maiestas,
307 358 386 402 sed
428 359 556 400 etiam
595 359 759 401 utilitas
790 366 921 415 atque
961 360 1025 401 vis
1070 360 1268 403 salutaris
1311 378 1383 404 co-

38 421 298 471 gnoscatur,
349 416 466 458 valet
511 415 594 458 hoc
635 416 832 472 profecto
879 416 983 458 item
1019 416 1072 457 ad
1120 418 1385 473 arguendam

39 471 505 528 demonstrandamque
535 472 771 515 rhetorices
803 489 934 528 quum
972 473 1253 516 humilitatem
1291 482 1383 518 tum

39 530 274 571 vanitatem
306 536 436 585 atque
467 529 679 571 inertiam.
740 528 871 583 Quod
902 537 1044 571 autem
1073 531 1204 586 longo
1238 533 1385 588 copio-

39 601 174 642 soque
205 601 402 628 sermone
448 585 713 640 ostenditur,
765 602 892 641 quam
932 587 1053 628 nihili
1092 588 1290 630 facienda
1329 590 1386 631 sit

41 658 109 685 ars
138 643 222 685 ista
262 643 470 697 oratoria,
516 658 625 697 quae
656 643 788 699 vulgo
830 644 1004 686 summis
1035 645 1265 686 extollatur
1293 645 1386 687 lau-

41 698 168 741 dibus
209 705 252 741 et
294 699 438 741 multis
477 699 677 741 videatur
705 701 833 756 plane
866 699 1149 754 admirabilis,
1182 701 1227 742 id
1256 702 1385 744 vicis-

41 756 121 798 sim
162 755 375 798 eiusmodi
419 762 506 811 est,
561 762 611 798 ut
657 756 713 798 ad
752 757 1051 799 illustrandam
1088 758 1386 815 philosophiae

39 813 348 870 praestantiam
379 819 423 855 et
452 813 750 856 excellentiam
781 814 955 871 egregie
985 822 1281 871 comparatum
1312 817 1383 868 sit,

40 870 294 926 praesertim
324 885 456 925 quum
485 870 569 913 isto
599 877 728 926 pacto
759 871 888 912 etiam
919 871 1075 913 clarius
1104 872 1384 928 intelligatur,

43 933 246 982 quantam
282 927 377 982 ipsa
414 927 459 968 in
488 926 672 970 dicendo
701 943 872 982 quoque
912 933 1041 983 atque
1072 928 1270 971 docendo
1300 930 1386 972 vim

44 989 88 1024 et
133 989 395 1039 potestatem
440 983 610 1026 habeat.
687 984 863 1026 Etenim
911 991 977 1026 est
1018 1000 1121 1026 sane
1163 986 1386 1041 utriusque

43 1039 107 1081 rei
146 1046 235 1081 tam
274 1046 392 1082 arcta
429 1040 735 1093 necessitudo,
777 1048 826 1082 ut
863 1040 973 1082 adeo
1015 1041 1211 1084 dubitare
1242 1043 1384 1096 liceat,

42 1102 187 1137 utrum
216 1102 515 1152 argumentum
544 1113 623 1153 pro
655 1098 822 1154 potiore
852 1097 1096 1140 ducendum
1135 1100 1203 1140 sit.
1273 1100 1386 1142 Nam

43 1151 383 1208 disputationem
412 1153 466 1196 de
493 1154 736 1196 rhetoricae
766 1155 904 1210 pretio
936 1170 987 1196 ac
1025 1154 1235 1211 dignitate
1264 1157 1387 1198 insti-

42 1215 181 1250 tutam
218 1209 288 1251 vel
327 1209 425 1252 ideo
469 1225 548 1266 pro
588 1211 790 1267 primaria
819 1211 962 1267 operis
993 1218 1115 1267 parte
1145 1212 1387 1255 habendam

43 1266 278 1322 putaveris,
310 1267 412 1322 quia
443 1267 544 1309 huic
573 1268 648 1309 uni
678 1268 816 1310 omnis
840 1268 1002 1325 dialogi
1031 1283 1162 1310 scena
1192 1276 1235 1311 et
1265 1270 1389 1325 quasi

45 1329 278 1379 apparatus
317 1323 546 1380 adaptatus
582 1331 659 1379 est,
698 1331 747 1366 ut
777 1341 865 1366 non
902 1331 991 1366 tam
1030 1324 1083 1367 de
1113 1326 1390 1383 philosophia

76 1395 176 1421 uam
211 1379 263 1421 de
301 1380 517 1422 rhetorica
553 1382 624 1438 agi
667 1381 876 1423 videatur.
943 1382 1035 1425 Ubi
1073 1389 1215 1425 autem
1245 1384 1388 1426 consi-

46 1395 263 1478 deraveris
293 1452 434 1479 rerum
463 1438 668 1493 ipsarum,
701 1454 809 1493 quae
840 1444 1093 1493 tractantur,
1125 1440 1389 1496 magnitudi-

44 1508 141 1534 nem
182 1499 312 1548 atque
351 1494 630 1551 gravitatem,
677 1501 791 1536 certe
822 1495 924 1537 item
956 1496 1162 1552 ambiges,
1192 1513 1295 1539 num
1336 1498 1388 1539 iis

77 1549 205 1604 otius,
241 1566 350 1606 quae
382 1550 434 1592 de
464 1551 740 1608 philosophia
765 1563 866 1594 sunt
897 1552 1128 1609 disputata,
1160 1555 1389 1610 primarius

44 1565 166 1648 Focus
206 1607 506 1649 attribuendus
545 1608 625 1662 sit,
669 1609 1022 1664 quandoquidem
1062 1625 1172 1665 quae
1213 1610 1268 1652 de
1311 1612 1389 1653 im·

47 1663 217 1705 mortali
266 1664 505 1710 animorum
544 1665 648 1719 vita,
692 1665 746 1707 de
788 1665 959 1708 divinae
989 1667 1184 1708 veritatis
1228 1683 1387 1717 amore,

48 1718 102 1760 de
143 1718 336 1762 idearum
355 1721 753 1763 resuscitandarum
783 1722 1018 1778 facultate,
1061 1723 1114 1765 de
1147 1725 1391 1780 sapientiae

0 1804 8 1811 -
47 1775 92 1817 in
121 1776 274 1818 animis
294 1777 514 1819 hominum
531 1778 838 1835 propagandae
869 1779 1028 1834 studio,
1063 1780 1115 1821 de
1137 1780 1388 1823 dialecticae

48 1839 218 1888 natura,
250 1849 332 1876 usu
356 1840 397 1876 et
426 1835 749 1890 exercitatione,
783 1836 875 1878 aliis
906 1836 951 1878 id
981 1853 1117 1893 genus
1141 1838 1285 1892 rebus,
1318 1854 1390 1879 ex-

47 1889 205 1945 plicata
251 1896 374 1945 sunt,
424 1897 538 1933 certe
586 1898 675 1934 tam
730 1899 832 1934 sunt
871 1894 1019 1949 gravia
1067 1900 1109 1935 et
1149 1894 1393 1950 ponderosa

47 1952 220 2002 tamque
257 1954 373 1989 arcte
403 1963 502 1991 cum
542 1949 658 1990 omni
693 1949 993 2006 philosophiae
1023 1950 1220 1993 doctrina
1250 1958 1293 1994 et
1323 1968 1390 1993 ra-

48 2002 165 2045 tione
184 2004 428 2059 coniuncta,
460 2012 510 2047 ut
538 2006 706 2061 reliqua
737 2007 893 2061 omnia,
926 2023 1036 2062 quae
1067 2007 1121 2049 ad
1142 2014 1276 2050 artem
1295 2009 1392 2050 rhe-

48 2060 230 2102 toricam
257 2061 489 2104 taxandam
518 2063 776 2117 referuntur,
805 2079 909 2120 prae
939 2065 991 2106 iis
1022 2064 1252 2106 admodum
1281 2065 1393 2107 levia

51 2131 102 2158 ac
130 2117 294 2159 minuta
321 2117 460 2160 videri
496 2118 695 2161 debeant.
753 2121 817 2162 At
845 2121 1044 2162 nimirum
1073 2122 1291 2177 pertinent
1319 2121 1392 2163 de-

50 2173 178 2229 nique
218 2175 360 2216 omnia
398 2176 704 2231 communiter,
745 2183 793 2218 ut
829 2177 1037 2231 diximus,
1083 2177 1138 2219 ad
1182 2194 1393 2220 summum

51 2228 170 2272 illum
211 2230 356 2286 finem,
386 2232 431 2273 in
461 2232 717 2275 illustranda
746 2234 904 2276 virtute
935 2241 977 2275 et
1006 2235 1269 2290 praestantia
1298 2235 1393 2291 phi-

53 2284 273 2343 losophiae
306 2288 612 2345 conspicuum,
645 2289 700 2331 ad
731 2306 859 2346 quem
888 2292 1039 2345 utique
1069 2292 1262 2333 universi
1292 2307 1393 2348 ope-

53 2340 112 2383 ris
160 2344 334 2400 scriptio
385 2346 614 2388 referenda
656 2352 744 2401 est,
808 2347 1060 2402 videturque
1109 2348 1394 2404 philosophus

53 2397 385 2454 prudentissimo
436 2403 617 2445 consilio
666 2405 853 2460 speciem
911 2411 953 2445 et
1004 2405 1183 2446 formam
1234 2405 1395 2461 dialogi

53 2469 197 2497 rerum
226 2456 534 2501 rhetoricarum
574 2459 853 2515 disputationi
893 2462 1260 2517 attemperavisse,
1295 2463 1396 2518 quia

54 2510 149 2567 ipsa
176 2520 393 2569 tempora,
436 2516 592 2571 quibus
623 2517 733 2559 liber
762 2517 949 2572 scriptus
982 2525 1061 2572 est,
1095 2519 1155 2559 ita
1187 2519 1394 2571 tulerunt,

54 2573 104 2609 ut
132 2568 340 2625 imprimis
370 2572 474 2614 artis
502 2572 745 2616 rhetoricae
775 2575 885 2616 ratio
926 2574 1126 2616 ducenda
1156 2574 1395 2625 videretur3

56 2622 111 2666 de
141 2640 227 2681 qua
254 2641 300 2668 re
338 2627 449 2670 infra
479 2628 771 2685 disputabitur
801 2631 1069 2687 explicatius.
1130 2632 1295 2674 Verum
1328 2647 1395 2673 sa-

56 2680 112 2724 tis
144 2681 197 2724 de
228 2682 308 2726 his.
377 2684 601 2742 Pergimus
638 2687 694 2728 ad
723 2687 905 2730 alterum
934 2687 1055 2743 illud,
1088 2687 1141 2730 de
1162 2704 1247 2744 quo
1268 2704 1397 2744 supra

1109 2753 1196 2795 C*
