1687 2969
580 120 878 158 —xu—

63 231 355 275 imbecillitate
386 230 597 288 degerunt
627 231 772 274 vitam.
823 230 1043 284 Quocirca
1068 232 1172 288 ipsis
1204 246 1230 273 a
1259 230 1405 274 divino

62 295 161 331 ortu
189 288 339 330 adhuo'
360 288 675 330 recentioribus
718 288 846 331 etiam
875 288 1052 345 propior
1082 289 1136 330 ad
1164 288 1406 330 divinarum

61 360 204 387 rerum
245 345 536 388 <manitionem
564 360 766 388 accessus
796 345 948 401 patuit.
1008 344 1117 387 Inde
1147 345 1281 402 igitur
1308 345 1406 401 phi-

61 401 268 459 losophus
299 381 396 444 Peri
424 417 552 458 posse
581 401 811 455 iudicavit,
852 408 901 443 ut
930 401 1083 456 animi,
1123 408 1275 457 utpote
1305 402 1407 444 olim

61 458 304 501 divinarum
341 474 484 501 rerum
520 459 676 501 notitia
714 459 892 513 imbuti,
945 464 1099 515 postea
1140 474 1313 513 quoque
1360 459 1407 501 in

60 515 231 558 illarum
265 515 445 558 redeant
482 516 732 558 memoriam
785 515 981 570 adeoque
1021 515 1261 557 admirabili
1301 531 1407 570 qua-

62 572 162 615 dam
198 588 344 615 earum
376 572 804 629 contemplandarum
834 572 1071 629 cupiditate
1101 572 1404 627 incendantur,

62 644 173 685 quae
203 629 403 671 affectum
432 631 590 672 amoris
621 630 794 672 referat.
833 646 874 671 v.
919 629 1106 672 Phaedr.
1135 646 1177 686 p.
1210 631 1305 671 247.
1347 629 1405 670 D.

60 701 155 741 sqq.
176 686 273 728 coll.
293 686 513 728 Phaedon.
536 703 578 743 p.
604 688 669 728 75.
686 687 739 729 E.
772 687 865 728 Iam
896 701 998 728 vero
1022 685 1104 728 1100
1125 687 1161 729 81
1184 685 1407 728 dubitetur

60 742 277 798 quomodo
323 743 384 784 ita
420 743 515 785 fieri
554 749 694 799 queat,
732 744 827 800 ipsa
855 743 1049 785 idearum
1076 743 1141 786 vis
1173 758 1223 784 ac
1252 749 1408 784 natura

58 799 296 842 secundum
336 800 567 842 Platonem
607 801 667 842 ita
709 807 957 857 comparata
988 806 1077 853 est,
1109 806 1157 842 ut
1184 800 1278 842 fieri
1318 815 1407 842 non

58 857 198 914 possit
221 857 324 912 quin
342 858 530 899 animum
552 873 697 899 earum
716 857 1032 900 noscendarum
1057 857 1262 914 cupidum
1281 857 1408 899 simili

60 914 194 956 amori
231 913 392 956 affectu
432 914 545 956 cieat
588 920 717 969 atque
755 920 939 956 moveat.
1007 913 1180 970 Quippe
1229 915 1406 970 propria

61 976 128 1012 est
155 970 264 1013 ideis
303 985 469 1012 summa
497 971 705 1026 perfectio
745 977 787 1013 et
827 971 1056 1025 absolutio,
1094 971 1201 1012 nihil
1240 982 1290 1012 ut
1318 971 1404 1013 illis

59 1026 168 1083 fingi
219 1034 294 1068 aut
332 1028 516 1083 cogitari
564 1034 694 1082 queat
741 1027 1035 1070 excellentius.
1091 1045 1131 1069 v.
1180 1027 1404 1070 Phaedon.

58 1099 100 1139 p.
142 1085 208 1125 78.
250 1084 306 1125 D.
347 1085 414 1126 80.
455 1084 507 1126 Β.
539 1085 716 1126 Theaet.
754 1101 796 1141 p.
839 1086 934 1126 205.
963 1084 1020 1125 D.
1051 1084 1104 1125 E.
1137 1083 1330 1141 Sophist.
1361 1101 1403 1141 p.

60 1140 155 1182 245.
196 1141 253 1182 A.
293 1140 348 1181 al.
419 1139 715 1193 Quamobrem
765 1142 894 1183 etiam
933 1139 1145 1195 quidquid
1187 1142 1231 1183 in
1262 1157 1404 1184 rerum

57 1202 211 1238 natura
239 1202 382 1250 extat,
423 1197 480 1239 ad
518 1213 662 1239 earum
702 1198 943 1254 exemplum
985 1213 1035 1239 ac
1080 1197 1405 1240 similitudinem

58 1267 308 1310 expressum
349 1260 391 1295 et
440 1255 755 1296 conformatum
802 1261 887 1309 est,
935 1254 1207 1311 refulgetque
1257 1271 1404 1297 earum

57 1310 226 1367 species
266 1310 396 1352 etiam
430 1311 474 1353 in
511 1311 640 1354 rebus
681 1311 1072 1368 adspectabilibus,
1116 1312 1176 1353 ita
1218 1324 1266 1354 ut
1304 1312 1402 1366 hae,

57 1368 252 1422 quamvis
281 1374 436 1409 natura
476 1383 555 1410 sua
584 1369 672 1410 sint
699 1370 1000 1426 imperfectae,
1040 1375 1184 1410 tamen
1226 1375 1403 1411 eatenus

56 1424 251 1466 veritatis
283 1436 327 1466 et
357 1426 588 1480 essentiae,
629 1441 757 1482 quam
795 1426 937 1467 dicere
968 1426 1138 1480 licebit,
1169 1426 1403 1482 participes

55 1480 178 1534 fiant,
214 1487 425 1537 quatenus
444 1481 637 1524 idearum
654 1484 846 1525 referunt
863 1482 1198 1525 similitudinem.
1228 1500 1267 1525 v.
1290 1483 1402 1525 Tim.

55 1553 98 1594 p.
147 1539 214 1580 28.
254 1539 310 1581 A.
357 1537 406 1580 C.
450 1540 516 1581 29.
546 1540 604 1581 Α.
636 1542 700 1582 30.
731 1541 786 1581 A.
818 1539 1041 1582 Phaedon.
1072 1556 1113 1595 p.
1147 1542 1214 1582 30.
1246 1540 1300 1582 B.
1334 1541 1400 1582 75.

55 1595 113 1636 A.
146 1609 241 1650 sqq.
272 1595 458 1639 Phaedr.
488 1613 529 1652 p.
563 1597 657 1638 250.
690 1597 742 1638 B.
775 1596 968 1653 Sophist.
999 1613 1043 1652 p.
1078 1598 1172 1639 246.
1204 1597 1256 1638 B.
1285 1596 1402 1638 The-

56 1656 140 1693 aet.
181 1668 225 1707 p.
271 1653 366 1694 186.
417 1651 467 1694 C.
509 1653 562 1694 al.
635 1653 724 1696 Sed
776 1668 907 1707 quum
947 1652 1069 1694 ideae
1115 1654 1196 1695 hac
1242 1654 1402 1695 virtute

57 1723 137 1749 sua
175 1710 434 1766 conspicuae
464 1709 550 1751 sint
596 1716 639 1752 et
677 1710 882 1764 illustres,
931 1716 1021 1752 tum
1057 1710 1234 1752 eaedem
1274 1711 1402 1752 etiam

54 1765 263 1807 immensa
301 1765 489 1821 quadam
536 1767 750 1809 excellunt
797 1766 1100 1824 pulcritudine.
1175 1767 1403 1822 Quidquid

59 1822 171 1863 enim
211 1822 373 1865 bonum
411 1829 479 1864 est
508 1839 559 1866 ac
588 1825 852 1881 perfectum,
885 1824 999 1866 idem
1030 1824 1267 1866 secundum
1299 1825 1400 1866 Pla-

54 1884 200 1921 tonem
238 1880 367 1921 etiam
404 1880 600 1936 pulcrum
639 1881 695 1923 sit
726 1887 910 1937 oportet,
943 1880 1294 1936 quandoquidem
1322 1881 1400 1923 bo-

55 1951 157 1977 num
187 1941 230 1978 et
259 1937 457 1993 pulcrum
494 1944 581 1979 tam
611 1946 730 1980 arcta
759 1939 1033 1980 continentur
1062 1937 1399 1991 necessitudine,

56 1998 105 2033 ut
143 1993 325 2035 alterum
364 1995 416 2036 ab
457 1994 590 2036 altero
629 1995 746 2037 nullo
780 1995 908 2037 modo
949 1995 1118 2051 seiungi
1159 2011 1209 2038 ac
1251 1995 1396 2037 divelli

57 2055 209 2103 queat;
247 2049 300 2092 de
341 2061 428 2105 qua
465 2051 715 2109 philosophi
745 2052 958 2094 sententia
986 2069 1026 2094 v.
1058 2052 1227 2095 Phileb.
1256 2069 1299 2108 p.
1332 2054 1399 2094 64.

56 2105 114 2146 D.
145 2106 255 2148 Tim.
285 2124 325 2163 p.
358 2109 425 2149 87.
458 2108 508 2149 U.
539 2109 674 2165 Hipp.
704 2109 803 2150 mai.
832 2125 874 2165 p.
907 2111 1001 2150 296.
1033 2110 1089 2150 A.
1123 2134 1172 2140 —
1212 2111 1308 2151 297.
1338 2109 1394 2151 D.

59 2160 208 2220 Symp.
247 2181 289 2220 p.
328 2166 422 2206 261.
466 2163 515 2207 C.
554 2165 612 2207 D.
653 2165 804 2222 Lysid.
845 2182 886 2222 p.
919 2167 1014 2208 216.
1055 2166 1112 2207 D.
1142 2166 1322 2221 Prot-ag.
1352 2182 1394 2221 p.

58 2220 153 2261 358.
180 2220 232 2264 B.
270 2222 390 2263 Men.
430 2238 472 2277 p.
515 2224 581 2263 77.
618 2223 672 2264 Β.
712 2223 827 2279 ng.
859 2223 915 2264 V.
947 2239 988 2279 p.
1028 2224 1123 2264 728.
1153 2223 1209 2264 A.
1238 2222 1322 2264 IX.
1353 2239 1396 2277 p.

58 2275 150 2318 859.
181 2277 239 2319 D.
260 2278 515 2321 Pulcritudo
548 2279 660 2321 enim
679 2279 814 2335 ipsius
845 2279 1005 2321 iudicio
1036 2279 1140 2320 nihil
1169 2284 1234 2321 est
1263 2279 1396 2332 aliud,

60 2346 188 2395 quam
227 2349 415 2377 summae
458 2336 770 2391 absolutaeque
801 2336 1082 2392 perfectionis
1114 2335 1280 2392 species
1308 2337 1398 2377 ani-

59 2403 139 2429 mis
187 2392 569 2448 contemplantium
617 2393 677 2434 ita
718 2393 909 2446 obiecta,
970 2399 1018 2434 ut
1075 2393 1301 2435 suavitatis
1349 2408 1399 2435 ac

59 2445 291 2501 voluptatis
343 2464 518 2491 sensum
573 2450 706 2504 eieat,
769 2456 813 2491 et
866 2449 1125 2492 ineffabilem
1183 2449 1400 2505 quandam

58 2502 200 2556 pariat
229 2503 560 2548 oblectationem
593 2512 635 2548 et
673 2506 1012 2548 admirationem.
1041 2524 1081 2548 v.
1115 2507 1224 2548 Tim.
1256 2523 1299 2562 p.
1331 2509 1398 2549 87.

58 2558 116 2600 D.
156 2559 226 2601 De
266 2560 373 2617 Rep.
409 2562 490 2604 VI.
529 2579 571 2618 p.
609 2565 706 2605 486.
749 2563 802 2604 Ε.
842 2562 1009 2606 Phileb.
1048 2581 1089 2620 p.
1122 2565 1188 2605 64.
1219 2564 1272 2605 Ε.
1304 2579 1398 2618 sqq.

57 2615 230 2658 Politia.
272 2633 313 2673 p.
355 2620 449 2662 284.
487 2621 539 2661 B.
580 2620 633 2662 al.
674 2620 952 2676 Quapropter
993 2620 1241 2677 pulcritudo
1273 2621 1398 2662 iniis

59 2673 257 2716 omnibus
306 2675 514 2729 cernitur,
573 2693 683 2732 quae
745 2682 923 2719 naturae
981 2693 1085 2720 suae
1134 2678 1396 2734 perfectione
