1687 2969
512 199 584 237 AD
614 198 858 237 GORGIAM
885 197 1091 236 PLATON
1094 196 1154 235 IS.
1455 198 1505 232 53

161 313 258 350 alius
287 312 436 361 generis
466 324 611 360 parare.
678 310 795 348 Cuius
834 309 988 360 quidem
1026 308 1241 346 sententiae
1281 310 1507 356 argumenta

161 369 254 407 satis
282 368 416 416 gravia
443 373 558 418 atque
587 367 753 405 illustria
773 370 992 415 suppetunt.
1036 366 1136 402 Nam
1164 364 1330 413 primum
1350 363 1505 414 quidem

160 425 244 474 ipsa
271 424 469 461 dialectica
497 424 538 460 in
559 423 698 471 Gorgia
726 426 912 471 usurpata
940 435 1016 458 non
1046 421 1155 457 modo
1184 420 1226 456 in
1256 433 1299 457 eo
1316 423 1505 464 versatur,

162 485 207 519 ut
235 480 537 518 adversariorum
565 479 778 517 sententiae
799 482 933 526 argute
959 477 1186 514 refellantur
1203 489 1317 514 verae
1346 475 1506 513 rationis

163 537 232 575 vix
258 537 409 574 levibus
438 535 666 586 quibusdam
695 535 806 572 factis
831 533 1184 581 significationibus,
1214 532 1327 569 sicuti
1355 532 1396 568 in
1426 531 1505 568 dia-

162 593 258 642 logis
285 605 390 630 more
413 592 602 629 Socratico
632 591 782 640 scriptis
812 590 895 627 fieri
924 589 1176 634 meminimus,
1209 589 1275 625 sed
1306 587 1504 637 aliquanto

163 654 223 687 est
250 648 428 694 severior,
458 661 577 698 quum
605 661 673 696 per
691 660 775 684 eam
805 651 960 684 strenue
988 646 1029 682 id
1058 649 1205 692 agatur,
1235 648 1290 689 ut,
1318 644 1408 681 licet
1437 656 1505 692 per

163 705 292 742 omnia
318 705 488 742 urbanae
523 703 709 740 irrisionis
745 703 804 741 vis
834 701 1068 739 admirabilis
1107 700 1338 745 dominetur,
1375 704 1505 736 tamen

162 761 265 807 item,
306 760 398 811 quid
427 773 563 798 verum
591 764 815 809 rectumque
844 759 1032 803 videatur,
1072 756 1306 794 luculentius
1351 756 1505 793 demon-

163 821 317 855 stretur.
355 816 504 853 Deinde
533 816 604 853 loci
626 816 782 866 quidam
801 814 1077 864 philosophiae,
1107 819 1152 850 ut
1170 813 1247 849 iam
1267 825 1315 849 ex
1335 812 1505 860 superio-

160 873 267 910 ribus
286 876 404 922 patet,
424 877 503 909 tam
519 873 631 921 plene
652 876 904 921 accurateque
920 871 1176 914 illustrantur,
1194 874 1237 906 ut
1254 868 1506 917 philosophus

161 929 339 967 videatur
366 929 457 965 hinc
484 928 725 977 potissimum
761 928 802 964 in
829 926 1091 976 philosophiae
1120 925 1274 961 moralis
1311 924 1506 973 principiis

162 985 312 1034 plenius
333 984 568 1034 explicandis
598 984 741 1033 cepisse
761 983 925 1021 initium.
964 982 1151 1022 Quocirca
1178 994 1248 1018 nec
1267 980 1407 1017 mirum
1427 980 1505 1017 cui-

161 1054 278 1092 quam
297 1041 452 1087 accidet,
482 1041 584 1091 quod
604 1041 650 1077 de
673 1040 827 1077 iucundi
838 1045 887 1088 ⁴et
906 1038 1116 1087 voluptatis
1146 1041 1285 1075 natura
1303 1040 1436 1085 postea
1464 1036 1505 1073 iu

163 1097 322 1135 Philebo
342 1103 381 1135 et
400 1097 612 1146 Republica
632 1096 810 1145 exposuit
838 1095 977 1132 similia
996 1095 1174 1145 quodque
1194 1094 1234 1130 in
1254 1094 1402 1130 duobus
1415 1092 1505 1129 Rei-

163 1153 338 1203 publicae
354 1153 461 1191 libris
470 1153 670 1202 prioribus,
682 1152 895 1200 graviorem
913 1152 958 1188 de
976 1151 1124 1188 iustitia
1141 1154 1179 1187 et
1189 1150 1333 1198 optima
1349 1148 1505 1186 civitate

163 1214 409 1259 suscepturus
439 1208 748 1258 disputationem,
778 1208 1105 1257 Thrasymachum
1132 1205 1428 1243 Chalcedonium
1459 1205 1505 1241 de

162 1266 299 1304 iisdem
337 1267 417 1303 fere
454 1267 569 1302 rebus
607 1265 753 1301 fraudis
792 1264 982 1312 coarguit,
1022 1264 1068 1300 de
1108 1263 1247 1312 quibus
1286 1261 1327 1298 in
1366 1261 1506 1308 Gorgia

162 1322 300 1360 Polum
337 1322 474 1359 erroris
513 1321 726 1366 convincit,
767 1326 882 1371 atque
913 1320 1163 1357 Adimantum
1203 1325 1241 1356 et
1270 1318 1505 1355 Glauconem

163 1378 303 1416 similia
340 1378 380 1415 in
418 1377 586 1414 medium
624 1378 759 1414 afferre
798 1377 927 1422 iussit,
968 1389 1082 1426 quam
1120 1375 1161 1411 in
1191 1374 1331 1422 Gorgia
1369 1373 1507 1410 tribuit

163 1434 320 1472 Callicli.
368 1434 559 1471 Nimirum
586 1433 766 1470 resumsit
793 1433 846 1470 ibi
875 1437 1071 1482 tamquam
1100 1431 1209 1468 filum
1237 1430 1506 1479 disputationis

163 1491 204 1528 in
224 1490 364 1539 Gorgia
393 1490 483 1527 olim
511 1489 621 1540 quasi
650 1490 871 1526 inchoatum
901 1502 944 1525 ac
963 1489 1088 1525 denuo
1116 1488 1157 1523 in
1184 1487 1396 1534 legentium
1425 1486 1505 1522 ani-

164 1560 245 1584 mos
272 1547 486 1592 revocavit,
523 1558 621 1596 quae
651 1551 842 1594 postremo
870 1544 911 1581 in
940 1544 1081 1592 Gorgia
1109 1544 1155 1580 de
1184 1543 1392 1580 moralibus
1421 1541 1507 1591 phi-

164 1603 358 1651 losophiae
385 1602 580 1651 principiis
600 1607 681 1639 erat
704 1604 992 1638 commentatus.
1023 1599 1182 1637 Accedit
1201 1600 1248 1636 ad
1269 1600 1374 1643 haee,
1405 1599 1506 1648 quod

165 1659 388 1708 primarium
426 1658 514 1695 libri
551 1663 819 1705 argumentum
847 1657 989 1694 talibus
1017 1656 1232 1705 philosophi
1272 1654 1508 1703 temporibus

165 1716 277 1763 longe
306 1715 460 1752 Videtur
488 1714 607 1751 fuisse
638 1713 1051 1751 convenientissimum.
1091 1711 1220 1751 Quum
1249 1711 1351 1747 enim
1379 1723 1508 1747 rerum

167 1771 337 1809 civih'um
357 1771 483 1808 studio
502 1771 614 1819 plane
634 1770 845 1808 valedicere
866 1773 905 1806 et
922 1768 1185 1818 philosophiae
1195 1766 1508 1804 meditationibus

164 1840 301 1865 vacare
330 1826 610 1872 constituisset,
652 1826 744 1876 quid
783 1838 923 1876 quaeso
952 1825 1079 1874 potuit
1106 1824 1230 1861 facere
1260 1828 1344 1861 tum
1373 1836 1507 1871 oppor-

165 1883 317 1930 tum'us,
347 1896 463 1934 quam
491 1883 555 1920 vel
584 1882 812 1931 perniciosas
853 1886 891 1918 et
920 1881 1110 1930 improbas
1147 1881 1345 1917 rhetorum
1375 1883 1413 1915 et
1451 1879 1508 1916 vi-

166 1953 295 1977 rorum
324 1939 495 1977 civilium
534 1943 634 1976 artes
674 1938 860 1985 castigare
888 1938 952 1975 vel
989 1936 1252 1986 philosophiae
1281 1935 1508 1983 dignitatem

166 2000 282 2046 atque
310 1995 587 2044 praestantiam
614 1995 654 2031 in
683 1994 889 2031 illustriore
924 1994 1009 2030 luce
1040 1991 1243 2029 collocare?
1300 1991 1508 2028 Enimvero

165 2052 238 2089 isto
277 2051 433 2102 quidem
469 2056 580 2100 pacto
610 2054 744 2100 sponte
784 2054 941 2099 apparet
978 2049 1193 2086 defendisse
1228 2048 1356 2096 ipsum
1395 2047 1509 2083 simul

167 2108 316 2156 egregie
345 2107 452 2153 illud,
482 2108 584 2158 quod
611 2112 695 2144 tum
724 2105 850 2143 animo
880 2105 1070 2153 agitabat,
1101 2105 1147 2141 de
1175 2104 1374 2151 deligendo
1403 2103 1508 2140 vitae

167 2177 305 2211 genere
343 2163 544 2201 eonsilium
581 2166 697 2213 atque
737 2175 889 2199 caussas
926 2161 1130 2210 aperuisse,
1170 2173 1236 2197 cur
1263 2159 1422 2208 posthac
1450 2172 1508 2195 re-

167 2220 321 2268 publica
349 2219 539 2257 abstinere
578 2225 617 2256 et
652 2218 740 2255 unis
769 2217 1031 2267 philosophiae
1070 2216 1206 2253 studiis
1242 2228 1378 2252 vacare
1408 2215 1510 2264 apud

169 2275 338 2312 animum
356 2275 627 2313 constituisset.
667 2274 748 2311 Nec
775 2286 866 2311 vero
893 2273 972 2309 ullo
991 2273 1102 2309 modo
1122 2273 1325 2309 obscurum
1344 2270 1509 2315 videtur,

169 2331 237 2381 qui
264 2331 348 2369 fieri
376 2331 563 2381 potuerit,
593 2335 638 2368 ut
664 2331 737 2367 hoc
765 2329 833 2367 tali
870 2333 1040 2377 tempore
1069 2341 1188 2378 quum
1217 2328 1262 2364 de
1292 2327 1394 2363 omni
1424 2327 1509 2364 rhe-

170 2386 291 2424 torica
319 2391 358 2424 et
385 2391 467 2425 arte
497 2387 612 2432 civili,
652 2390 736 2424 tum
772 2384 958 2434 imprimis
987 2384 1104 2422 etiam
1133 2384 1179 2421 de
1207 2383 1512 2421 Atheniensibus

171 2455 378 2493 eorumque
405 2443 637 2492 reipublicae
666 2441 984 2490 gubernatoribus
1022 2440 1182 2477 subinde
1212 2439 1385 2476 acerbius
1412 2439 1511 2475 iudi-

172 2502 275 2536 caret
313 2502 429 2549 atque
466 2499 631 2537 Socratis
669 2511 841 2535 caussam
880 2510 956 2533 non
985 2496 1066 2533 sine
1106 2496 1223 2533 animi
1252 2496 1416 2546 quadam
1454 2495 1511 2531 in-

173 2553 394 2602 dignatione
440 2555 504 2592 vel
540 2558 770 2592 memoraret
815 2553 879 2590 vel
918 2552 1149 2589 defenderet.
1225 2552 1325 2588 Nam
1363 2551 1394 2588 si
1433 2551 1511 2587 ullo

172 2615 352 2658 tempore,
383 2613 484 2647 certe
512 2614 595 2648 tum
614 2611 678 2648 vel
697 2609 863 2646 maxime
883 2607 1016 2646 debuit
1034 2608 1187 2654 sentire,
1213 2611 1358 2658 quanta
1375 2606 1515 2643 fuisset

172 2665 393 2714 indignitas,
422 2679 499 2715 qua
526 2666 582 2704 ita
609 2667 755 2704 factum
784 2668 896 2710 esset,
925 2668 970 2701 ut
997 2664 1057 2701 Vir
1085 2663 1418 2701 innocentissimus
1443 2675 1513 2710 pu-

174 2722 270 2769 blice
281 2726 480 2760 accusatus
491 2721 626 2771 capitis
643 2721 827 2772 supplicio
838 2721 1066 2758 afficeretur.
1083 2722 1214 2771 Atque
1226 2719 1404 2757 convenit
1421 2719 1515 2761 haec
