1687 2969
575 148 617 154 —
689 129 805 168 xcvn
879 150 920 154 —

76 244 273 301 vulgaria
312 243 549 297 abiectum,
594 242 671 285 sed
709 243 921 285 celsarum
963 257 1104 284 rerum
1153 243 1418 299 cogitatione

75 301 266 359 plenum,
296 300 410 343 unde
440 300 535 342 fieri
565 315 653 342 non
673 306 820 354 potest
839 300 944 354 quin
975 299 1105 341 etiam
1137 315 1187 340 ea
1216 307 1420 343 nascatur

76 358 239 412 oratio,
271 373 357 412 qua
384 357 492 399 nihil
521 356 799 399 excellentius
828 356 936 413 fingi
965 356 1233 412 cogitarique
1263 358 1416 413 possit,

73 415 325 471 praesertim
368 429 500 468 quum
537 414 666 456 etiam
702 414 762 454 ita
801 419 964 455 statuat
994 413 1065 468 (p.
1098 414 1192 454 273.
1230 414 1331 468 E),
1371 422 1420 457 ut

73 471 314 514 rhetoricae
350 471 457 513 nihil
487 486 579 513 esse
610 470 765 512 debere
797 470 1039 525 antiquius,
1072 484 1201 524 quam
1230 477 1279 512 ut
1309 487 1419 527 quae

76 528 276 571 dicantur
315 529 443 570 etiam
483 527 564 569 deo
605 534 728 584 grata
770 527 857 569 sint
888 534 1017 582 atque
1061 534 1253 582 accepta.
1320 529 1418 570 Hae

74 586 208 642 igitur
262 591 362 627 sunt
405 584 598 628 Socratis
637 584 682 625 in
711 583 794 626 1100
824 583 996 640 dialogo
1028 590 1198 639 partes3
1240 583 1323 627 1100
1354 592 1420 628 est

74 642 210 698 ipsius
248 642 491 699 ingenium3
529 641 575 682 hi
615 647 717 683 sunt
757 641 848 683 eius
886 655 1040 682 mores.
1111 639 1236 693 Quae
1276 643 1420 683 onmia

75 714 206 754 quam
243 699 416 756 egregie
464 698 724 740 conveniant
769 713 866 740 cum
904 698 981 751 iis,
1024 712 1134 752 quae
1187 703 1315 740 antea
1365 698 1418 741 de

73 755 263 798 universi
303 756 445 810 operis
484 761 736 812 argumento
785 761 828 796 et
865 754 1046 797 consilio
1085 753 1417 811 disputavimus,

73 812 248 855 uberius
279 827 495 868 exponere
528 818 642 854 certe
672 811 844 853 minime
875 827 984 867 opus
1017 811 1108 853 erit.

186 869 285 911 Nec
333 885 435 911 vero
482 869 527 910 in
578 869 673 910 aliis
722 874 956 924 apparatus
1005 868 1164 910 scenici
1223 868 1419 925 partibus

73 925 310 981 quidquam
339 932 555 981 repertum
585 925 637 967 iri
665 937 887 982 putamus,
931 924 1048 980 quod
1077 941 1163 967 11011
1192 940 1289 967 cum
1319 941 1419 968 nos·

73 989 142 1024 tra
169 983 337 1025 ratione
365 983 620 1038 pulcerrime
661 981 909 1024 concordet.
968 981 1062 1023 11110
1094 982 1235 1023 onmia
1266 982 1327 1023 ita
1355 983 1418 1024 vi-

75 1038 231 1081 dentur
260 1054 354 1082 esse
385 1045 643 1096 comparata,
675 1046 724 1080 ut
762 1055 856 1081 eam
902 1054 991 1081 non
1029 1038 1305 1081 mediocriter
1335 1039 1418 1080 ful-

73 1096 193 1138 ciant
229 1104 272 1138 et
308 1097 612 1138 communiant.
672 1096 787 1138 Nam
826 1102 874 1137 ut
913 1096 1097 1151 primum
1135 1095 1187 1137 de
1226 1102 1419 1152 tempore

73 1153 278 1208 colloquii
310 1152 528 1208 dicamus,
577 1159 645 1195 est
673 1152 779 1194 illud
815 1154 1011 1209 profecto
1060 1152 1146 1194 tale
1186 1152 1416 1207 delectum,

73 1209 192 1264 quod
225 1215 311 1251 tam
340 1210 496 1252 amoris
525 1209 731 1252 studiosis
761 1225 890 1264 quam
909 1208 1149 1251 rhetoricae
1179 1224 1230 1251 ae
1261 1208 1419 1253 dialec-

71 1266 184 1308 ticae
226 1266 470 1309 amantibus
512 1266 641 1323 longe
679 1267 735 1309 sit
772 1265 1278 1308 accommodatissimum.
1345 1266 1419 1309 In-

71 1322 177 1365 cidit
205 1323 366 1379 quippe
393 1338 531 1366 sermo
561 1324 605 1365 in
634 1323 845 1366 aestivum
874 1329 1067 1378 tempus3
1099 1340 1139 1364 v.
1171 1339 1212 1378 p.
1248 1324 1342 1369 229.
1361 1326 1418 1367 A.

72 1379 168 1422 230.
202 1379 274 1432 Ο.;
302 1381 628 1436 instituiturque
658 1381 772 1423 circa
801 1380 1038 1434 meridiem,
1071 1379 1173 1421 dum
1203 1380 1316 1422 inter
1351 1397 1420 1424 so-

70 1436 124 1480 lis
155 1443 322 1480 aestum
351 1437 526 1480 cicadae
555 1444 728 1480 acutum
761 1437 1006 1479 emittentes
1038 1443 1213 1480 cautum
1245 1437 1300 1479 ad
1332 1438 1420 1481 col-

70 1493 338 1549 loquendum
375 1500 506 1550 atque
545 1493 911 1537 confabulandum
955 1494 1146 1536 suaviter
1190 1494 1421 1537 exhortan-

72 1557 155 1592 tur.
193 1568 234 1593 v.
275 1568 317 1608 p.
362 1553 455 1594 229.
495 1553 552 1594 A.
583 1553 680 1594 330.
712 1550 762 1596 C.
793 1552 888 1593 242.
919 1552 977 1593 A.
1010 1552 1104 1593 259.
1137 1552 1193 1593 A.
1226 1552 1283 1597 D.
1323 1553 1425 1601 ,Ni-

71 1608 227 1650 mirum
259 1614 347 1650 tam
386 1609 542 1650 amoris
573 1609 668 1650 laus
709 1616 751 1650 et
781 1607 1071 1650 consideratio
1105 1624 1233 1663 quam
1263 1625 1426 1652 sermo-

71 1680 176 1706 num
215 1664 268 1706 de
311 1671 401 1707 arte
444 1665 661 1707 rhetorica
707 1664 1027 1707 miscendorum
1081 1665 1298 1721 cupiditas
1350 1681 1425 1708 eos

73 1720 182 1763 adeo
223 1728 459 1778 occupatos
500 1728 644 1774 tenet,
688 1729 737 1764 ut
764 1722 985 1776 laborum,
1028 1722 1103 1777 qui
1133 1722 1242 1777 ipsis
1275 1730 1426 1764 exant-

71 1777 191 1820 landi
235 1779 345 1832 sint,
395 1779 520 1820 facile
574 1779 888 1821 obliviscantur
935 1794 1076 1833 neque
1117 1794 1212 1821 sese
1274 1779 1428 1822 ardore

71 1835 178 1877 solis
207 1851 233 1877 a
262 1835 579 1878 confabulando
610 1836 697 1878 ullo
727 1835 857 1878 modo
886 1836 1061 1878 retineri
1090 1837 1336 1892 patiantur,
1379 1848 1429 1879 ut

73 1891 201 1934 facile
250 1907 400 1935 rursus
440 1893 486 1935 in
535 1893 601 1936 his
663 1908 950 1950 agnoscamus
1008 1893 1206 1935 homines
1266 1900 1309 1935 et
1366 1895 1429 1936 rei

74 1949 310 1991 amatoriae
341 1956 383 1992 et
408 1950 650 1993 rhetoricae
679 1950 750 1992 vel
781 1949 1033 1992 dialect-icae
1065 1950 1426 2005 studiosissimos,

76 2005 226 2060 quales
256 2012 383 2048 antea
411 2006 597 2050 vidimus
626 2007 819 2049 universi
849 2006 1012 2064 dialogi
1043 2007 1237 2051 rationes
1276 2009 1429 2064 utique

74 2062 157 2104 sibi
198 2062 444 2119 deposcere.
516 2064 614 2106 Nec
654 2079 758 2106 vero
798 2064 924 2105 aliter
963 2064 1246 2106 iudicandum
1277 2072 1344 2107 est
1376 2064 1430 2106 de

73 2118 294 2174 locorum,
341 2120 416 2163 ubi
464 2136 604 2163 sermo
649 2121 823 2163 habitus
863 2121 1066 2176 fingitur,
1119 2120 1429 2177 descriptione,

77 2190 203 2229 quam
235 2177 410 2232 quidem
438 2177 508 2219 vel
537 2177 636 2220 ideo
665 2178 877 2234 suspicari
904 2179 1010 2220 licet
1039 2193 1064 2219 a
1085 2178 1299 2233 scriptore
1330 2179 1432 2221 sub-

75 2231 271 2275 tilissime
321 2234 583 2277 elaboratam
633 2250 756 2289 esse,
807 2235 908 2289 quia
963 2241 1028 2276 est
1077 2235 1205 2276 solito
1251 2236 1433 2290 amplior

78 2293 123 2329 et
151 2290 379 2344 eopiosior.
439 2291 686 2334 Versantur
717 2291 832 2333 enim
860 2290 1089 2333 Phaedrus
1121 2300 1250 2346 atque
1275 2292 1432 2336 Socra-

76 2349 142 2386 tes
171 2346 276 2388 urbe
304 2348 456 2390 relicta
485 2348 530 2391 in
558 2349 654 2391 loco
686 2348 875 2404 quodam
901 2348 1202 2391 amoenissimo
1233 2349 1290 2391 ad
1314 2349 1434 2391 Ilissi

77 2400 194 2456 ripas
235 2403 314 2445 sub
355 2405 532 2461 platano
569 2406 728 2462 patulis
768 2405 899 2447 ramis
945 2403 1125 2457 diffusa3
1166 2423 1207 2448 v.
1246 2423 1289 2463 p.
1336 2408 1432 2448 227.

79 2457 139 2499 D.
171 2483 226 2488 —
257 2460 351 2503 230.
411 2462 481 2504 Ibi
510 2463 645 2520 igitur
673 2468 906 2518 postquam
939 2462 1244 2518 consederunt,
1277 2478 1432 2506 suaves

75 2514 262 2556 miscent
301 2531 537 2571 sermones3
584 2520 645 2561 ibi
684 2519 915 2561 amatorias
961 2517 1237 2562 declamitant
1275 2520 1435 2564 oratio-

78 2586 179 2623 nes3
223 2572 284 2614 ibi
327 2572 379 2615 de
415 2576 543 2619 rebus
593 2576 891 2633 gravissimis,
946 2575 998 2618 de
1042 2592 1209 2632 amore,
1252 2577 1305 2619 de
1343 2587 1433 2618 arte

81 2629 294 2683 oratoria,
328 2629 381 2672 de
413 2630 652 2687 dialectiea,
686 2632 1005 2688 disputationes
1039 2634 1283 2678 instituunt.
1343 2634 1434 2677 Ne-

83 2700 166 2740 que
195 2701 298 2729 vero
329 2702 416 2750 una
446 2690 634 2746 regionis
664 2689 900 2732 amoenitas
931 2696 1011 2744 est,
1045 2706 1155 2746 quae
1186 2693 1434 2747 colloquen-

1121 2757 1164 2798 G
