1687 2969
347 63 545 106 PHAE
572 62 779 106 DRYS.
812 64 862 106 P.
897 65 976 104 267
1012 63 1059 105 Qt

151 181 256 225 ΣΩ.
315 181 322 193 ’

1335 66 1411 106 179

323 181 578 237 Ορθόέπειά
614 186 659 236 γέ
699 199 771 231 τις,
811 173 843 223 ὦ
880 188 974 227 παῖ,
1011 184 1081 222 καὶ
1118 182 1231 224 ἄλλα
1269 182 1409 225 πολλὰ

45 267 117 292 και
155 247 283 292 καλά.
321 251 409 291 τῶν
443 266 489 302 3ε
525 267 614 304 μην
652 253 829 303 οὶκτιω)
834 246 922 289 όωυ
957 250 1024 288 ἐπὶ

1060 250 1201 305 3ῆοας
1230 252 1300 291 καὶ
1336 266 1411 292 πε-

45 320 147 359 νίαν
181 318 423 370 ἑλκομένων
455 314 533 370 λό3
537 334 596 357 ων
627 319 936 370 κεκρατηκέναι
986 318 1109 373 regiis
1152 333 1227 369 μοι
1262 317 1414 374 (faiis-

47 400 120 426 ται
157 381 206 427 τὸ
245 384 324 425 τοῦ
362 385 668 435 Χαλκηδονίων
705 384 885 431 obex-,09
920 378 1090 437 ὀρ3ίσαι
1130 399 1175 424 τε
1211 399 1269 425 av
1307 385 1413 426 πολ-

46 591 158 622 eaque
188 581 281 613 miris
307 582 512 614 commentis
529 583 597 615 suis
613 592 693 614 cou-

45 627 263 666 taminarunt‚
288 631 325 658 ut
354 627 694 661 Winckelmann.

47 671 167 707 Praef.
199 671 242 704 ad
274 672 328 704 ed.
356 673 471 708 Turic.
500 675 576 707 min.
604 685 636 716 p.
664 685 694 706 x.

45 718 120 752 Nec
157 728 240 750 vero
273 721 497 758 grammatice
539 725 695 762 spectata

47 765 151 797 verba
176 764 242 796 iam
270 765 369 797 ullam
402 764 526 798 habent
549 767 696 798 difficul-

46 815 164 844 tatem.
220 809 306 842 Nam
330 808 439 852 *quod
479 822 521 844 ex
558 814 697 853 Λικυμ-

46 858 123 887 wrm
147 855 371 898 repetendum
402 862 455 889 est
482 868 605 890 nomen
631 859 698 889 Λι-

48 900 203 944 κύμνιος,
229 902 417 934 illustravit
435 902 520 935 hauc
547 905 697 945 synesin,

47 948 192 980 Graecis
231 952 265 980 et
299 947 428 981 Latinis
467 960 698 988 communem,

48 994 281 1026 Porsonus
315 993 357 1025 ad
388 994 502 1037 Eurip.
541 996 632 1029 Med.
670 1006 698 1028 v.

47 1038 104 1074 22.
138 1039 290 1071 Astius
329 1038 370 1071 ad
404 1040 512 1083 Legg.
553 1052 585 1083 p.
618 1040 696 1074 447.

49 1084 153 1119 Quod
184 1088 299 1117 autem
331 1085 441 1126 ἐκείνῳ
471 1087 620 1120 refertur
655 1087 697 1119 ad

48 1131 194 1171 Polum,
230 1129 273 1163 de
303 1130 366 1163 hoc
389 1141 452 1164 usu
483 1143 513 1167 v.
541 1131 698 1165 Sohae-

46 1177 127 1210 fer.
162 1175 203 1208 ad
242 1176 418 1211 Demosth.
453 1181 527 1222 App
576 1179 631 1212 lll.
665 1189 697 1220 p.

52 1222 129 1257 100.
172 1222 464 1259 Bornemann.
520 1223 562 1257 ad
608 1226 698 1258 Xen.

50 1270 177 1313 Cyrop.
220 1267 259 1301 V.
304 1267 344 1309 2,
384 1268 439 1303 28.
485 1269 699 1303 Matthiae

50 1315 115 1347 Gr.
140 1316 172 1355 ἓ
200 1313 279 1347 471.
308 1314 360 1349 10.
396 1316 504 1348 Porro
529 1315 699 1357 εὐεπείας,

50 1370 241 1393 numerus·
265 1360 407 1402 pluralis
445 1362 591 1394 nominis
638 1362 698 1394 ab·

52 1407 185 1447 stracti,
211 1407 379 1439 neminem
410 1408 609 1448 morabitur,
642 1407 699 1449 qui

52 1451 246 1485 meminerit
278 1462 345 1493 qua
372 1453 450 1495 lege
485 1454 533 1485 ita
559 1453 700 1487 dicatur.

52 1497 194 1530 Positus
236 1498 323 1529 enim
371 1503 424 1530 est
464 1503 501 1530 ut
541 1498 700 1531 Latinum

53 1553 259 1581 veneres»,
286 1548 571 1584 venustates,
599 1555 701 1576 sua-

53 1599 73 1620 v
90 1588 145 1620 ita
155 1592 241 1628 tes,
269 1598 379 1629 neque
406 1590 525 1621 abusu
544 1589 702 1631 loquendi

55 1634 234 1667 Platonico
281 1635 492 1667 ullo-modo
531 1635 702 1670 abhorret.

56 1681 214 1722 Denique
247 1681 354 1722 prima
388 1681 551 1713 enuntiati
586 1682 702 1721 verba,

55 1736 145 1767 quae
171 1731 205 1758 et
229 1726 302 1767 ipsa
329 1737 505 1769 perperam
527 1731 605 1758 sunt
632 1728 703 1759 sol-

55 1772 199 1811 licitata,
231 1770 320 1803 hunc
351 1772 382 1803 iu
421 1771 558 1804 modum
593 1774 702 1815 expli—

40 1817 166 1861 Acauda
192 1827 391 1852 censemus:
427 1818 527 1850 Poli
553 1824 702 1850 autem

56 1869 177 1896 artes
237 1864 427 1896 musicas
476 1864 702 1905 quomodo

57 1919 331 1952 exponemus
371 1909 526 1942 nimirum
560 1910 625 1949 ita,
667 1914 704 1942 ut

56 1956 93 1988 id
108 1955 204 1988 -satis
231 1954 333 1997 digne
356 1955 425 1988 fiat.
474 1955 578 1989 Quod
612 1959 708 1998 patet

57 2002 140 2034 item
154 2001 281 2033 dictum
298 2011 375 2033 esse
400 2010 476 2033 cum
498 2001 607 2033 ironia
624 2011 707 2042 qua-

58 2047 150 2086 dam,
176 2045 315 2089 perinde
342 2057 382 2078 ac
410 2046 437 2077 si
464 2045 605 2078 facultas
632 2051 707 2079 tan-

59 2093 103 2124 tis
127 2092 273 2124 inventis
301 2092 513 2124 celebrandis
547 2102 608 2134 par
638 2092 710 2123 sin-

59 2137 186 2179 gularis
210 2148 289 2170 esse
314 2137 450 2171 debeat.
499 2137 584 2170 Nam
604 2136 709 2179 φρά-

63 2194 198 2224 σομεν
229 2183 276 2215 ita
310 2184 389 2224 poni
421 2183 555 2223 solere,
589 2183 642 2214 vel
669 2192 710 2214 ex

62 2238 105 2260 eo
130 2228 315 2269 intelligas,
355 2228 446 2269 quod
478 2227 570 2270 apud
600 2228 710 2260 Aris-

64 2274 193 2306 totel.
226 2273 302 2305 Pol.
339 2273 412 2306 VH.
447 2273 501 2307 12.
527 2272 714 2315 φράζοντες

65 2319 124 2351 καὶ
143 2318 353 2362 διορίζοντες
378 2320 580 2361 copulantur
600 2319 711 2361 quod-

65 2375 134 2407 que
175 2363 313 2406 φράζειν
350 2364 440 2406 apud
472 2364 711 2408 Thucydidem

65 2410 186 2443 alicubi
211 2409 300 2442 idem
327 2415 380 2441 est
400 2410 490 2450 quod
507 2409 713 2453 ἑρμηνεύειν.

66 2456 228 2488 Ceterum
263 2454 353 2496 quod
388 2465 496 2496 nuper
537 2466 577 2487 ex
617 2456 715 2489 Bodl.

67 2502 208 2543 aliisque
233 2501 327 2533 libris
355 2510 416 2541 pro
443 2497 482 2535 ὃς
510 2501 720 2542 scripserunt

67 2545 132 2587 ὡς,
166 2551 205 2578 nt
238 2546 269 2579 id
306 2550 400 2578 esset
432 2547 595 2585 veluti,
635 2547 721 2579 huuc

69 2602 170 2625 usum
222 2591 384 2634 loquendi
424 2590 593 2623 Graecum
645 2602 721 2624 esse

72 2638 211 2672 omnino
224 2647 413 2681 negamuu
441 2635 589 2669 debebat
610 2637 723 2679 potius

764 593 826 623 pro
852 580 894 618 ὡς
919 583 999 624 poni
1025 578 1116 621 οἷον,
1143 587 1179 613 ut
1206 585 1297 613 recta
1325 586 1416 613 osset

764 628 886 661 oratio

812 672 1142 716 Πρωτα3ορειη
1183 674 1229 704 δέ
1258 691 1301 694 ——
1342 671 1416 702 οὐκ

766 722 812 759 vj»
841 733 860 750 ιι
875 723 996 751 introi
1022 719 1084 760 -—]
1107 719 1310 759 '‘OQOosnem
1328 718 1417 750 Pro-

767 770 909 806 tagorae
937 766 1009 797 sine
1027 765 1127 797 dubio
1144 765 1298 797 similiter
1315 768 1416 805 atque

768 810 948 852 descripsit
974 811 1154 845 Quintil.
1183 812 1262 843 lust.
1286 810 1310 842 l.
1335 820 1363 843 c.
1385 809 1417 842 (ἶ.

768 860 798 898 g.
828 858 865 891 17
892 868 964 898 sqq.
993 862 1129 889 versata
1157 862 1209 889 est
1241 858 1273 888 in
1299 856 1415 888 formis

767 903 998 944 grammaticis
1027 903 1232 944 explicandis
1256 902 1416 933 definien-

768 948 881 990 daque
897 954 991 980 recte
1010 950 1193 981 verborum
1208 948 1418 986 elocutione3

768 1005 797 1028 v.
827 998 850 1026 A
866 995 1009 1026 ristot.
1029 994 1134 1027 Rhet.
1154 994 1210 1028 ΙΙΙ.
1236 995 1266 1027 5.
1285 994 1334 1025 De
1351 993 1418 1024 So-

769 1039 906 1081 phistar.
922 1040 1058 1073 Elench.
1078 1050 1110 1081 p.
1127 1039 1205 1074 574.
1228 1040 1280 1072 ed.
1298 1038 1417 1071 Buhle.

768 1090 802 1117 et
825 1095 914 1127 quae
940 1086 1125 1128 disputavit
1143 1086 1197 1127 Sp
1211 1095 1258 1117 en
1272 1096 1293 1126 g
1308 1095 1324 1117 e
1340 1085 1358 1117 1.
1386 1096 1417 1126 p.

766 1130 811 1164 42
844 1142 893 1172 sq.
959 1131 1033 1164 Noli
1073 1136 1190 1164 autem
1229 1142 1303 1164 eam
1341 1140 1418 1162 cum

769 1176 948 1220 ὀρθότητι
981 1176 1160 1218 ὀνομάτων
1194 1175 1416 1215 confundere,

767 1223 863 1254 cuius
895 1223 1051 1255 doctrina
1086 1224 1254 1265 explicata
1289 1222 1418 1254 eratin

768 1269 853 1301 libro
875 1267 1065 1310 Ἀληθείας
1082 1269 1217 1301 nomine
1243 1268 1418 1309 inscripto.

767 1313 800 1346 id
834 1314 924 1356 quod
958 1319 1100 1357 apparet
1133 1325 1151 1346 e
1185 1316 1263 1347 loco
1291 1314 1418 1356 Cratyli

768 1371 801 1403 p.
832 1360 909 1394 391.
944 1360 982 1393 C.
1020 1361 1149 1392 Locum
1185 1370 1248 1391 nec
1282 1359 1419 1391 Heiu-

771 1406 883 1440 ‹lorf.
908 1416 971 1439 nec
999 1406 1153 1438 Astius
1185 1409 1280 1437 recte
1316 1405 1420 1437 inter-

770 1453 893 1494 pretati
921 1457 1009 1485 suut.
1058 1451 1219 1489 Ceterum
1242 1451 1284 1482 de
1300 1451 1417 1492 μέντοι

772 1499 817 1529 ita
844 1498 957 1539 posito
982 1508 1011 1527 v.
1040 1495 1083 1528 ad
1110 1507 1142 1538 p.
1169 1497 1247 1530 229.
1276 1496 1313 1529 Β.

818 1547 898 1575 τῶν
934 1554 976 1584 γε
1022 1542 1106 1584 μὴν
1145 1540 1422 1582 οἱκῖρογόων

772 1589 838 1629 —]
873 1587 1147 1629 Thrasymachus
1173 1587 1423 1619 Chalcedonius

773 1634 851 1675 quid
878 1635 909 1666 in
935 1639 1007 1666 arte
1034 1632 1169 1666 dicendi
1195 1633 1335 1665 efficere
1352 1637 1423 1664 stu-

773 1680 887 1711 duerit
913 1681 964 1711 vel
996 1679 1171 1718 effecerit,
1206 1679 1335 1720 optime
1361 1677 1423 1709 do-

773 1731 914 1757 cuerunt
939 1725 1151 1766 Spengel.
1191 1724 1215 1757 l.
1250 1734 1278 1757 ο.
1313 1735 1346 1765 p.
1380 1723 1424 1756 93

772 1782 844 1812 sqq.
879 1771 918 1804 C.
954 1770 1009 1802 Fr.
1051 1770 1280 1802 Hermann.
1320 1770 1422 1801 Com-

776 1822 878 1850 ment.
930 1816 979 1848 De
997 1814 1255 1857 Thrasymacho
1279 1815 1425 1847 Chalce-

772 1863 875 1895 donio
908 1862 1097 1904 praemissa
1131 1861 1234 1893 ludici
1270 1860 1424 1892 Scholar.

775 1908 937 1942 Academ.
964 1908 1094 1949 Georg.
1123 1909 1210 1947 Aug.
1245 1917 1263 1938 a
1292 1906 1424 1941 1848-—

775 1955 830 1989 49.
864 1953 901 1993 43
944 1964 1045 1994 quem
1079 1953 1238 1984 consulas
1272 1952 1426 1995 inprimis

775 2012 807 2042 p.
826 1999 866 2033 ll.
895 2004 929 2031 et
948 1999 1069 2031 Franc.
1097 1997 1293 2030 Dorotheus
1323 1998 1426 2029 Ger-

777 2046 874 2078 lach
903 2045 935 2076 in
965 2045 1069 2077 libro:
1105 2042 1316 2075 His-torisehe
1346 2044 1426 2074 Stu-

779 2091 857 2123 dien
872 2102 904 2133 p
920 2089 975 2122 32.
997 2100 1069 2130 sqq.
1119 2088 1297 2120 'lractmit
1314 2094 1428 2120 autem

778 2136 993 2180 potissimum
1014 2139 1122 2166 artem
1133 2134 1318 2166 affectuum
1333 2144 1428 2166 com-

779 2193 857 2215 mox
863 2180 1042 2219 endorum,
1069 2179 1159 2220 quod
1192 2184 1429 2220 argumentum

779 2228 926 2261 habuere
953 2226 1027 2257 eius
1054 2225 1126 2257 libri
1138 2224 1249 2256 Ελεοι
1268 2225 1431 2267 inscripti.

779 2285 810 2307 v.
847 2272 1038 2304 Aristot.
1073 2270 1181 2304 Rhet.
1214 2270 1276 2304 Ill.
1309 2271 1341 2302 .l.
1376 2270 1431 2304 20.

780 2317 990 2352 Hermias
1015 2327 1046 2358 p.
1075 2315 1150 2349 192.
1176 2315 1347 2349 Quocirca
1370 2315 1434 2348 hoc

781 2367 858 2398 loco
884 2366 1039 2394 narratur
1063 2366 1137 2393 arte
1171 2362 1363 2394 orationum
1392 2363 1435 2393 ad

786 2412 1000 2442 senectutem
1050 2411 1152 2448 atque
1199 2412 1435 2449 paupertatem

787 2453 1075 2488 traducendarnm
1110 2455 1311 2485 excelluisse
1347 2456 1437 2485 exci-

790 2499 914 2533 tandae
929 2498 1183 2530 misericordiae
1201 2501 1321 2541 gratia.
1348 2499 1438 2530 Poe-

790 2546 857 2578 tica
871 2544 1034 2576 orationis
1047 2543 1156 2576 forma
1166 2544 1266 2577 Plato
1283 2544 1346 2576 hoc
1364 2546 1440 2576 locu

791 2601 873 2622 usus
901 2589 1048 2630 videtur,
1073 2589 1163 2630 quod
1191 2590 1360 2622 hominem
1379 2589 1441 2620 mi-

794 2635 986 2668 serabiliter
1034 2635 1293 2678 grandiloquum
1341 2631 1441 2666 vellet

1084 2690 1178 2730 12⁰*
