1687 2969
459 200 702 240 GORGIAS.
733 201 775 238 P.
808 203 900 238 453.
932 202 990 239 ed.
1023 201 1078 240 St.
1370 203 1443 239 101

99 308 180 364 ἐγὼ
209 309 288 364 τὴν
326 310 410 351 ἀπὸ
440 315 513 363 τῆς
549 309 773 363 ῥητορικῆς
812 311 974 357 πειθώ,
1016 308 1104 362 ἥτις
1133 309 1226 350 ποτ’
1257 307 1370 350 ἐστὶν
1397 309 1452 362 ἣν

97 374 151 415 σὺ
190 373 321 450 λέγεις
367 374 438 416 καὶ
477 374 572 427 περὶ
621 366 813 415 ὧντινων
861 375 1122 427 πραγμάτων
1164 372 1248 414 ἐστὶ
1298 375 1449 424 πειθώ,

97 442 245 492 σαφῶς
272 439 349 493 μὲν
378 436 425 480 εὖ
454 433 538 480 ἴσθ’
570 438 633 479 ὅτι
663 440 741 481 οὐκ
771 435 881 490 οἶδα,
912 441 963 480 οὐ
991 438 1077 492 μὴν
1106 439 1195 479 ἀλλ’
1224 439 1451 480 ὑποπτεύω

58 519 141 558 -γε
170 506 225 558 ἢν
255 501 374 558 οἶμαί
402 515 447 546 σε
475 504 611 557 λέγειν
639 504 709 545 καὶ
736 503 831 557 περὶ
870 496 1122 545 cim-0176&
1151 503 1295 558 μέντοι
1323 497 1452 558 ἧττον

96 569 301 624 ἐρήσομαί
328 579 395 618 σε,
434 570 529 611 τίνα
568 569 668 610 ποτὲ
708 568 839 621 λέγεις
876 568 954 622 τὴν
983 569 1117 610 πειθὼ
1147 584 1225 622 την
1265 570 1348 610 απὸ
1378 575 1451 622 τῆς

96 635 320 689 ῥητορικῆς
356 635 426 676 καὶ
464 634 560 687 περὶ
598 635 727 675 τίνων
769 633 905 687 αὐτὴν
941 630 1062 674 εἶναι.
1104 640 1180 674 τοῦ
1210 630 1290 675 οὖν
1330 634 1453 676 ἕνεκα

96 700 147 754 δὴ
178 700 306 748 αὐτὸς
333 700 589 741 ὑποπτεύων
618 710 662 740 σε
693 699 909 753 ἐρήσομαι,
939 693 1025 739 ἀλλ’
1057 699 1136 739 οὐκ
1166 700 1292 747 αὐτὸς
1321 698 1449 753 λέγω,-

96 766 148 807 οὐ
177 772 257 806 σοὺ
285 763 421 814 ἕνεκα,
451 764 556 805 ἄλλα
584 772 661 805 τοῦ
690 766 835 817 λόγου,
868 765 937 805 ἵνα
969 763 1080 804 οὕτω
1108 764 1257 818 προΐῃ,
1290 764 1346 813 ὡς
1375 765 1450 818 μα’-

95 825 195 871 λιστ’
227 829 280 870 ἂν
307 830 411 884 ἡμῖν
439 829 680 882 καταφανὲς
708 833 828 870 ποιοῖ
853 828 947 881 περὶ
975 828 1077 870 ὅτου
1100 826 1274 882 λέγεται.
1304 831 1452 870 σκόπει

42 919 71 932 .-
94 897 200 949 γοὲρ,
245 895 284 936 εἴ
320 905 386 937 σοι
427 895 540 936 δοκῶ
578 895 749 943 δικαίως
789 895 1008 947 ἀνερωτᾶν
1047 906 1102 935 σε.
1149 893 1283 946 ὥςπερ
1321 895 1375 935 ἂν
1417 896 1452 936 εἰ

95 959 329 1014 ἐτύγχανόν
357 970 401 1001 σε
431 958 622 1012 ἐρωτῶν,
662 960 723 1008 τίς
763 957 848 1000 ἐστι
891 962 976 1000 τῶν
1017 960 1253 1013 ζωγράφων
1285 959 1444 1010 Ζεῦξις,

164 1091 264 1137 Ἐγώ
297 1093 383 1136 ἐρῶ
417 1092 515 1136 νῦν]
558 1094 685 1125 Deerat
720 1093 825 1135 vulgo
859 1091 961 1135 Ἐγώ,
1004 1092 1093 1134 quod
1128 1096 1305 1134 praestant
1336 1093 1452 1125 Clark.

98 1140 203 1173 Coisl.
235 1140 312 1172 Par.
343 1139 538 1171 BCFIW.
569 1139 672 1170 Vind.
697 1138 727 1170 1.
752 1138 783 1170 2.
807 1137 838 1170 6.
871 1139 963 1169 Flor.
994 1149 1023 1169 a.
1055 1147 1084 1169 c.
1118 1138 1148 1169 d.
1181 1139 1204 1170 f.
1236 1149 1279 1170 m.
1312 1149 1341 1170 ο.
1367 1149 1394 1170 s.
1419 1150 1453 1170 x.

99 1196 175 1217 cum
200 1184 251 1217 ed.
275 1186 353 1216 Bas.
378 1183 409 1217 2.
456 1184 613 1216 Alterum
640 1183 676 1226 ἐγ
681 1181 706 1215 ὠ
731 1183 856 1215 deest'
848 1195 883 1214 in
908 1184 984 1215 Par.
1008 1183 1034 1214 I.

166 1230 205 1263 C.
252 1229 508 1269 καταφαιὲ5·
543 1197 680 1272 ποιοῖγ]
714 1233 793 1271 ποιῇ
818 1229 895 1260 Bas.
921 1228 952 1260 2.
977 1238 1055 1260 eum
1079 1229 1155 1260 Vat.
1182 1229 1224 1259 A.
1259 1229 1345 1260 Ven.
1373 1227 1452 1259 ΞΣ

100 1276 203 1307 Vind.
227 1275 258 1308 2.
283 1274 313 1308 6.
343 1274 434 1306 Flor.
460 1274 491 1306 d.
524 1275 614 1316 Aug.
639 1275 779 1306 Meelm.
803 1273 902 1306 Bodl.
926 1273 1076 1305 Routhii.
1123 1274 1247 1305 Paullo
1280 1278 1360 1305 ante
1386 1273 1449 1304 οὐ]

99 1325 177 1363 post
202 1324 260 1352 τοῦ
283 1331 348 1353 om.
375 1319 479 1352 Coisl.
505 1320 606 1352 Vind.
632 1318 661 1351 1.
687 1319 718 1352 6.
750 1320 826 1352 Par.
852 1319 981 1351 EFW.
1015 1318 1108 1350 Flor.
1132 1319 1153 1349 f.
1180 1329 1206 1350 s.

96 1433 379 1476 perspicuum
417 1431 564 1464 facere
598 1432 742 1473 possit
814 1441 877 1461 σου
904 1428 1075 1469 διδάσκει,-
1111 1430 1176 1463 Sed
1200 1441 1265 1463 nec
1290 1431 1355 1463 hoc
1380 1441 1456 1463 cum

96 1477 232 1517 illud,
279 1477 328 1509 de
369 1487 449 1518 quo
489 1487 627 1509 sermo
666 1481 739 1508 est.
812 1477 1109 1518 argumentatione
1142 1476 1310 1518 congruit.
1365 1476 1456 1517 Quid

99 1534 131 1554 v.
157 1523 200 1554 ad
223 1523 277 1564 Ly
279 1523 377 1564 sinp
382 1520 489 1554 ,207.
519 1522 558 1553 Ε.
595 1521 739 1554 Phaedr.
811 1523 901 1552 enim
935 1521 978 1553 ad
1010 1533 1081 1553 rem
1113 1522 1271 1561 interest,
1312 1525 1350 1552 ut
1380 1522 1456 1563 quis

100 1567 177 1601 230.
201 1568 240 1599 B.
265 1566 340 1599 231.
366 1567 406 1598 A.
431 1565 564 1599 262.D
811 1567 958 1608 pretium
991 1567 1095 1606 sciat,
1127 1567 1218 1608 quod
1244 1567 1371 1598 Zeuxis
1394 1577 1455 1608 pro

148 1612 293 1667 ὥςπερ
320 1610 371 1643 ἰὶι
395 1623 433 1644 ει
461 1610 601 1654 ἑτῢγχ.
625 1629 669 1634 -
702 1612 746 1643 εἴ
811 1612 939 1643 tabulis
985 1622 1004 1642 a
1045 1622 1079 1643 se
1123 1613 1226 1653 pictis
1278 1613 1456 1664 exegerit-‘1’

102 1669 173 1697 μοι
197 1653 326 1690 εἶπες
345 1656 399 1700 -]
425 1657 552 1689 Eadem
578 1657 742 1688 orationis
812 1657 983 1696 Quocirca
1031 1656 1134 1688 aliam
1174 1657 1340 1689 rationem
1379 1657 1458 1688 iniit

101 1703 212 1735 forma
251 1702 393 1734 Theaet.
445 1713 477 1743 p.
513 1700 587 1734 147.
618 1702 669 1733 A:
711 1702 747 1733 εἴ
812 1702 990 1741 Coraes,
1024 1702 1082 1743 qui
1106 1702 1154 1733 ita
1179 1701 1318 1734 scribit:
1350 1697 1456 1740 οἶμαι,

103 1760 149 1782 τις
174 1745 259 1790 ἡμᾶς
285 1751 352 1779 τῶν
370 1745 515 1788 φαύλων
541 1759 565 1778 τι
585 1747 638 1778 καὶ
658 1758 741 1787 προ·
811 1747 942 1788 inquit,
973 1745 1176 1789 γεγράφθαι
1213 1745 1312 1778 πάλαι
1353 1746 1455 1784 TOT,

103 1804 232 1835 χείρων
257 1793 388 1847 ἔρθίϊθ,
413 1811 457 1816 -·
481 1804 511 1823 Et
538 1804 742 1833 ίίῗῐθκρίϊάἰ·
813 1791 963 1823 rovtf'olc
990 1804 1082 1825 ZL7'OS
1108 1790 1185 1825 'Ul-OS
1223 1791 1315 1823 ἐστίν
1344 1803 1362 1822 0
1391 1794 1456 1832 ζω-

103 1839 194 1877 μεθα
227 1834 318 1870 αὐτῶ
351 1856 411 1875 —-,
447 1835 511 1869 οὐκ
542 1835 587 1869 ἃ]
618 1838 743 1880 γελοῖοι
812 1835 950 1880 γράφος
978 1836 1124 1877 Ζεῦξις;
1173 1837 1238 1869 Sed
1262 1837 1371 1869 fateor
1394 1847 1457 1868 nec

102 1884 219 1923 &Luem
243 1884 382 1915 Menon.
407 1893 439 1925 p.
459 1881 510 1915 74.
525 1883 570 1914 B:
596 1884 633 1914 εἶ’
643 1895 690 1915 ns
707 1892 744 1913 σε
811 1883 878 1914 hoc
903 1881 1071 1913 desiderio
1095 1882 1309 1921 satisfacere,
1341 1886 1458 1924 utpote

103 1925 284 1969 αἰέροιτο,
316 1930 349 1960 τί
371 1927 440 1960 ἐστι
467 1931 591 1970 σχῆμα,
619 1922 645 1959 ὦ
671 1926 743 1959 Ue'·
813 1927 1056 1969 disputationis
1088 1927 1235 1960 consilio
1266 1929 1380 1959 minus
1406 1938 1459 1959 ac-

106 1971 373 2016 1·ωι;ειάὐτςῦ
398 1968 513 2009 εἶπες,
546 1971 594 2004 ὅτι
623 1983 743 2014 στρογ-
813 1972 1075 2005 commodatum.
1123 1974 1196 2005 Nec
1220 1983 1300 2005 vero
1325 1972 1379 2004 illi
1402 1984 1459 2004 ex-

101 2016 256 2073 γυλότης,
289 2019 327 2050 εἴ
349 2029 401 2050 σοι
425 2013 525 2050 εἶπεν
550 2016 637 2056 α’περ
665 2016 746 2071 ἐγώ·
813 2018 910 2060 plent
933 2018 1096 2057 animum,
1121 2019 1180 2060 qui
1198 2021 1266 2049 ποῦ
1283 2022 1458 2060 utcunque

103 2081 146 2087 -
178 2059 274 2097 εἶπες
307 2062 419 2106 δήπου
452 2061 516 2102 ἂν,
555 2061 604 2094 ὅτι
639 2060 746 2106 σχῆμά
814 2063 995 2095 defendere
1028 2064 1141 2094 conati
1172 2066 1263 2095 sunt.
1311 2063 1397 2094 Nam
1423 2066 1462 2094 ut

102 2108 204 2140 ἐστιν.
249 2110 423 2150 Protagor.
456 2119 488 2150 p.
519 2106 596 2140 311.
628 2108 667 2139 B.
700 2108 744 2139 C:
813 2109 990 2140 mittamus
1029 2118 1101 2146 eos,
1146 2109 1204 2149 qui
1243 2108 1347 2140 verba.
1390 2117 1460 2139 non

103 2153 137 2185 εἰ
160 2153 199 2186 δὲ
223 2151 316 2195 παρὰ
338 2151 568 2185 Πολύκλειτον
591 2151 746 2185 ἑπειόεις
815 2154 918 2185 nimis
958 2152 1143 2194 premenda
1182 2163 1256 2184 esse
1288 2152 1355 2184 sibi
1388 2163 1461 2193 per-

105 2196 316 2239 ἀφικόμενος
343 2195 475 2238 μισθὸι
499 2195 588 2239 ὑπὲρ
617 2201 746 2229 οαιτοῦ
816 2202 997 2230 suaserunt
1044 2197 1189 2239 ideoque
1230 2201 1298 2229 ποῦ
1342 2208 1462 2229 revera

107 2245 216 2276 τελεῖν
239 2261 293 2281 -,
318 2244 355 2275 εἴ
376 2245 424 2276 τίς
451 2253 489 2274 σε
515 2240 615 2285 ήρετο
637 2261 690 2281 ——,
718 2245 751 2274 τί
815 2247 980 2285 putarunt
1019 2243 1232 2284 significare:
1280 2243 1323 2273 in
1365 2253 1463 2284 quo-

105 2286 149 2319 ἂι
174 2287 372 2331 ἀπεκρίιω;
407 2289 514 2330 Legg.
546 2299 577 2330 p.
602 2286 678 2320 662.
816 2299 909 2320 nam
952 2291 1167 2319 terrarum
1206 2288 1322 2327 loco,
1371 2287 1463 2329 quod

107 2333 151 2364 al.
212 2334 345 2366 Deinde
377 2333 569 2365 molestiam
608 2289 749 2364 facessit
816 2333 966 2375 profecto
991 2332 1157 2364 absonum
1184 2336 1235 2364 est
1259 2343 1300 2364 ac
1323 2343 1366 2364 ne
1389 2337 1463 2364 tum

106 2377 196 2409 istud
213 2379 269 2410 καὶ
287 2381 355 2410 ποῦ
364 2390 375 2417 ,·
400 2378 491 2420 quod
506 2381 620 2410 tamen
645 2379 747 2410 etiam
817 2377 954 2420 quidem
971 2378 1226 2409 ratiocinationi
1241 2378 1463 2417 conveniens,

106 2422 279 2455 scholiast.
331 2423 457 2455 codicis
496 2422 612 2455 Clark.
654 2423 748 2465 legit,
817 2424 847 2455 si
881 2433 959 2455 omn
994 2423 1244 2465 Voegelino
1286 2424 1366 2455 Act.
1404 2423 1464 2455 So-

106 2468 167 2509 qui
190 2468 373 2510 adscripsit
395 2468 502 2500 haec:
538 2467 578 2499 ἐν
613 2471 650 2510 τῇ
676 2480 748 2499 ποι-
818 2468 931 2500 cietat.
959 2467 1080 2500 Graec.
1107 2469 1201 2509 Lips.
1218 2467 1296 2500 Vol.
1312 2469 1338 2500 I.
1362 2468 1463 2499 Fasc.

106 2514 181 2554 κίλῃ
217 2516 307 2555 στοᾷ.
360 2513 448 2544 Nam
479 2513 520 2545 de
551 2513 648 2553 loco,
690 2513 748 2544 ubi
818 2514 861 2545 ΙΙ.
887 2523 919 2554 p.
945 2510 1020 2546 233.
1060 2517 1250 2545 statuamus
1280 2513 1347 2544 loci
1371 2523 1464 2544 men-

110 2558 237 2589 zeuxis
261 2559 428 2600 pingeret,
456 2558 607 2600 profecto
634 2558 750 2599 quaeri
818 2559 911 2589 tione
935 2567 1042 2589 unum
1076 2569 1119 2590 ex
1143 2557 1300 2600 pluribus
1327 2555 1463 2599 ζωγρά-

109 2613 202 2634 nunc
230 2613 299 2634 non
320 2603 441 2644 potuit.
480 2604 599 2645 Itaque
624 2604 751 2634 Hein-
821 2614 900 2643 φοις
925 2603 1035 2634 notari
1060 2607 1093 2634 et
1117 2613 1136 2634 a
1161 2603 1281 2635 ceteris
1304 2602 1464 2634 omnibus

106 2648 214 2680 dorf.
240 2645 352 2679 πόσου
377 2647 561 2690 legendum
593 2649 751 2688 coniecit,
820 2647 987 2687 discerni,
1021 2648 1179 2690 displicet
1210 2649 1313 2679 etiam
1345 2647 1465 2678 Astii

111 2703 313 2734 comparans
345 2691 407 2724 illa
430 2692 575 2735 Apolog.
602 2693 694 2725 Socr.
718 2704 751 2734 p.
820 2693 1072 2734 interpretatio,
1106 2693 1165 2734 qui
1196 2692 1302 2724 verba
1334 2692 1383 2724 sic
1409 2703 1467 2724 ex-

110 2736 165 2771 20.
189 2738 234 2770 B:
275 2740 321 2772 τίς
346 2738 401 2770 καὶ
427 2737 584 2772 ποδαπὸς
610 2738 664 2770 καὶ
691 2736 753 2771 πό·
821 2737 982 2781 plicavit:
1018 2738 1136 2771 welche
1166 2738 1287 2771 Thiere
1318 2736 1401 2770 malt
1431 2747 1468 2770 er
