1687 2969
468 222 712 263 GORGIAS.
743 223 786 260 P.
818 226 912 261 450.
943 223 1002 261 ed.
1034 224 1090 262 St.
1394 226 1442 260 91

93 333 199 376 εἰσὶν
225 333 329 388 ἡμῖν
356 331 518 386 τέχναι·
549 327 575 386 ἧ
603 332 710 385 γάρ;
751 333 877 372 ΓΟΡ.
911 331 1012 371 Ναί.
1062 333 1162 371 Σῼ.
1195 333 1358 371 Πασῶν
1386 328 1445 377 δέ,

65 396 233 453 οἶμαι,
271 401 359 439 τῶν
385 400 544 452 τεχνῶν
571 412 659 438 των
699 395 775 450 μὲν
805 395 979 448 ἐργασία
1016 395 1064 436 τὸ
1104 396 1216 437 πολύ
1254 394 1339 437 ἐστι
1376 394 1447 437 καὶ

72 460 225 529 Ιλόγου
255 463 435 517 βραχέος
472 460 660 511 δέονται,
703 459 810 502 ἔνιαι
848 459 892 501 δὲ
921 461 1120 509 οὐδενός,
1163 461 1268 502 άλλα
1297 459 1344 502 τὸ
1373 467 1447 514 τῆς

93 528 238 584 τέχνης
276 529 520 581 περαίνοιτο
549 543 604 568 αν
637 525 707 568 καὶ
744 525 813 566 διὰ
853 531 995 578 σιγῆς,
1039 520 1134 566 οἱον
1161 524 1349 580 γραφικὴ
1378 524 1448 567 καὶ

95 595 446 647 άνδριαντοποιία
467 592 537 634 καὶ
565 595 686 633 ἄλλαι
707 592 868 633 πολλαί
897 589 971 638 τὰς
994 591 1192 640 τοιαύτας
1220 606 1291 644 μοι
1311 591 1450 639 δοκεῖς
1489 593 1530 634 D

94 659 242 712 λέγειν,
272 657 368 711 περὶ
396 660 446 706 ἃς
473 658 526 698 οὐ
547 654 634 711 φῂς
649 656 729 710 τὴν
757 653 988 710 ῥητορικὴν
1008 651 1128 695 εἶναι.
1159 655 1185 708 ἢ
1215 659 1290 705 οὔ,
1321 658 1361 697 Γ
1362 657 1446 696 ΟΡ.

97 725 226 764 Πάνυ
255 722 333 775 μὲν
361 719 441 764 οὖν
468 725 607 771 καλῶς
634 722 964 775 ὑπολαμβάνεις..
996 714 1028 760 ὦ
1057 719 1296 771 Σώκρατες.
1346 722 1447 761 ΣΩ.

94 792 251 842 Ετεραι
279 787 324 829 δέ
356 787 403 841 γε’
432 788 511 829 εἰσι
538 790 624 828 τῶν
651 789 832 840 τεχνῶν,
863 787 906 826 αἳ
934 784 1003 826 διὰ
1033 785 1165 838 λόγου
1195 793 1281 826 παν
1310 786 1448 838 περαί-

92 863 218 896 νουσι
245 853 314 894 καὶ
344 851 487 907 ἔργου,
517 854 574 901 ὡς
601 850 702 900 ἔπος
731 852 872 899 εἰπεῖν,
904 850 930 903 ἢ
961 850 1137 898 οὐδενὸς
1172 849 1449 903 προςδέονται

91 919 117 973 ἢ
148 917 327 973 βραχέος
354 920 483 968 πάνυ,
514 913 609 959 οἷον
630 917 888 971 ἀριθμητικὴ
917 916 988 958 καὶ
1010 915 1224 970 λογιστικὴ
1253 915 1321 957 καὶ
1348 930 1447 969 γεω-

37 997 76 1033 7<
94 982 265 1039 μετρικὴ
293 983 364 1025 καὶ
393 985 636 1037 πεττευτική
666 997 713 1036 γε
751 980 821 1023 καὶ
850 984 971 1023 α’λλαι
1007 982 1160 1022 πολλαὶ
1187 979 1348 1034 τέχναι,
1388 973 1450 1022 ὧν

157 1131 200 1163 D.
249 1126 352 1162 οἷον
387 1126 660 1171 ἀριθμητικὴ
698 1128 767 1160 καὶ
806 1126 1053 1171 λογιστική]
1106 1128 1195 1160 Ante
1238 1124 1446 1170 αριθιιητικὴ

91 1175 273 1207 articulum
305 1172 325 1218 ἡ
357 1185 421 1206 0111.
454 1174 556 1209 Vind.
582 1173 612 1206 1.
637 1173 668 1206 2.
695 1172 725 1206 7.
751 1173 856 1205 Coisl.
905 1173 971 1205 Sed
1002 1177 1080 1205 ante
1107 1172 1274 1216 λογιστική
1307 1177 1339 1204 et
1364 1184 1447 1215 γεω-

93 1218 231 1263 μετρικὴ
268 1223 302 1251 et
337 1231 455 1251 πεττευ
460 1217 529 1262 τική
566 1219 664 1252 codd.
702 1229 819 1251 omnes
856 1219 1007 1260 exceptis
1042 1219 1118 1250 Par.
1155 1219 1194 1250 E.
1231 1219 1321 1250 Flor.
1357 1219 1380 1250 f.
1415 1229 1448 1249 x.

92 1266 195 1298 Vind.
219 1265 250 1298 6.
276 1265 423 1297 eundem
447 1266 619 1308 ignorant.
667 1265 798 1305 Quater
822 1273 898 1296 eum
924 1263 1135 1296 sustulimus
1162 1274 1195 1296 v.
1221 1267 1337 1296 annot.

91 1398 169 1442 τάχ’,
195 1395 223 1433 ὦ
247 1397 363 1443 ’γαθέ,
399 1399 532 1453 βέλτιον
553 1398 735 1438 εἰσόμεθα.
806 1397 869 1437 μέν
887 1397 1078 1438 subiicitur,
1101 1397 1135 1429 id
1162 1397 1249 1429 nihil
1272 1398 1377 1429 habet
1400 1399 1450 1429 in-

92 1444 391 1498 8οΡ11151.Ρ.247.
409 1446 460 1477 D:
486 1442 522 1476 τὸ
547 1449 649 1477 ποῖον
675 1443 737 1486 δή;

93 1490 186 1534 λέγε,
223 1491 278 1523 καὶ
312 1488 391 1532 τάχα
422 1488 604 1529 εισόμεθα.
650 1490 735 1542 Min.

93 1547 124 1579 Ρ.
145 1534 222 1569 314.
242 1536 286 1568 C:
313 1534 391 1577 τάχα
417 1534 455 1568 δὲ
477 1533 619 1574 ἄμεινον
641 1533 736 1567 εἰσό-

94 1583 186 1621 μεθα
203 1575 282 1613 ὦδε.
323 1581 503 1623 Significat
521 1585 633 1612 autem
659 1580 737 1620 τάχα

92 1628 130 1658 111
160 1627 225 1659 11αο
254 1626 401 1658 formula
425 1627 594 1665 statim,
629 1636 736 1664 mox,

93 1683 160 1704 usu
191 1671 282 1714 apud
313 1682 433 1713 prosae
469 1671 634 1703 orationis
658 1671 738 1702 scri·

92 1721 206 1760 ptores
229 1717 367 1756 rariore,
392 1727 422 1748 v.
449 1716 668 1749 Ruhnken.
695 1715 738 1747 ad

93 1763 219 1803 Τ1111.Ρ
222 1760 316 1794 .1ῐ)1.
341 1763 528 1803 Lennep.
543 1761 585 1793 ad
598 1760 736 1793 Phalar.

93 1808 156 1850 Ep
181 1806 236 1839 95.
292 1806 398 1840 ..267
432 1807 659 1839 Grammat.
683 1817 734 1847 ap.

94 1853 241 1884 Bekker.
266 1818 443 1884 pAnecdot.
470 1853 510 1884 T.
536 1852 562 1883 Ι.
593 1863 626 1906 p.
650 1849 735 1884 309:

94 1896 192 1950 τάχα
211 1895 309 1939 παρὰ
328 1901 397 1931 τοῖς
415 1901 569 1939 ποιηταῖς
586 1895 659 1929 α’ντὶ
678 1900 737 1928 τοῦ

93 1942 269 1984 ταχέως·
302 1941 394 1983 παρὰ
427 1941 466 1974 δὲ
498 1947 567 1976 τοῖς
575 1939 737 1997 ῥήτορσι

94 1987 139 2020 τὰ
171 1987 302 2020 πολλὰ
334 1985 533 2029 ευρίσκεται
562 1984 638 2019 dm*
677 1990 737 2018 τοῦ

95 2033 201 2066 ἴσως
222 2034 395 2072 κειμενον.
418 2034 486 2065 Pro
504 2033 590 2066 ἴσως
609 2032 736 2063 dictum

95 2079 199 2111 etiam
218 2078 284 2111 1100
307 2078 383 2110 1000
408 2078 541 2120 accepit
565 2078 736 2116 Coraes,

92 2127 305 2166 repugnante
345 2124 518 2156 constanti
557 2134 623 2155 usu
655 2123 737 2154 scri-

93 2173 228 2211 ptorum
251 2172 414 2209 veterum,
440 2179 540 2210 quem
563 2168 736 2210 praeclare

92 2214 279 2245 illustravit
308 2214 572 2246 Fritschius
598 2214 736 2253 Quaest-

92 2259 260 2291 Luciann.
272 2269 304 2301 p.
322 2257 374 2291 70.
389 2269 458 2300 seq.
490 2258 635 2290 Accedit
647 2258 737 2300 quod

93 2315 154 2346 pro
178 2303 257 2345 τάχα
280 2305 407 2345 passim
425 2303 529 2335 etiam
553 2301 676 2335 αὐτίκα
689 2303 737 2334 (11-

95 2348 192 2388 citur,
209 2349 318 2381 veluti
333 2360 386 2391 ap.
403 2350 548 2390 Eurip.
562 2347 736 2380 Heraclid.

94 2404 125 2427 v.
151 2392 234 2448 268;
269 2392 481 2435 πειρώμενος
513 2391 554 2437 δὴ
586 2390 684 2425 τοῦτό
708 2390 737 2435 γ’

96 2435 203 2470 αι’)τιΗκ
219 2438 364 2478 εὶσομαι.
384 2439 443 2471 cfr.
460 2439 550 2470 infra
565 2449 596 2480 p.
607 2437 683 2471 466
696 2439 736 2470 Α.

141 2482 301 2515 Πασοῦν
340 2482 410 2522 δέ,
460 2479 598 2523 οἶμαι,
646 2496 669 2515 τ.
711 2495 736 2514 τ.

97 2532 173 2561 τῶν
206 2528 284 2567 μὲν
314 2546 358 2552 -
391 2529 503 2561 ἔνιαι
536 2528 581 2561 δὲ
612 2526 735 2560 οὐδε-

98 2572 191 2617 νός]
231 2574 315 2606 Post
345 2577 413 2605 τῶν
438 2573 502 2613 μὲν
533 2574 652 2605 inferri
682 2573 736 2604 de-

95 2619 171 2650 buit
206 2622 273 2650 τῶν
312 2617 352 2650 δὲ
388 2616 445 2657 οὔ,
490 2619 549 2650 5οᾱ
586 2622 738 2650 mutatur

94 2667 287 2696 structurae
315 2667 413 2695 tenor
443 2668 578 2706 propter
602 2664 737 2695 interie-

96 2713 151 2742 cta
175 2707 280 2741 verba
304 2708 359 2740 καὶ
385 2706 486 2751 λόγου
511 2708 657 2750 βραχέος
683 2707 737 2740 δέ·

95 2766 200 2787 ονται.
264 2753 364 2795 Quod
399 2754 483 2786 ἔνιαι
518 2753 557 2786 δέ
589 2758 667 2797 post
701 2753 739 2786 αἱ

807 1443 983 1475 solentiae.
999 1454 1030 1475 v.
1047 1444 1080 1474 M
1091 1443 1196 1475 atth.
1213 1443 1271 1477 Gr.
1285 1444 1315 1482 ἓ.
1327 1442 1404 1475 288.
1418 1442 1449 1476 6.

806 1489 925 1531 Neque
957 1488 1058 1520 hodie
1091 1488 1272 1530 quisquam
1295 1489 1451 1520 haerebit

806 1535 841 1565 111
875 1534 1029 1576 genitivo
1063 1536 1185 1566 πασῶν
1217 1537 1285 1565 τῶν
1309 1537 1448 1575 τεχνῶν,

807 1589 907 1621 quem
948 1578 1197 1610 Findeisen.
1238 1578 1281 1610 ab
1325 1580 1451 1611 omissa

806 1625 1058 1666 praepositione
1092 1626 1176 1665 περί
1201 1623 1350 1665 pendere
1380 1625 1450 1666 opi-

806 1669 963 1701 nabatur.
1036 1669 1141 1708 Vide,
1191 1670 1219 1700 si
1256 1670 1343 1701 tanti
1387 1674 1450 1710 est,

806 1714 957 1747 Matth.
983 1715 1005 1746 1.
1032 1725 1058 1746 0.
1077 1719 1194 1747 annot.
1216 1712 1246 1746 1.

851 1761 893 1791 D.
942 1757 1066 1791 Πάιυ
1101 1759 1181 1798 μὲν
1206 1753 1285 1791 οὖν
1309 1759 1448 1791 καλῶς

808 1801 1066 1859 ὑπολαμβάι
1075 1804 1157 1847 εις]
1197 1805 1247 1837 Νο
1272 1805 1348 1846 quis
1373 1807 1451 1846 post

807 1848 898 1882 πάιν
914 1850 978 1889 μὲν
992 1844 1056 1881 οὖν
1073 1850 1147 1882 0010
1169 1849 1449 1891 distinguendum

805 1899 911 1937 putet,
935 1896 1134 1937 saepissime
1154 1895 1218 1927 hae
1242 1905 1346 1927 voces
1371 1905 1448 1926 cum

805 1941 938 1983 reliqua
976 1941 1130 1973 olatione
1166 1951 1237 1972 una
1272 1940 1450 1972 continua-

806 1987 898 2018 tione
930 1990 963 2018 et
985 1986 1212 2028 perpetuitate
1237 1987 1449 2028 coniungun-

805 2036 868 2063 tur.
908 2042 939 2063 v.
978 2031 1020 2063 ad
1051 2030 1226 2063 Phaedon.
1258 2041 1290 2072 p.
1321 2029 1375 2063 82.
1408 2031 1449 2062 A.

805 2078 889 2109 Mox
914 2076 1073 2108 Coraes
1097 2076 1245 2108 correxit
1266 2074 1321 2107 διὰ
1345 2073 1448 2118 λόγου

807 2119 842 2154 τὸ
879 2125 948 2153 πᾶι
983 2123 1208 2162 περαίνουσι,
1245 2130 1449 2162 comparans

805 2178 837 2209 Ρ.
860 2165 936 2199 451.
963 2167 1006 2199 C:
1052 2164 1103 2198 ὅτι
1141 2167 1196 2198 καὶ
1234 2164 1320 2208 αὕτη
1360 2163 1449 2217 λόγῳ

806 2215 970 2251 κυροῦται
1003 2209 1040 2242 τὰ
1065 2209 1184 2243 πάιᾞτα
1220 2210 1302 2244 ibid
1328 2211 1373 2242 Β.
1401 2208 1450 2242 ὅτι

807 2256 860 2289 καὶ
894 2256 978 2298 αὕτη
1011 2255 1082 2288 ἐστὶ
1116 2259 1182 2288 τῶν
1206 2253 1294 2298 λόγῳ
1321 2253 1356 2288 τὸ
1380 2259 1450 2286 πᾶι

806 2300 1043 2343 κυρουμένων.
1078 2300 1160 2333 ibid.
1185 2301 1235 2333 D:
1267 2304 1336 2333 τῶν
1359 2299 1449 2344 λόγῳ

808 2346 845 2378 τὰ
880 2345 989 2378 πάντα
1021 2344 1337 2387 διαπραττομένων.
1381 2345 1449 2378 Sed

806 2393 841 2424 in
873 2391 927 2423 his
960 2391 1047 2423 locis
1078 2391 1245 2424 articulus
1275 2394 1367 2423 recte
1392 2391 1450 2423 ad-

806 2437 897 2468 ditur
920 2440 1114 2478 propterea,
1154 2436 1244 2479 quod
1268 2436 1449 2479 respicitur

807 2482 849 2514 ad
880 2482 1072 2523 superiora,
1105 2482 1143 2513 in
1173 2480 1298 2523 quibus
1330 2481 1448 2514 eadem

806 2527 977 2559 sententia
991 2527 1058 2558 iam
1079 2528 1254 2569 proposita
1279 2530 1367 2566 erat3
1393 2526 1449 2557 hic

805 2573 865 2604 illo
897 2583 965 2603 non
991 2583 1075 2614 opus
1101 2577 1169 2612 est,
1204 2572 1366 2614 quoniam
1395 2581 1449 2603 res

805 2618 952 2660 primum
985 2622 1283 2657 commemoratur,
1316 2620 1350 2648 et
1382 2619 1451 2648 πᾶν

807 2664 933 2704 περαίν
936 2672 1014 2694 ουσι
1071 2662 1246 2705 significat
1301 2672 1325 2693 u
1337 2672 1359 2693 n
1370 2672 1394 2693 u
1403 2672 1451 2693 m-

807 2707 1009 2763 quodque
1032 2708 1292 2750 perficiunt.

851 2764 950 2785 οιον
982 2750 1252 2797 ἀριθμητικὴ
1283 2751 1353 2784 καὶ
1384 2752 1448 2785 λο-
