1687 2969
1389 178 1466 212 333

409 181 652 221 GORGIAS.
683 182 726 219 P.
760 184 851 219 523.
884 183 976 218 524.
1007 179 1066 217 ed.
1099 179 1154 217 St.

122 293 275 335 αὐτῶν.
304 290 445 333 ἔπειτα
469 290 662 345 γυμνοὺς
689 287 856 342 κριτέον
885 288 1085 330 ἁπάντων
1112 287 1296 328 τούτων·
1327 287 1468 325 τεθνε-
1498 298 1536 342 E

123 361 232 407 ῶτας
248 357 330 411 γὰρ
359 358 424 399 δεῖ
448 357 680 409 κρίνεσθαι.
710 355 780 396 καὶ
802 354 879 395 τὸν
900 352 1049 407 κριτὴν
1071 353 1136 394 δεῖ
1155 350 1323 405 γυμνὸν
1346 345 1468 395 εἶναι,

120 426 356 474 τεθνεῶτα,
397 424 504 477 αὐτῇ
533 429 583 476 τῇ
613 428 729 475 ψυχῇ
769 418 904 473 αὐτὴν
931 419 1010 473 τὴν
1038 416 1182 496 ψυχὴν
1216 420 1470 468 θεωροῦντα

123 489 323 543 ἐξαίφνης
335 489 636 536 ἀποθανόντος
652 485 847 529 ἑκάστου
844 485 1018 539 ἐοημον
1030 485 1204 525 πάντων
1223 485 1308 524 τῶν
1323 491 1469 535 συγγε-

121 557 211 596 νῶν
239 553 310 595 καὶ
336 554 623 595 καταλιπόντα
652 552 719 593 ἐπὶ
747 558 820 606 τῆς
847 557 925 629 νῆς
953 551 1091 590 πάντα
1120 547 1285 590 ἐκεῖνον
1304 549 1380 589 τὸν
1401 547 1469 588 κό-

123 630 257 674 σμον
291 620 362 661 ἵνα
390 619 532 660 δικαία
558 619 586 672 ή
615 618 749 671 κρίσις
777 621 817 670 ῂ.
860 615 941 670 ἐγὼ
968 614 1045 669 μὲν
1074 611 1154 656 οὖν
1180 620 1313 654 ταῦτα
1344 612 1469 667 ἐγνω-

122 685 206 734 κὼς
234 686 439 737 πρότερος
467 684 493 738 ἢ
531 684 650 738 ὑμεῖς
687 682 950 735 ἐποιησάμην
979 680 1177 728 δικαστὰς
1214 679 1318 728 υἱεῖς
1347 677 1470 731 ἐμαυ-

122 758 222 800 τοῦ,
252 751 330 792 δύο
359 750 436 804 μὲν
469 749 514 792 ἐκ
542 756 616 803 τῆς
643 749 802 796 Ἀσίας,
831 748 960 788 Μίνω
988 762 1032 788 τε
1059 746 1130 788 καὶ
1152 741 1470 799 Ῥαδάμανθυν,

123 815 197 857 ἕνα
226 816 270 857 δὲ
311 815 355 858 ἐκ
393 821 468 869 τῆς
497 816 734 866 Εὐρώπης,
775 813 950 854 Αἰακόν.
992 806 1112 854 οὗτοι
1151 807 1253 861 οὖν,
1301 808 1472 851 ἐπειδὰν

120 883 412 936 τελευτήσωσι,
448 881 699 922 δικάσουσιν
729 878 774 921 ἐν
812 881 871 934 τῷ
910 881 1105 932 λειμῶνι,
1147 875 1192 918 ἐν
1222 883 1272 930 τῇ
1301 875 1471 929 τριόδῳ,

191 1049 304 1084 ὅπως
329 1047 379 1081 ἂν
406 1047 549 1091 παύσῃ
577 1046 738 1090 αὐτῶν]
771 1048 811 1079 V.
839 1045 952 1087 παύσῃ
979 1043 1062 1077 αὐτὸ
1088 1043 1215 1077 αὐτῶν.
1261 1046 1364 1077 Recte
1390 1041 1473 1076 αι’-τὸ

123 1097 285 1128 omittunt
309 1095 424 1130 Clark,
450 1095 526 1126 Vat.
553 1094 656 1126 Coisl.
683 1098 716 1125 et
739 1093 798 1125 alii
822 1092 971 1135 plurimi.
1012 1091 1110 1124 Unde
1136 1095 1247 1123 ortum
1272 1092 1316 1122 sit
1340 1091 1473 1130 vitium,

123 1141 271 1173 ostendit
293 1142 368 1173 Par.
393 1141 451 1180 V.,
483 1140 543 1172 ubi
568 1137 652 1172 αὐτὸ
676 1140 750 1171 sine
775 1136 891 1170 αὐτῶν
915 1138 1078 1179 scriptum
1103 1140 1215 1169 exstat
1247 1140 1281 1168 et
1304 1136 1338 1167 in
1364 1146 1472 1178 marg.

122 1187 249 1230 legitur
271 1198 324 1229 γρ.
351 1183 472 1218 αὐτῶν.

191 1277 231 1309 Ε.
256 1277 324 1308 καὶ
351 1274 665 1316 καταλιπόντα]
698 1275 753 1306 καὶ
786 1285 862 1306 eum
887 1274 975 1305 Aldo
1001 1278 1034 1305 et
1057 1274 1132 1304 Par.
1158 1273 1196 1304 E.
1223 1271 1324 1304 Vind.
1351 1271 1383 1304 6.
1408 1282 1473 1303 om.

124 1322 287 1377 §tepham
335 1322 467 1353 Tuetur
490 1321 578 1353 illud
603 1322 704 1352 etiam
728 1320 853 1352 Euseb.
903 1319 1036 1351 Deinde
1060 1317 1185 1350 Euseb.
1212 1322 1246 1349 et
1269 1317 1474 1349 Theod01et.

124 1366 181 1399 ἐπὶ
207 1379 248 1410 γη
231 1370 268 1410 ῆς
293 1368 418 1399 omisso
443 1367 602 1405 articulo,
647 1366 737 1407 quod
770 1370 803 1396 et
831 1366 944 1407 ipsum
976 1363 1121 1407 probum
1153 1368 1213 1396 est.
1239 1374 1269 1395 v.
1296 1363 1474 1395 Heindorf.

125 1412 168 1445 ad
192 1413 226 1445 h.
249 1413 270 1444 l.
297 1416 331 1445 et
354 1411 501 1444 Dorvill.
525 1412 569 1444 ad
593 1411 721 1444 Charit
746 1421 779 1452 p.
804 1409 880 1443 106.

124 1558 364 1591 communione
393 1557 566 1598 seiuncta,
597 1561 637 1588 ut
656 1557 765 1589 Phae-

125 1604 203 1636 don.
227 1614 258 1645 p.
284 1602 337 1636 65.
361 1603 400 1634 E.
424 1602 479 1635 66.
504 1603 544 1634 A.
570 1603 612 1634 D.

172 1649 331 1691 ἔρημον
346 1667 387 1671 -
405 1649 473 1680 καὶ
508 1645 763 1680 καταλιπόν-

126 1693 188 1737 τα]
220 1693 455 1735 Exspectabas
487 1692 620 1736 ἐρήμην
643 1712 687 1716 -
711 1693 765 1724 καὶ

125 1740 393 1777 καταλιποῦσαν,
448 1750 527 1770 nam
574 1739 768 1771 referuntur

125 1785 212 1817 haee
237 1785 279 1816 ad
303 1783 426 1827 ψυχήν.
475 1784 542 1817 Sed
566 1795 674 1827 genus
699 1795 768 1815 ma-

127 1831 297 1862 sculinum
321 1830 471 1872 ponitur,
497 1840 535 1862 ae
561 1832 591 1862 si
616 1840 768 1872 praeees-

126 1876 226 1908 sisset
249 1873 482 1907 ἀποθανόντα
507 1875 670 1914 ἕκαστον,
698 1886 766 1906 non

127 1920 242 1963 ψυχὴν
265 1918 512 1955 ἀποθανόντος
537 1919 694 1953 ἑκάστου.

174 1964 250 1998 δύο
282 1966 357 2006 μὲν
381 1965 425 1998 ἐκ
451 1969 522 2009 τῆς
552 1964 764 2008 Ἀσιάς-]

128 2012 219 2051 „Qui
241 2011 301 2052 fit,
329 2016 369 2043 ut
391 2012 505 2043 Minos
530 2022 608 2044 cum
632 2011 768 2043 Rhada-

126 2056 267 2088 mantho
297 2057 400 2088 fratre
424 2057 529 2088 Asiae
559 2057 614 2089 hic
644 2056 767 2088 adseri-

128 2103 271 2142 bantur,
311 2112 415 2143 quum
455 2107 597 2144 uterque
631 2102 767 2134 Cretam

127 2147 276 2179 insulam
305 2147 512 2179 incoluerit?
560 2147 659 2180 Certe
692 2152 768 2179 ortu

126 2198 281 2225 materno
311 2193 434 2224 Asiani
464 2197 576 2232 erant,
608 2194 666 2234 qui
700 2203 769 2224 ma-

127 2243 212 2269 trem
235 2236 412 2270 habebant
434 2238 624 2280 Europam,
649 2237 769 2270 Cadmi

129 2284 314 2315 Phoenicis
338 2294 498 2315 sororem.
522 2294 554 2314 v.
570 2283 767 2315 Eustath.

128 2329 164 2359 in
198 2329 295 2362 Iliad.
335 2327 381 2360 o'.
421 2340 452 2371 p.
490 2327 567 2361 982.
606 2328 656 2360 ed.
688 2329 766 2360 Bas.

128 2374 174 2405 Et
211 2373 332 2406 Cretae
371 2384 438 2406 non
484 2374 664 2416 indigena,
710 2373 769 2405 sed

129 2418 264 2451 advena
293 2419 400 2450 fuisse
431 2420 544 2452 Minos
577 2430 598 2451 a
630 2419 770 2461 quibus-

131 2463 209 2495 dam
232 2464 415 2503 ferebatur,
440 2469 527 2497 teste
553 2465 769 2496 Strabone

130 2509 172 2540 X.
186 2520 218 2551 p.
232 2507 308 2541 477.
334 2509 385 2540 ed.
405 2509 571 2542 Casaub.''
595 2510 770 2542 ROUTH.

129 2554 290 2586 Fortasse
308 2554 409 2586 Creta
430 2555 544 2587 insula
561 2556 666 2587 Asiae
690 2565 770 2597 pars

129 2599 295 2633 habenda.
343 2600 442 2639 Quod
467 2611 547 2632 vero
579 2601 666 2632 duae
697 2605 770 2631 tan-

131 2648 203 2676 tum
236 2650 467 2676 memorantur
505 2651 614 2677 terrae
646 2650 770 2687 partes,

131 2690 229 2721 Plato
253 2691 351 2722 iuxta
375 2700 450 2721 cum
473 2690 552 2722 aliis
570 2692 769 2722 universum

129 2740 294 2767 terrarum
320 2735 435 2767 orbem
459 2736 577 2768 divisit
599 2737 635 2767 in
651 2737 769 2767 Asiam

835 1561 868 1587 et
898 1557 1089 1597 Europam,
1123 1556 1172 1587 ita
1203 1559 1241 1587 ut
1270 1555 1384 1597 Libya
1419 1555 1475 1587 vel

835 1602 939 1633 Asiae
964 1601 1019 1632 vel
1042 1601 1200 1643 Europae
1225 1601 1476 1633 attribueretur.

834 1647 903 1678 vid.
927 1647 1071 1678 Morus
1105 1647 1146 1679 ad
1172 1648 1274 1679 Isoer.
1304 1647 1474 1689 Panegyr.

836 1703 862 1723 e.
895 1690 951 1724 48.
982 1696 1015 1723 et
1049 1692 1268 1724 Schaefer.
1302 1693 1337 1723 in
1369 1692 1475 1724 Mele-

836 1743 914 1770 tem.
949 1738 1037 1770 critt.
1061 1748 1091 1779 p.
1117 1736 1160 1770 36
1185 1749 1254 1780 seq.
1280 1737 1361 1770 Noli
1384 1738 1475 1769 enim

835 1787 956 1825 putare
999 1783 1211 1815 tremendum
1249 1783 1341 1815 istud
1389 1794 1476 1815 mor-

835 1834 970 1860 tuorum
1024 1828 1190 1861 iudicium
1236 1828 1367 1871 Libyas
1420 1828 1476 1860 vel

836 1874 977 1906 Africae
1015 1874 1149 1906 incolas
1185 1885 1254 1906 non
1291 1875 1475 1906 iudicasse.

837 1920 922 1951 Cum
955 1919 1019 1950 hae
1050 1921 1182 1951 ratione
1214 1920 1344 1952 faciunt
1373 1920 1475 1951 etiam

836 1964 1041 2006 Aeschyl.
1080 1966 1174 1997 Pers.
1211 1976 1242 1996 v.
1279 1964 1345 1997 179
1382 1976 1476 2006 seqq.

837 2015 938 2052 atque
964 2010 1170 2052 Sophoel.
1191 2011 1314 2043 Traeh.
1340 2022 1371 2042 v.
1400 2009 1476 2042 101.

837 2074 879 2079 ——
904 2057 991 2087 Aea
1003 2065 1090 2096 cus,
1131 2056 1223 2088 Iovis
1261 2068 1304 2088 ex
1341 2056 1477 2098 Aegina

836 2101 939 2139 filius,
956 2111 1017 2132 rex
1035 2102 1191 2144 Aeginae
1207 2102 1354 2142 insulae,
1370 2101 1478 2133 omni-

837 2157 895 2177 um
928 2147 1135 2178 Graecorum
1169 2144 1353 2180 ὁσιώτατος
1389 2146 1477 2178 iudi-

838 2196 933 2224 catus
974 2196 1036 2223 est.
1074 2203 1105 2223 v.
1138 2192 1367 2224 Plutarch.
1407 2192 1476 2226 Vit.

838 2237 942 2269 Thes.
973 2247 1004 2278 p.
1036 2236 1068 2270 5.
1098 2239 1139 2269 A.
1171 2238 1359 2269 Isocrat.
1388 2238 1477 2269 Eva-

838 2293 907 2324 gor.
941 2282 1016 2314 init.
1077 2284 1129 2314 De
1166 2284 1239 2314 eius
1280 2284 1412 2326 origine
1444 2294 1477 2315 v.

837 2327 1099 2369 Apollodor.
1124 2328 1194 2369 ΙΙΙ,
1220 2327 1279 2369 12,
1305 2328 1335 2361 6.
1360 2329 1477 2370 ibique

838 2373 1052 2414 Heynius.
1140 2403 1145 2408 ,

882 2419 919 2449 P.
944 2417 1020 2452 524
1058 2417 1104 2449 ἐι
1135 2418 1187 2462 τῷ
1217 2421 1396 2458 λειμῶνι
1422 2417 1475 2461 -]

840 2464 913 2502 „De
939 2463 1003 2495 hoc
1034 2463 1127 2504 loeo,
1159 2463 1220 2496 ubi
1243 2465 1301 2495 via
1330 2464 1367 2495 in
1392 2463 1477 2495 duas

839 2513 951 2549 partes
982 2489 1164 2550 dividitiir,
1200 2509 1359 2552 virgil.
1392 2510 1478 2540 Aen.

838 2554 898 2585 VI
938 2564 969 2585 v
1006 2553 1073 2587 540
1111 2565 1204 2607 seqq.
1270 2555 1480 2586 Memoratur

839 2599 939 2630 etiam
972 2596 990 2629 ὁ
1023 2597 1147 2639 λειμώι
1180 2601 1232 2631 De
1263 2600 1346 2641 Rep.
1370 2600 1413 2632 X.
1445 2610 1477 2641 p.

838 2643 914 2676 616
939 2645 977 2676 B.
1023 2646 1067 2676 Et
1091 2646 1126 2676 in
1151 2645 1308 2676 Axioeho
1332 2646 1377 2687 (p.
1400 2643 1478 2677 371.

839 2690 890 2729 Β.)
915 2699 1096 2732 campus
1121 2691 1338 2722 veritatis
1363 2689 1478 2732 appel-

838 2734 940 2766 latur.
965 2735 1108 2767 Scilicet
1117 2735 1166 2767 ibi
1180 2734 1381 2775 ψεύσασθαι
1396 2733 1479 2779 ἀμή-

1504 825 1587 867 524
