1687 2969
597 157 636 162 —
710 137 777 174 xm
856 158 891 161 ᾟ

70 252 241 308 qualem
278 251 406 293 huius
445 251 588 307 operis
627 252 816 292 rationes
859 250 942 292 sibi
980 252 1161 292 maxime
1200 251 1415 308 depopos-

70 315 236 354 cerunt.
302 307 479 350 Etenim
518 306 744 350 Phaedrus
789 306 965 362 quidem
1029 313 1134 348 natu
1173 313 1216 350 et
1258 323 1417 365 genere

72 366 168 423 quis
198 365 344 420 fuerit,
366 379 471 408 sane
500 364 774 421 ignoramus,
800 363 853 406 de
884 379 970 419 quo
1001 378 1112 418 quae
1143 365 1196 406 ab
1227 366 1417 420 antiquis

69 423 354 480 scriptoribus
401 421 576 478 prodita
621 427 737 475 sunt,
796 421 946 478 paucis
1004 421 1224 477 exceptis,
1288 423 1418 478 plane

72 496 99 523 a
127 480 311 523 veritate
341 478 586 521 abhorrent.
654 478 770 520 Nam
807 477 927 533 quod
966 477 1294 521 Athenaeus
1331 480 1418 521 XI.

73 539 169 580 113.
232 569 242 579 .
274 538 369 580 505.
399 536 451 578 F.
481 541 649 589 narrat,
683 550 779 577 eum
809 551 864 577 ne
893 535 1025 576 fuisse
1057 534 1231 589 quidem
1261 551 1420 590 aequa-

70 595 155 637 lem
187 553 380 637 ἔθει-πίε
409 592 596 647 ideoque
625 598 784 635 temere
815 591 932 647 apud
959 591 1188 633 Platonem
1219 607 1315 633 cum
1345 593 1419 635 illo

71 651 390 706 colloquentem
426 649 595 703 induci,
637 649 683 690 id
719 654 840 691 tanto
880 648 1018 705 magis
1057 648 1212 690 erroris
1249 650 1420 691 nomine

71 714 319 764 suspectum
349 713 438 761 est,
471 706 589 761 quod
617 706 732 748 idem
761 705 989 748 Phaedrus
1031 707 1159 747 etiam
1186 705 1232 747 in
1264 707 1422 748 Prota-

71 780 178 822 gora
206 780 249 820 p.
282 765 380 806 315.
417 769 462 806 et
501 763 735 820 Symposio
775 763 919 805 coetui
956 762 1296 817 colloquentium
1335 779 1422 805 una

72 836 172 864 cum
209 820 391 865 Socrate
428 821 623 863 interest.
701 820 919 862 Nimirum
965 820 1104 861 bonus
1145 819 1418 874 Athenaeus,

73 894 202 934 quem
231 884 405 921 constat
433 877 625 933 undique
656 876 812 934 cupide
845 877 1080 932 arripuisse
1112 891 1222 931 quae
1251 876 1306 919 ad
1323 878 1424 919 Pla-

72 942 218 978 tonem
249 934 599 977 calumniandum
626 935 844 987 facerent,
890 934 1070 990 egregie
1100 933 1236 976 falsus
1268 940 1335 976 est
1360 934 1426 975 iu-

73 991 186 1035 dicio
216 1007 311 1045 suo,
344 992 419 1047 qui
442 991 689 1033 Phaedrum
710 991 908 1032 Platonis
941 990 1187 1032 confuderit
1218 1006 1316 1032 cuin
1339 991 1425 1032 alio

72 1048 274 1091 Phaedro
311 1056 418 1091 natu
453 1049 640 1102 maiore,
691 1049 814 1089 cuius
864 1047 1027 1089 mentio
1067 1047 1259 1089 inlicitur
1306 1047 1424 1104 apud

72 1105 253 1162 Lysiam
283 1105 354 1147 De
383 1105 508 1148 bonis
538 1105 822 1160 Aristophan.
865 1106 902 1160 ξ.
937 1106 1002 1145 15.
1041 1103 1086 1145 id
1127 1104 1245 1159 quod
1287 1105 1424 1146 veris-

72 1163 178 1205 sime
206 1169 523 1219 perspexerunt
552 1161 603 1203 C.
635 1162 716 1203 Fr.
746 1162 1034 1203 Hermann.
1065 1162 1233 1203 Histor.
1257 1161 1423 1203 Philos.

71 1219 245 1263 Platon.
283 1219 319 1262 I.
349 1235 393 1275 p.
436 1219 531 1261 672.
582 1217 786 1260 Theod.
836 1217 1038 1274 Bergk.
1088 1217 1144 1259 ad
1202 1217 1424 1260 Andocid.

72 1275 269 1320 Schiller.
300 1292 342 1332 p.
368 1277 460 1318 133.
493 1291 558 1331 sq.
599 1276 877 1332 Droysen.
909 1276 952 1316 in
985 1274 1261 1317 WVelcker.
1302 1276 1424 1318 Mus.

72 1333 254 1388 Antiqq.
274 1332 416 1375 Rhen.
433 1333 518 1375 III.
541 1349 584 1389 p.
608 1334 702 1376 133.
723 1347 818 1387 sqq.
879 1332 976 1374 Nec
994 1347 1099 1373 vero
1123 1347 1234 1387 quae
1264 1332 1424 1389 Diog.

73 1390 253 1433 Laert.
285 1389 371 1432 HI.
404 1391 471 1432 29.
503 1396 547 1431 et
574 1396 830 1446 personatus
862 1389 1148 1431 Lucianus
1188 1389 1340 1431 Amor.
1372 1390 1424 1433 T.

74 1447 132 1489 V.
161 1463 205 1503 p.
237 1448 332 1489 284.
364 1462 461 1502 sqq.
492 1446 546 1488 de
587 1462 636 1489 eo
677 1446 907 1488 memoriae
945 1445 1255 1501 prodiderunt,
1298 1446 1425 1489 flocci

74 1503 273 1546 facienda
303 1510 416 1546 sunt.
490 1503 579 1557 Qui
621 1502 739 1559 quod
770 1503 1019 1545 Phaedrum
1051 1503 1248 1545 scribunt
1285 1503 1424 1559 ipsius

74 1560 274 1603 Platonis
304 1558 487 1603 παιδικά
516 1561 676 1613 fuisse,
716 1561 824 1602 nihil
853 1561 937 1602 isto
967 1566 1210 1602 commento
1243 1561 1426 1617 cogitari

70 1623 220 1675 potest
262 1618 436 1660 stultius
467 1623 509 1659 et
536 1617 740 1674 ineptius.
799 1617 917 1659 Nam
938 1617 1149 1672 originem
1183 1618 1424 1659 calumniae

74 1679 198 1731 patet
225 1674 504 1731 repetendam
535 1689 630 1717 esse
665 1690 717 1715 ex
746 1674 842 1715 loco
863 1673 1053 1716 Phaedri
1081 1673 1297 1716 Platonici
1327 1690 1425 1730 per-

76 1746 225 1787 peram
270 1732 493 1774 intellecto
543 1737 616 1772 aut
663 1746 868 1787 perversa
912 1730 1180 1785 malignitate
1208 1731 1254 1772 in
1293 1731 1425 1773 alium

77 1802 254 1831 sensum
283 1788 467 1831 detorto.
538 1787 713 1845 Quippe
754 1788 984 1844 compellat
1017 1788 1245 1842 Socrates,
1285 1788 1425 1845 Lysia

75 1845 140 1887 rei
171 1846 414 1902 exemplum
442 1852 699 1902 praeeunte,
737 1845 783 1886 in
822 1845 1091 1887 orationibus
1131 1844 1221 1887 suis
1260 1851 1425 1887 amato-

76 1902 152 1944 riis
183 1902 368 1944 subinde
397 1918 602 1959 puerum,
636 1918 764 1957 quem
793 1902 922 1959 fingit
950 1908 1222 1958 praesentem
1252 1901 1423 1956 adesse,

78 1964 126 2001 ut
153 1975 195 2015 p.
231 1960 327 2002 237.
357 1959 410 2001 B.
444 1958 494 2002 C.
536 1976 580 2016 p.
613 1961 708 2001 238.
752 1960 808 2000 D.
880 1958 1012 2013 Quod
1048 1959 1110 2000 ita
1150 1959 1256 2001 facit
1296 1959 1425 2001 etiam

78 2016 123 2057 in
152 2017 347 2059 oratione
377 2017 616 2073 posteriore
646 2034 687 2073 p.
722 2018 816 2058 244.
848 2017 905 2058 A.
935 2031 1031 2070 sqq.
1100 2016 1168 2058 Ibi
1211 2031 1310 2058 vero
1339 2016 1427 2072 pri-

78 2087 260 2127 usquam
290 2073 465 2116 dicendi
493 2074 663 2115 initium
695 2074 821 2127 facit,
860 2090 902 2130 p.
936 2075 1034 2115 243.
1062 2072 1117 2114 Ε.
1148 2073 1256 2115 haec
1295 2073 1426 2114 inter-

79 2135 224 2185 rogat:
266 2133 368 2172 Ποῦ
398 2129 452 2182 δή
481 2148 560 2184 μοι
589 2131 755 2186 inquit,
795 2132 818 2172 ὁ
850 2138 974 2179 παῖς,
1016 2129 1129 2184 πρὸς
1159 2128 1213 2172 ὂν
1254 2132 1425 2183 &hyon-

82 2186 155 2228 Ad
188 2201 297 2240 quae
326 2187 576 2239 Phaedrus,
605 2188 750 2244 lepide
782 2188 950 2230 scilicet
978 2187 1128 2229 iocans
1166 2186 1259 2227 ille:
1289 2182 1430 2236 Οὗτος

83 2244 200 2299 παρὰ
231 2259 304 2286 σοι
332 2245 452 2299 μάλα
480 2248 664 2296 πλησίον
704 2244 772 2287 ἀεὶ
812 2243 1033 2299 πάρεστιν,
1064 2243 1174 2285 ὅταν
1194 2247 1246 2285 συ
1269 2243 1425 2302 βούλῃ.

82 2298 153 2340 Ex
180 2300 336 2354 quibus
364 2301 508 2343 verbis
538 2301 734 2344 homines
764 2301 982 2344 temerarii
1011 2306 1219 2356 protenus
1250 2301 1426 2343 conclu-

83 2362 232 2398 serunt
269 2357 518 2400 Phaedrum
555 2359 689 2401 fuisse
728 2357 910 2401 παιδικά
948 2357 1168 2411 Platonis,
1215 2357 1289 2412 qui
1328 2373 1428 2400 suas

83 2411 220 2468 ipsius
259 2420 404 2468 partes
463 2414 635 2458 Socrati
691 2415 931 2457 tradiderit.
1012 2414 1082 2455 De
1135 2430 1221 2469 quo
1267 2414 1429 2457 iudicio

84 2468 190 2523 quid
219 2470 547 2514 existimandum
587 2473 666 2527 sit,
705 2488 829 2514 nemo
868 2472 1063 2528 profecto
1102 2471 1316 2527 ambigat,
1356 2472 1431 2527 qui

85 2541 172 2580 qua
199 2526 365 2568 ratione
393 2528 678 2586 philosophus
710 2528 958 2571 Phaedrum
988 2544 1087 2570 cum
1118 2528 1299 2571 Socrate
1340 2543 1430 2570 ser-

84 2582 371 2624 mocinantem
400 2585 565 2640 fecerit,
596 2587 742 2642 paullo
774 2586 1016 2627 accuratius
1046 2591 1324 2641 perspectum
1354 2585 1430 2626 ha-

85 2639 197 2684 beat.
255 2640 420 2681 Verum
450 2643 561 2684 enim
591 2659 695 2685 vero
728 2642 895 2685 etiamsi
925 2642 979 2684 de
1010 2643 1212 2684 Phaedro
1244 2642 1346 2683 alibi
1366 2642 1431 2683 ni-

84 2695 145 2738 hil
174 2697 404 2739 memoriae
434 2699 651 2754 proditum
681 2707 760 2753 est,
793 2698 907 2741 unde
938 2701 1035 2755 quis
1067 2706 1108 2741 et
1140 2698 1280 2754 qualis
1302 2699 1431 2740 homo
