1687 2969
558 152 601 158 -—
673 132 788 171 cxvn
862 155 903 160 —

49 249 230 305 cogitari
264 243 621 289 veridissimilius.
692 246 926 289 Enimvero
978 248 1083 302 quid
1129 250 1190 290 rei
1245 249 1390 303 fuerit,

48 321 158 349 unus
206 303 394 347 omnium
442 301 676 344 clarissime
726 303 990 359 significavit
1047 303 1266 349 Cicero.
1346 306 1391 348 Is

47 361 160 404 enim
196 362 243 403 in
283 359 470 403 Oratore
513 373 549 400 c.
593 360 660 402 13.
701 361 739 415 ξ.
779 362 850 403 41.
881 367 1166 417 posteaquam
1196 362 1391 405 Socratis

46 417 164 475 apud
200 418 427 460 Platonem
473 414 526 457 de
557 416 749 460 Isocrate
780 416 986 459 iudicium
1027 420 1390 474 commemoravit,

46 475 253 518 continuo
302 473 409 515 haec
459 473 706 530 subiungit:
773 474 923 516 Haec
977 474 1180 531 igitur,
1234 476 1391 531 inquit,

47 532 110 574 de
142 531 511 574 adolescente
541 528 804 573 Socrates
846 538 1170 588 auguratur.
1230 533 1300 574 At
1331 548 1393 575 ea

47 588 111 631 de
140 589 293 630 seniore
324 586 526 630 scribit
565 587 752 642 Plato,
786 594 837 630 et
876 588 1079 630 scribit
1109 590 1392 644 aequalis⁷

46 652 99 688 et
144 643 362 701 quidem
420 643 744 700 exagitator
801 645 1042 687 omnium
1089 646 1393 697 rhetorum3

46 701 192 745 hunc
230 701 471 744 miratur
512 716 685 743 unum.
758 701 881 755 Quae
932 708 1046 744 certe
1088 702 1276 745 dubitari
1307 720 1393 745 non

47 766 193 817 potest
222 758 327 814 quin
365 756 438 798 ille
479 772 531 799 ex
562 758 753 801 fontibus
784 758 1095 816 limpidissimis
1127 766 1256 815 atque
1286 761 1395 802 inte-

81 817 244 860 errimis
276 814 480 857 hauserit.
557 813 670 857 Sunt
710 815 822 858 enim
868 817 1064 872 profecto
1111 817 1239 871 talia,
1286 833 1396 872 quae

83 873 240 917 latonis
267 871 471 914 vaticinio
503 871 782 915 clarissimam
812 873 952 916 lucem
983 873 1221 916 affundant.
1281 875 1395 917 Nar—

46 939 143 974 rant
182 929 295 973 enim
345 928 578 984 scriptores
622 935 791 971 veteres
832 929 1072 972 Isocratem
1115 937 1256 973 aetate
1296 948 1397 987 pro-

46 989 279 1032 vectiorem
327 984 458 1028 misso
507 986 741 1028 forensium
794 986 1119 1029 scribendarum
1158 988 1397 1030 orationum

47 1045 224 1103 negotio
280 1057 373 1085 sese
420 1042 708 1099 applicavisse
766 1043 822 1085 ad
879 1044 1130 1087 scribendas
1179 1045 1397 1087 orationes

48 1102 270 1154 civiles⁷
311 1114 396 1154 quo
447 1099 662 1142 communi
710 1099 978 1143 Graecorum
1027 1101 1157 1143 saluti
1201 1102 1398 1144 consule-

46 1166 135 1214 ret,
193 1163 237 1199 et
287 1171 418 1211 quum
474 1157 634 1198 frustra
691 1156 736 1198 id
796 1158 968 1200 efficere
1029 1158 1290 1213 studuisset,
1351 1167 1399 1200 ut

48 1215 207 1259 Graeci
274 1213 432 1255 iunctis
503 1213 666 1255 viribus
725 1215 1012 1256 communiter
1076 1216 1237 1257 bellum
1296 1231 1397 1258 con-

45 1280 114 1316 tra
149 1273 306 1314 Persas
350 1270 644 1326 susciperent,
695 1270 844 1313 ludum
888 1272 1122 1314 oratorium
1159 1273 1398 1328 aperuisse⁷

46 1346 132 1386 quo
165 1328 270 1371 alios
292 1326 451 1369 rectius
476 1342 526 1369 ac
556 1326 825 1384 prudentius,
859 1344 988 1384 quam
1008 1330 1140 1386 vulgo
1162 1330 1255 1371 fieri
1286 1330 1398 1372 sole-

45 1393 135 1441 ret,
178 1384 234 1428 ad.
271 1383 448 1427 dicendi
495 1383 798 1440 scribendique
845 1386 1097 1428 facultatem
1137 1387 1398 1440 institueret,

0 1440 1 1443 Ἰ
47 1444 243 1499 adeoque
283 1440 340 1484 ad
386 1447 499 1483 artes
551 1442 766 1497 (τεχνας)
806 1441 1045 1486 rhetoricas
1076 1443 1400 1499 componendas

46 1502 234 1544 animum
273 1515 298 1541 a
329 1498 506 1555 pulisse.
548 1514 588 1540 v.
628 1498 914 1542 Plutarch.
947 1500 1055 1542 Vitt.
1087 1500 1147 1543 X.
1181 1500 1325 1543 Oratt.
1356 1518 1399 1558 p.

47 1560 143 1601 329.
185 1555 240 1599 ed
333 1555 441 1598 eisk.
486 1554 602 1597 Pho
617 1555 731 1597 tius
772 1555 800 1597 l.
832 1571 868 1598 c.
898 1573 941 1613 p.
973 1559 1068 1599 488.
1113 1557 1179 1599 ed.
1211 1558 1400 1600 Bekker.

48 1614 228 1658 Cicer.
266 1613 391 1654 Brut.
432 1628 470 1654 c.
517 1613 582 1654 13.
623 1613 660 1668 ξ.
701 1614 769 1655 48.
828 1613 984 1669 Itaque
1042 1615 1113 1656 ille
1162 1615 1401 1671 posteriore

48 1678 215 1724 aetate,
246 1669 388 1711 missis
420 1668 686 1711 orationibus
717 1669 1019 1725 iudicialibus⁷
1060 1687 1157 1713 sese
1197 1671 1252 1712 ad
1295 1672 1401 1713 scri-

46 1727 212 1771 bendas
251 1726 466 1768 orationes
512 1726 683 1783 generis
724 1726 994 1769 deliberativi
1025 1729 1240 1770 convertit
1269 1728 1398 1770 adeo-

48 1801 132 1840 que
171 1784 273 1826 artis
316 1783 419 1825 olim
448 1799 474 1824 a
504 1798 551 1825 se
581 1789 822 1825 contemtae
851 1785 1056 1840 magister
1075 1786 1231 1839 extitit,
1265 1801 1400 1840 quan-

48 1840 282 1897 doquidem
331 1840 516 1896 primum
563 1840 607 1881 in
656 1838 767 1882 Chio
817 1841 984 1895 insula⁷
1046 1848 1199 1897 postea
1257 1849 1401 1884 autem

48 1899 235 1943 Athenis
266 1898 309 1940 in
343 1897 504 1939 vicinia
535 1896 674 1954 Lycei
706 1897 899 1940 scholam
921 1899 1160 1941 constituit.
1195 1915 1234 1941 v.
1266 1900 1400 1941 Dio-

49 1971 160 2013 nys.
190 1955 292 1997 Hal.
328 1954 398 1996 De
437 1952 573 1996 Isocr.
614 1971 655 2011 p.
698 1956 778 1996 536
820 1970 884 2010 sq.
925 1956 1079 1998 Phot.
1120 1973 1162 2012 p.
1204 1958 1299 1999 793.
1339 1957 1400 1999 X.

49 2015 146 2057 486.
185 2013 224 2054 6.
266 2013 332 2054 26.
391 2011 486 2052 Iam
522 2026 626 2053 vero
657 2010 709 2053 de
739 2018 931 2068 tempore
963 2013 999 2054 si
1032 2013 1273 2068 quaeritur,
1314 2029 1401 2069 quo

51 2076 197 2112 orator
232 2069 317 2112 ista
355 2067 534 2110 consilia
569 2068 733 2122 inierit⁷
766 2084 835 2111 res
867 2069 1038 2111 definiri
1067 2071 1226 2113 certius
1257 2077 1404 2127 potest

53 2143 105 2169 ex
145 2126 242 2169 loco
281 2141 489 2182 perquam
537 2126 804 2168 memorabili
846 2124 999 2169 Orat.
1059 2127 1141 2169 De
1181 2144 1208 2183 p
1228 2143 1401 2169 ermu-

53 2190 150 2225 tat.
183 2184 220 2238 ξ.
252 2184 319 2224 75.
350 2207 404 2213 —-
437 2183 505 2224 78.
538 2181 635 2224 coll.
667 2182 704 2236 ξ.
737 2184 804 2224 57.
835 2183 910 2226 ubi
928 2183 1020 2239 ipse
1050 2183 1104 2225 de
1124 2184 1400 2226 consiliorum

55 2256 105 2282 ac
133 2239 373 2281 studiorum
399 2255 574 2281 suorum
605 2239 844 2283 rationibus
876 2241 1088 2296 exposuit.
1148 2240 1257 2282 Inde
1288 2241 1400 2282 enini

55 2296 218 2351 liquido
240 2303 432 2352 apparet⁷
464 2296 645 2352 primam
664 2297 905 2339 orationum
934 2297 1138 2351 civilium,
1172 2313 1279 2352 quas
1310 2304 1402 2339 tuni

56 2354 368 2408 composuerit,
416 2369 504 2395 non
546 2352 680 2395 fuisse
722 2354 875 2407 aliam,
920 2369 1049 2408 quam
1070 2370 1178 2409 quae
1212 2355 1264 2397 ab
1305 2355 1401 2410 ipso

55 2407 189 2463 λόγου
239 2412 535 2464 πανηγυρικοῦ
574 2410 745 2452 nomine
794 2416 861 2452 est
906 2410 1124 2466 insignita.
1201 2410 1402 2468 Scriptus

55 2482 158 2509 vero
195 2466 490 2523 Panegyricus
531 2472 597 2508 est
634 2482 720 2508 non
762 2473 859 2508 ante
890 2466 1107 2509 XCVIII.
1141 2468 1315 2526 Olymp.
1345 2470 1402 2511 si-

55 2523 145 2565 cuti
203 2522 363 2564 Nath.
394 2524 584 2565 Morus
612 2525 875 2565 assentiente
897 2524 1024 2565 etiam
1056 2524 1161 2582 Spo
1174 2525 1200 2566 h
1213 2526 1305 2567 nio
1337 2526 1401 2567 in—

54 2580 181 2623 victis
223 2581 484 2635 argumentis
525 2580 855 2629 demonstravit3
906 2597 1045 2636 neque
1084 2588 1183 2625 ante
1224 2582 1399 2639 Olynip.

55 2636 130 2679 CI.
167 2639 202 2678 1.
236 2636 278 2677 in
308 2636 527 2691 publicum
558 2637 690 2678 emitti
722 2637 885 2693 potuit,
927 2644 975 2679 ut
1013 2639 1142 2680 iidem
1172 2640 1252 2681 viri
1285 2640 1403 2681 docti

52 2694 268 2738 luculente
306 2692 559 2736 docuerunt.
646 2694 716 2736 Ex
754 2709 839 2749 quo
879 2701 1021 2751 potest
1059 2712 1161 2739 sane
1200 2696 1400 2753 intelligi,
