1687 2969
774 184 1123 221 -LXle—

278 296 426 338 mundi
467 295 690 337 circuitum
731 296 820 336 sive
859 294 1080 351 periodum
1129 295 1298 336 fatalem
1330 295 1452 337 denis
1485 312 1617 337 anno-

279 370 373 395 rum
413 352 602 394 millibus
644 352 809 394 absolvi
849 352 1077 404 statuisse,
1121 351 1278 406 quibus
1311 353 1473 394 exactis
1506 369 1619 394 nova

277 424 426 452 rursus
462 408 610 450 muudi
646 408 848 464 periodus
888 407 1169 450 exordiretur.
1211 424 1251 449 v.
1292 408 1496 450 Meurs.
1528 409 1618 450 De-

277 482 367 507 nar.
402 465 636 522 Pythagor.
676 482 717 521 p.
754 467 844 506 109.
877 464 1133 506 Holsten.
1165 463 1221 505 ad
1252 465 1465 521 Porphyr.
1526 466 1617 506 Vit.

276 523 466 579 Pythag.
496 538 538 578 p.
571 523 637 563 25.
681 538 743 577 sq.
776 536 872 562 011111
903 536 987 575 quo
1018 521 1176 576 placito
1207 520 1314 562 illud
1344 521 1397 562 de
1427 537 1617 578 magno

276 595 420 621 anno
461 586 693 634 cognatum
723 585 812 631 est,
844 577 961 632 quod
991 578 1210 634 attigimus
1241 576 1530 620 Commentar.
1564 578 1617 620 ad

276 637 386 677 Tim.
417 652 459 691 p.
491 638 557 677 39.
587 635 639 676 E.
672 635 900 676 Praeterea
928 650 1029 676 vero
1051 635 1178 676 etiam
1208 634 1314 675 illud
1335 635 1481 677 neseio
1514 635 1619 690 quid

276 692 559 749 Pythagorici
614 691 802 743 redolet,
867 691 984 746 quod
1028 691 1275 748 philosophi
1321 691 1364 732 in
1409 692 1499 733 vita
1540 692 1618 734 hu-

273 765 400 791 mana
440 765 489 790 ao
530 749 643 790 civili
686 749 893 790 societate
936 748 1117 803 primuni
1157 749 1301 790 locum
1332 763 1544 804 occupare
1575 755 1618 790 et

272 813 374 863 post
412 805 490 847 hos
529 805 721 861 proxime
759 804 994 861 prudentes
1037 805 1223 846 civitatis
1272 811 1315 846 et
1351 805 1616 861 reipublicae

274 868 463 904 rectores
508 862 631 916 sequi
671 861 927 902 iudicantur.
968 878 1009 902 v.
1055 861 1110 902 ad
1142 862 1315 903 Politie.
1347 878 1389 917 p.
1430 864 1525 916 294,
1558 863 1614 904 A.

272 934 369 974 sqq.
429 919 598 974 Nempe
626 926 835 972 sequutus
866 924 932 959 est
960 918 1086 959 Plato
1116 919 1160 959 in
1190 918 1273 960 1100
1302 919 1462 961 iudicio
1490 920 1617 975 plane

273 975 454 1018 eandem
492 976 724 1026 rationem,
773 990 900 1028 quam
939 982 1091 1030 postea-
1132 975 1260 1016 etiam
1296 975 1340 1016 111
1379 976 1617 1018 scribendis

273 1032 547 1088 amplissimis
579 1032 781 1087 operibus
813 1030 865 1072 de
897 1031 1058 1086 optima
1088 1031 1262 1073 civitate
1293 1047 1343 1073 ae
1373 1031 1425 1073 de
1448 1032 1618 1089 legibus

274 1090 448 1145 optimis
466 1088 619 1141 tenuit,
641 1089 682 1128 in
706 1104 888 1142 quorum
910 1088 1044 1129 altero
1074 1088 1320 1144 philosophi
1340 1089 1507 1145 legibus
1528 1105 1617 1131 om-

272 1146 396 1188 nibus
412 1146 672 1201 superiores.
695 1145 828 1186 altero
846 1145 1060 1200 sapientes
1083 1145 1358 1201 magistratus
1373 1146 1498 1188 bonis
1510 1146 1616 1202 legi-

273 1204 354 1245 bus
376 1203 541 1245 suffulti
560 1217 608 1242 30
627 1202 855 1243 sustentati
872 1201 1134 1257 reipublicae
1151 1203 1376 1258 imperium
1402 1210 1615 1244 exercent.

384 1261 550 1301 Verum
587 1258 693 1299 haee
726 1257 901 1311 quidem
933 1258 984 1299 de
1015 1259 1157 1314 priore
1189 1259 1392 1301 orationis
1426 1258 1618 1302 Socrati-

270 1332 346 1359 cae
385 1323 532 1372 parte,
579 1316 623 1356 in
677 1331 761 1369 qua
809 1315 1081 1356 manifestum
1120 1322 1186 1357 est
1232 1316 1387 1357 amoris
1443 1315 1617 1358 divinae

269 1381 434 1422 ortum,
482 1380 699 1424 naturam,
755 1372 963 1413 rationem
1012 1371 1226 1426 denique,
1287 1373 1349 1413 ita
1394 1373 1615 1426 illustrari,

268 1440 317 1472 ut
368 1446 454 1472 una
504 1428 741 1484 eademque
788 1444 918 1484 opera
965 1429 1093 1470 etiam
1150 1429 1378 1471 universae
1424 1429 1616 1485 philoso-

268 1488 394 1544 phiae
433 1493 652 1540 tamquam
698 1485 885 1527 sacraria·
910 1485 1169 1540 pandantur.
1229 1486 1325 1528 Nee
1363 1502 1465 1528 vero
1499 1487 1615 1541 quis-

268 1559 398 1599 quam
447 1543 550 1595 erit,
601 1542 674 1596 qui
720 1541 772 1583 de
821 1548 1072 1597 argumento
1108 1543 1360 1598 posterioris
1410 1544 1614 1586 orationis

266 1601 425 1657 partis,
466 1614 576 1654 quae
605 1598 705 1640 inde
736 1615 761 1640 a
790 1615 833 1654 p.
866 1601 959 1640 249.
992 1599 1048 1640 D.
1081 1599 1324 1652 exorditur,
1365 1600 1494 1642 rebus
1526 1616 1615 1642 om-

266 1659 394 1700 nibus
434 1658 513 1698 rite
545 1656 767 1712 perpensis
801 1655 924 1697 aliter
955 1656 1134 1710 sentiat,
1175 1657 1218 1697 in
1250 1672 1334 1711 qua
1363 1663 1479 1698 certe
1509 1673 1615 1698 neu-

266 1715 431 1769 tiquam
489 1713 762 1768 eloquentiae
811 1719 980 1754 tantum
1038 1713 1278 1769 exemplum
1335 1713 1511 1767 aliquod
1560 1713 1614 1756 ob

268 1772 422 1813 oculos
463 1771 664 1827 ponitur,
708 1768 787 1811 sed
823 1770 932 1811 serio
973 1776 1102 1824 atque
1145 1770 1333 1826 graviter
1370 1769 1416 1811 id
1457 1770 1612 1827 agitur,

266 1835 315 1869 ut-
345 1828 486 1882 qualis
518 1843 637 1868 amor
668 1826 840 1867 divinus
880 1827 923 1867 111
961 1826 1051 1867 vita
1080 1827 1270 1868 terrestri
1303 1834 1517 1882 emergat,
1550 1826 1615 1868 di-

265 1885 407 1927 lucide
459 1890 710 1940 exponatur.
797 1882 851 1923 Id
898 1882 1012 1936 quod
1061 1883 1294 1937 unicuique
1350 1884 1488 1939 magis
1539 1884 1615 1924 fiet-

265 1941 566 1998 perspicuum,
617 1940 717 1992 ubi,
762 1939 867 1993 quid
895 1940 954 1981 1111
996 1939 1248 1981 ostendatur
1277 1946 1406 1994 atque
1437 1940 1614 1982 demon-

267 2005 440 2051 stretur,
471 1999 620 2053 paucis
644 1996 968 2052 dispexerimus.
1019 1996 1214 2038 Doeetur
1237 2003 1378 2038 autem
1397 2003 1494 2038 ante
1524 2013 1614 2039 om-

266 2056 339 2097 nia
377 2054 619 2095 luxuriante
658 2068 792 2108 prope
834 2053 1049 2105 oratione.
1093 2053 1308 2107 quomodo
1347 2053 1417 2095 hie
1453 2054 1496 2095 111
1526 2054 1614 2095 vita

266 2112 437 2154 mortali
465 2111 674 2166 adspectu
701 2109 1004 2166 pulcritudinis
1043 2110 1087 2150 in
1126 2111 1377 2166 corporibus
1407 2110 1615 2153 radiantis

265 2168 471 2211 memoria
513 2167 684 2208 divinae
729 2165 1033 2222 pulcritudinis
1075 2168 1353 2209 resuscitetur
1383 2182 1520 2222 eoque
1549 2167 1614 2208 di-

265 2226 392 2267 vinus
423 2225 493 2266 ille
525 2240 670 2277 amor,
705 2223 779 2278 qui
810 2239 850 2278 p.
885 2225 978 2264 250.
1011 2224 1063 2265 E.
1107 2223 1340 2280 diligenter
1378 2225 1431 2266 ab
1474 2224 1613 2265 humi-

269 2283 382 2324 milis
448 2280 654 2323 lubidinis
706 2279 976 2336 turpitudine
1027 2280 1332 2336 distinguitur,
1374 2280 1419 2321 in
1458 2281 1611 2322 animis

229 2347 233 2351 '
265 2339 509 2380 mortalium
547 2337 809 2380 accendatur
846 2353 888 2392 p.
937 2338 1030 2378 249.
1071 2337 1125 2378 E.
1156 2364 1211 2369 -—
1240 2339 1334 2378 252.
1375 2337 1432 2378 D.
1513 2337 1612 2390 Quo

265 2396 380 2437 facto
422 2394 727 2436 deseribuntur
759 2393 912 2436 deinde
943 2395 1062 2434 varia
1093 2394 1218 2435 huius
1250 2394 1406 2435 amoris
1439 2409 1612 2450 genera,

267 2451 620 2506 quandoquidem
649 2453 721 2493 ille
751 2451 975 2506 multiplex
1006 2450 1237 2491 admodum
1269 2457 1312 2491 et
1342 2451 1485 2492 varius
1519 2466 1613 2492 esse

265 2508 496 2561 iudicatur,
528 2509 672 2563 prouti
703 2509 746 2549 in
777 2507 956 2550 coelesti
984 2508 1073 2548 vita
1104 2506 1282 2548 deorum
1308 2507 1613 2549 imitandorum

267 2580 497 2619 rerumque
537 2564 778 2606 divinarum
818 2563 1220 2621 cognoscendarum
1250 2563 1442 2605 studium
1472 2564 1613 2605 diver-

267 2637 362 2664 sum
410 2621 622 2674 extiterit.
678 2621 1008 2675 vindieaturque
1055 2620 1180 2662 simul
1224 2621 1452 2676 primarius
1491 2622 1612 2662 locus

268 2678 401 2720 amori
442 2678 726 2734 philosopho.
766 2695 806 2734 p.
849 2679 944 2719 252.
983 2677 1035 2718 Ε.
1063 2702 1118 2708 -
1149 2677 1243 2719 253.
1286 2676 1336 2719 C.
1369 2678 1480 2719 Tum
1508 2692 1610 2717 vero

268 2735 565 2778 sollertissima
624 2751 754 2790 opera
812 2734 1050 2789 vividisque
1100 2733 1317 2777 coloribus
1364 2734 1612 2790 depingitur

1682 2759 1687 2880 ι
