1687 2969
628 160 669 163 1-
744 140 785 176 LI
858 159 898 163 —

71 256 106 298 I.
147 257 214 297 20.
255 254 378 296 Brut.
424 254 488 295 12.
528 252 672 295 Sext.
712 252 854 308 Einp.
886 251 984 293 adv.
1014 251 1154 293 Math.
1184 251 1245 294 11.
1277 253 1345 294 96.
1374 269 1416 308 p.

71 314 167 354 306.
215 311 282 353 ed.
338 310 468 352 Fabr.
519 308 724 353 Suidas
763 323 798 350 s.
841 324 882 350 v.
924 311 1109 357 Λυσίας.
1168 309 1416 352 Photius

70 368 181 411 Cod.
197 370 296 411 262.
326 384 368 424 p.
404 368 500 409 289.
530 366 598 408 ed.
626 365 768 407 Bekk.
799 364 924 407 Idem
952 370 1104 421 postea
1122 366 1250 408 etiam
1279 367 1419 408 Athe-

69 441 148 469 nas
188 432 254 467 est
293 425 537 481 profectus,
580 423 655 464 ubi
694 423 806 464 int-er
847 421 1064 463 auditores
1103 422 1232 463 etiam
1262 423 1414 465 habuit

70 483 310 526 Isocratem
347 498 388 523 V.
423 481 652 536 Dionys.
693 480 811 521 Hal.
857 479 938 520 De
978 478 1160 521 Isocrat.
1199 479 1235 520 I.
1276 480 1418 521 Pau-

70 556 182 582 san.
231 535 313 581 VI.
356 540 422 592 17,
456 539 495 580 8.
528 537 623 580 coll.
658 535 918 593 Spengel.
961 535 1135 577 Artium
1166 534 1344 593 Scriptt.
1374 554 1417 594 p.

70 598 138 639 37.
169 611 263 651 sqq.
295 595 481 651 Scripsit
518 610 621 636 vero
660 594 731 635 hic
774 606 947 648 quoque
979 596 1133 647 τέχνην
1162 593 1254 635 sive
1283 600 1420 635 artem

68 653 352 706 rhetoricam,
392 651 586 708 magistri
625 650 864 692 aemulatus
903 649 1166 705 exemplum3
1204 665 1246 691 v.
1277 650 1418 694 Plat.

68 709 254 751 Phaedr.
285 725 327 765 p.
360 710 455 750 267.
486 710 542 750 A.
572 710 666 752 269.
699 707 757 749 D.
786 709 880 749 273.
911 707 967 749 A.
998 707 1145 761 ibique
1174 722 1272 748 ann.
1329 705 1420 749 Sed

70 767 382 809 accuratiorem
426 765 685 807 artificiosae
734 764 1008 818 eloquentiae
1055 764 1252 805 notitiam
1298 764 1418 820 prin-

69 839 171 879 ceps
219 824 264 865 in
311 820 539 865 Graeciam
586 821 765 878 pertulit
804 820 993 877 Gorgias
1045 820 1312 875 Leontinus,
1363 821 1417 863 de

68 882 191 922 cuius
238 880 454 935 legatione
517 878 571 920 ad
630 878 925 920 Athenienses
974 892 1053 933 pro
1110 878 1277 920 civibus
1327 879 1417 921 suis

70 936 246 994 Olymp.
285 936 606 978 LXXXVIII.
650 938 686 977 1.
727 942 881 988 quarto
922 950 1035 976 anno
1065 935 1169 976 belli
1198 935 1417 991 Pelopon—

70 994 231 1036 nesiaci
243 999 444 1049 suscepta
454 1006 599 1034 narrat
614 992 718 1034 Dio
732 991 773 1033 (1.
792 991 896 1034 Sic.
914 991 1024 1033 XII.
1041 993 1109 1035 33.
1141 990 1417 1047 Quamquam

70 1049 185 1092 idem
215 1050 402 1092 fortasse
431 1050 516 1091 iam
548 1056 675 1091 antea
713 1048 943 1090 Graeciam
980 1055 1309 1104 peragraverat,
1362 1048 1416 1091 de

71 1122 158 1162 qua
195 1122 240 1148 re
282 1123 323 1148 v.
366 1122 463 1147 ann.
506 1105 562 1147 ad
592 1106 733 1147 Plat.
767 1104 904 1162 Gorg.
935 1121 976 1160 p.
1010 1106 1076 1146 52.
1109 1104 1176 1146 ed.
1208 1107 1246 1147 2.
1281 1104 1416 1148 Goth.

68 1163 178 1205 Cum
208 1179 294 1218 quo
323 1162 439 1218 quod
469 1163 515 1204 in
544 1162 746 1204 Phaedro
783 1178 870 1203 non
899 1177 985 1203 uno
1015 1161 1112 1203 loco
1144 1162 1206 1218 (p.
1238 1163 1333 1204 267.
1363 1163 1418 1204 Β.

65 1221 164 1263 273.
175 1219 226 1262 B.
243 1218 311 1269 C.)
334 1219 461 1261 simul
481 1225 742 1261 memoratur
759 1218 1062 1275 Syracusanus
1076 1219 1232 1273 Tisias,
1244 1218 1419 1261 videtur

66 1277 113 1318 id
140 1291 274 1331 quum
295 1276 352 1317 ad
369 1275 611 1318 studiorum
624 1276 939 1317 rhetoricorum
961 1276 1308 1317 communionem
1326 1283 1420 1318 tum

67 1333 122 1375 ad
136 1334 298 1376 itineris
317 1333 360 1374 in
372 1331 603 1375 Graeciam
624 1333 819 1388 suscepti
832 1332 1084 1375 societatem
1105 1333 1344 1388 pertinere3
1367 1351 1409 1376 v.

66 1391 205 1433 Paus
219 1406 297 1433 an.
330 1391 405 1432 Vl.
430 1392 494 1432 17.
523 1390 596 1432 Ab
615 1390 699 1432 hoc
718 1404 820 1432 vero
838 1396 1031 1445 tempore
1051 1389 1282 1444 rhetorica,
1315 1391 1420 1433 artis

64 1447 309 1504 praeceptis
339 1453 560 1500 exornata,
592 1447 645 1489 ab
675 1446 1017 1489 Atheniensibus
1045 1447 1255 1503 singulari
1291 1448 1419 1504 plane

66 1503 210 1546 studio
241 1504 413 1546 videtur
435 1504 653 1546 celebrata
683 1519 790 1546 esse.
851 1502 1027 1560 Quippe
1047 1504 1330 1559 capiebantur
1358 1505 1421 1546 illi

65 1567 186 1603 tanto
226 1561 365 1617 magis
403 1561 539 1617 ipsius
571 1560 785 1603 illecebris
826 1575 875 1602 ac
906 1560 1156 1614 lenociniis,
1200 1576 1286 1616 quo
1329 1577 1419 1603 ma-

66 1618 132 1674 gis
163 1617 340 1673 vigente
379 1617 558 1673 imperio
597 1617 800 1673 populari
832 1617 996 1673 sperari
1024 1623 1199 1673 poterat
1234 1619 1421 1660 maxima

68 1674 171 1716 inde
214 1676 260 1716 in
297 1689 367 1716 res
396 1674 589 1730 privatas
621 1674 910 1715 emolumenta
940 1680 1068 1729 atque
1098 1674 1325 1716 commoda
1352 1690 1421 1717 re-

71 1730 316 1772 dundatura
354 1746 464 1773 esse.
532 1730 666 1784 Quod
704 1731 846 1787 ipsum
876 1731 1014 1788 magis
1059 1731 1188 1772 etiam
1227 1731 1422 1774 incendit

66 1793 110 1829 et
151 1787 433 1830 inflammavit
470 1787 616 1830 studia
654 1802 826 1841 eorum,
879 1789 953 1842 qui
1002 1802 1096 1829 eam
1145 1789 1420 1843 factitabant,

66 1844 280 1901 imprimis
331 1844 648 1901 sophistarum,
691 1844 764 1899 qui
812 1845 851 1885 ei
891 1859 1066 1901 operam
1105 1843 1209 1887 dare
1253 1845 1420 1888 studio-

66 1901 156 1943 sius
198 1902 452 1957 coepissent.
520 1900 761 1944 Coluerunt
799 1901 912 1942 enim
943 1916 1036 1943 eam
1067 1901 1420 1957 Thrasymachus

69 1956 416 2012 Chalcedonius,
469 1958 656 2015 Hippias
706 1958 863 2012 Eleus,
903 1958 1159 2001 Alcidamus
1210 1959 1418 2013 Elaeites,

67 2014 245 2057 Evenus
289 2016 469 2068 Parius,
518 2016 683 2069 Polus,
732 2015 1010 2072 Licymnius,
1056 2015 1291 2070 Prodicus,
1331 2017 1419 2071 alii,

67 2070 120 2113 de
151 2071 309 2127 quibus
350 2089 391 2114 v.
436 2071 677 2126 Quintil.
708 2072 792 2114 HI.
827 2074 863 2114 1.
906 2074 944 2114 8.
987 2073 1127 2114 Plat.
1160 2073 1345 2115 Phaedr.
1376 2091 1418 2130 p.

68 2129 162 2170 261.
192 2129 244 2171 B.
266 2153 321 2160 —
351 2129 448 2171 267.
478 2130 536 2171 D.
566 2129 642 2171 ubi
670 2146 707 2171 v.
732 2145 827 2171 ann.
889 2129 1164 2184 Quamquam
1195 2145 1247 2171 ea
1275 2131 1421 2172 statim

70 2184 122 2226 ab
151 2185 275 2228 initio
324 2187 454 2228 etiam
494 2186 723 2243 multiplici
777 2187 876 2229 labe
908 2187 990 2228 fuit
1043 2185 1223 2241 affecta,
1271 2194 1320 2228 ut
1368 2203 1419 2229 eo

69 2242 239 2284 nomine
269 2243 448 2286 Platoni
485 2243 695 2299 imprimis
741 2243 865 2285 valde
898 2243 1183 2300 displicuerit.
1245 2243 1421 2309 Quippe

68 2305 300 2355 praecepta
336 2300 432 2354 illa,
485 2314 595 2356 quac
641 2299 943 2354 tradebantur,
993 2300 1095 2341 licet
1142 2300 1420 2344 callidissime

72 2361 217 2396 essent
257 2357 527 2414 excogitata,
567 2364 710 2399 tamen
747 2374 834 2399 non
867 2363 990 2399 erant
1019 2372 1045 2398 a
1074 2357 1240 2399 ratione
1271 2358 1418 2412 ducta,

0 2431 1 2434 =
69 2409 149 2451 sed
183 2426 304 2454 mero
344 2429 429 2455 usu
462 2415 663 2468 collecta,
694 2421 744 2456 ut
775 2413 831 2455 ad
869 2414 1108 2470 sapientiae
1148 2414 1422 2471 disciplinam

0 2508 1 2512 ,
69 2482 221 2522 parum
264 2475 340 2510 aut
381 2471 489 2513 nihil
518 2471 725 2513 valerent.
786 2470 943 2514 Studia
981 2487 1110 2536 porro
1151 2478 1192 2513 et
1241 2473 1421 2514 consilia

0 2525 2 2542 r

0 2576 3 2606 l

0 2625 2 2644 l

0 2647 2 2690 Ι

0 2691 4 2808 i

0 2809 6 2969 ἓ

68 2523 206 2579 ipsius
237 2539 326 2566 non
356 2527 411 2569 ad
448 2528 676 2570 veritatem
707 2528 784 2570 sed
815 2527 870 2568 ad
903 2528 1290 2570 verisimilitudinis
1323 2545 1420 2586 spe-

69 2580 193 2635 ciem,
227 2581 358 2623 etiam
394 2599 493 2626 cum
546 2584 700 2627 fraude
755 2584 1053 2639 coniunctam,
1103 2585 1416 2637 referebantur,

67 2637 183 2701 1111116
221 2637 305 2693 ipsi
344 2639 538 2683 rhetores
574 2642 662 2683 fere
694 2640 748 2684 τὰ
779 2639 928 2684 εἰκότα
958 2641 1193 2695 iactabant,
1225 2642 1271 2684 id
1301 2643 1419 2698 quod

68 2708 151 2735 iam
192 2694 336 2737 Tisias
379 2703 422 2738 et
461 2696 670 2755 Gorgias,
702 2698 960 2741 artificiosae
989 2699 1114 2741 istius
1146 2699 1419 2754 eloquentiae
