1687 2969
395 192 637 232 GORGIAS.
666 193 710 230 P.
743 196 837 230 469.
869 192 962 230 470.
992 193 1050 230 ed.
1084 192 1140 230 St.
1361 193 1435 229 157

87 299 172 342 ἔστι
200 301 247 341 τὸ
275 300 382 354 μέγα
411 301 639 349 δύνασθαι,
668 301 716 341 τὸ
745 303 883 341 ποιεῖν
912 295 940 339 ἂ
968 300 1087 341 δοκεῖ
1112 300 1240 355 αὐτῷ.
1271 295 1298 352 ἢ
1326 299 1445 340 δοκεῖ

90 375 179 415 σοις
219 367 361 406 ΠΩΛ.
397 367 460 407 Οὐ
489 367 594 419 δῆτα
624 364 734 407 οὕτω
764 379 823 417 γε.
882 366 977 405 ΣΩ..
1009 362 1157 418 ”Εχεις
1186 361 1266 405 οὖν
1296 365 1438 412 εἰπεῖν,
1470 371 1553 412 470

90 431 196 472 διότι
249 429 402 484 μέμφει
439 429 518 484 τὴν
556 431 757 484 τοιαύτην
796 430 980 482 δύναμιν
992 447 1002 478 3
1070 431 1211 470 ΠῼΛ.
1252 426 1437 483 ”Εγωγε.

92 497 189 537 ΣΩ.
238 496 288 536 Τί
324 497 400 550 δή,·
438 495 543 548 λέγε.
615 497 757 536 ΠῼΛ.
795 491 897 535 ”Ὀτι
937 495 1174 547 ἀναγκαῖον
1213 496 1288 536 τὸν
1329 495 1440 537 οὕτω

95 561 336 614 πράττοντα
366 561 623 615 ζημιοῦσθαί
653 560 747 601 ἐστι.
805 561 907 600 Σῼ.
944 560 1002 600 Τὸ
1031 559 1074 600 δὲ
1104 563 1359 613 ζημιοῦσθαι
1389 560 1441 600 οὐ

91 626 249 675 κακόνς
287 627 428 666 ΠΩΛ.
463 627 588 666 Πάνυ
615 640 672 679 γε.
731 626 826 665 ΣΩ.
861 620 1111 679 ΟὐκοῠννΙῶ
1139 625 1363 678 θαυμάσιε,
1393 625 1441 665 τὸ

91 689 198 744 μέγα
236 691 448 731 δύνασθαι
486 692 614 731 πάλιν
656 686 710 731 αὖ
753 700 816 731 σοι
848 690 1063 741 φαίνεται,
1103 690 1182 731 ἐὰν
1210 689 1287 743 μὲν
1315 690 1441 741 προέτ-

92 771 207 797 τοντι
245 752 272 795 ὁὶ
299 756 417 797 δοκεῖ
441 754 588 810 ἕπηται
617 757 663 796 τὸ
694 754 914 809 ὠφελίμως
943 756 1161 807 πράττειν,
1202 756 1372 807 ἀγαθόν
1400 768 1442 794 τε

94 817 215 870 εἶναι,
245 820 314 862 καὶ
340 828 490 871 τοῦτο,
531 821 587 869 ὡς
616 818 776 868 ἔοικεν,
819 819 904 861 ἐστὶ
932 820 980 861 τὸ
1009 819 1115 873 μέγα
1144 821 1377 861 δύνασθαι·
1410 820 1444 860 εἰ

94 885 138 927 δὲ
177 887 258 940 μή,
301 887 436 928 κακὸν
475 886 545 927 καὶ
587 887 765 945 σμικρὸν
803 887 1027 947 (δύνασθαι.
1085 885 1359 938 Σκεψωμεθα
1399 883 1443 925 δὲ
1488 891 1525 932 Β

93 951 164 992 καὶ
213 951 320 992 τόδε
368 944 469 992 α’λλο
508 967 547 992 τι
585 968 610 1004 η
649 952 943 1005 ὁμολογοιμεν
984 949 1115 991 ἐνίοτε
1155 952 1232 1002 μὲν
1269 954 1444 1004 ἄμεινον

94 1012 203 1057 εἶναι
231 1022 362 1057 ταῦτα
390 1020 540 1068 ποιεῖν,
575 1015 604 1057 ἂ
631 1023 714 1057 νυν
741 1015 793 1070 δὴ
824 1015 1032 1069 ἐλέγομεν
1063 1017 1374 1057 ἀποκτιννύναι
1402 1030 1443 1056 τε

94 1082 165 1123 καὶ
216 1082 450 1132 ἐξελαύνειν
500 1082 762 1134 ἀνθρώπους
809 1080 878 1122 καὶ
925 1078 1203 1134 ἀφαιρεῖσθαι
1240 1082 1444 1135 χρήματα,

96 1147 227 1189 ἐνίοτε
267 1146 311 1188 δὲ
351 1149 426 1196 οὓς
486 1148 629 1188 ΠΩΛ.
676 1147 803 1188 Πάνυ
833 1161 891 1199 γε.
949 1148 1051 1187 ΣΩ.
1111 1149 1248 1188 Τοῦτο
1277 1146 1354 1199 μὲν
1381 1147 1445 1200 δή,

96 1286 187 1329 quod
211 1286 353 1319 debetur
375 1285 479 1319 vind.
495 1285 526 1319 6.
550 1287 628 1318 Par.
652 1287 690 1318 F.
723 1290 757 1318 et
781 1286 933 1317 Thomae
958 1286 1050 1328 Mag.
1075 1286 1111 1316 in
1135 1296 1207 1317 voe.
1233 1288 1445 1328 uazsayrjzffat

96 1336 180 1364 vett.
202 1332 295 1364 editt.
323 1335 536 1374 κατεαγῆιυαι
561 1343 592 1363 v.
618 1331 766 1363 Brunck.
793 1331 836 1362 ad
862 1331 1035 1384 Aristoph.
1062 1331 1210 1363 Acharn.
1235 1342 1266 1362 v.
1292 1330 1368 1364 945.

163 1378 203 1409 E.
247 1375 378 1419 7‘7'vzc2’
404 1375 457 1408 ἄν
484 1387 553 1408 σοι
578 1376 700 1419 δοκῇ]
728 1376 959 1408 ‹SonozClax-k.
985 1374 1102 1417 ἥιτιιά
1122 1376 1397 1408 aozssonocFlor.
1414 1387 1447 1407 x.

98 1423 174 1454 Hoc
199 1433 275 1454 eum
300 1423 398 1454 Astio
422 1423 551 1464 recepit
574 1422 690 1454 Herm.
723 1422 810 1454 conf.
834 1432 865 1462 p.
892 1420 967 1454 480.
994 1421 1030 1453 C.
1056 1422 1172 1462 ibique
1197 1432 1276 1453 ann.

165 1468 206 1500 P.
227 1466 303 1500 470.
351 1468 391 1500 B.

100 1512 205 1544 Coisl.
235 1512 337 1545 Vind.
372 1512 401 1544 1.

99 1557 197 1590 Bodl.
222 1558 372 1590 Routhji.

101 1704 143 1711 —
161 1685 314 1729 τριήρων
328 1684 432 1725 μεστὰ
456 1679 509 1728 ἦν,
536 1685 580 1718 al.
616 1685 669 1718 Ab
686 1687 741 1717 his

98 1742 178 1764 vero
218 1731 458 1764 discernuntur
496 1731 584 1763 aliae
623 1742 742 1771 naves,

101 1787 246 1818 quarum
275 1777 378 1809 statio
408 1787 478 1808 non
509 1781 583 1809 erat
614 1777 650 1808 in
681 1788 740 1808 na-

100 1821 247 1854 valibus.
283 1823 335 1854 De
358 1823 440 1864 Rep.
466 1833 497 1864 p.
514 1820 590 1854 423.
606 1822 653 1853 E:
681 1819 740 1864 τὴν

101 1871 170 1899 τῶν
185 1870 362 1910 γυναικῶν
383 1870 504 1909 κτῆσιν
527 1867 582 1898 καὶ
609 1866 740 1909 γάμων,

101 1922 171 1944 11011
196 1915 264 1944 τῶν
286 1910 416 1955 γάμων.

146 1958 184 1989 Ρ.
208 1955 284 1990 470.
334 1957 385 1990 Τι’
407 1955 476 1999 δή;
502 1955 618 1999 λέγε]
644 1957 686 1988 H.
713 1967 741 1989 e.

104 2001 159 2034 διὰ
184 2014 213 2034 τι
239 2000 301 2044 δή;
324 2013 390 2034 usu
393 2001 627 2055 ,pervulgata

156 2044 350 2084 Οὐκοῦι
377 2059 403 2078 ω
429 2045 672 2086 θάιμάσιε,
700 2045 740 2078 τὸ

103 2103 136 2131 μ.
175 2090 223 2135 6]
285 2091 577 2124 Heindorfius
624 2093 743 2124 invitis

102 2136 202 2169 libris
233 2137 370 2178 scripsit
400 2134 540 2178 ἀγαθόι
573 2149 609 2168 τι
640 2133 742 2175 εἶιαι,

103 2193 170 2223 quo
214 2193 283 2214 non
329 2192 414 2223 opus
454 2192 528 2214 esse
566 2183 743 2214 verissime

103 2227 345 2259 animadvertit
373 2226 746 2259 Sehleiermache-

105 2282 196 2312 rus,
221 2273 280 2314 qui
295 2276 409 2304 tamen
429 2271 544 2304 locum
567 2283 637 2304 non
663 2273 746 2304 satis

105 2321 195 2350 recte
240 2318 482 2359 interpretatur
521 2317 589 2348 sic:
635 2317 746 2357 „Also

104 2362 188 2404 κεῖρε
216 2361 286 2394 sich
318 2362 375 2394 dir
405 2362 506 2394 sehon
536 2362 658 2394 wieder
683 2362 746 2394 das

106 2406 329 2449 Miichtiysein
352 2417 421 2438 nur
444 2407 510 2447 da,
543 2418 602 2447 wo,
634 2407 747 2439 indem

106 2452 200 2484 einer
217 2452 300 2492 thut,
317 2462 387 2483 was
402 2451 472 2483 ihm
485 2451 641 2493 bedzinlct,
660 2452 747 2484 auch

106 2497 194 2529 diess
225 2496 333 2528 damit
355 2496 548 2529 verbunden
571 2497 631 2537 ist,
668 2497 748 2529 dass

108 2552 144 2573 er
184 2552 217 2573 es
257 2552 298 2572 zu
333 2542 457 2573 seinem
497 2541 644 2573 Vortlzeil
678 2542 750 2573 thut

105 2586 195 2618 und
217 2586 317 2618 dass
341 2596 381 2618 es
402 2591 463 2627 qut
485 2587 550 2624 sei5
573 2586 646 2618 und
670 2587 749 2619 eben

106 2631 193 2663 cliess
212 2642 296 2671 mm,
320 2631 380 2663 wie
404 2641 437 2662 es
460 2631 595 2671 sckeint,
620 2632 662 2663 ist
685 2632 748 2664 das

110 2675 359 2717 Maclatiyseinss'
384 2676 455 2708 Imo
471 2688 504 2707 τε
518 2681 595 2718 post
610 2674 749 2718 ἀγαθόν

106 2721 256 2762 positum
286 2725 337 2753 est
368 2721 509 2762 perinde
540 2732 579 2753 ac
610 2723 638 2752 si
670 2722 747 2753 dein

438 1465 539 1499 ἄλλο
564 1479 597 1499 τι
624 1465 643 1509 ἢ
668 1465 800 1509 ὁμολ.]
835 1465 854 1508 ἢ
878 1467 982 1509 vulgo
1007 1466 1159 1498 additum
1185 1467 1347 1498 omittunt
1372 1467 1446 1498 Vat.

435 1513 465 1545 6.
503 1513 579 1544 Par.
613 1511 848 1544 BCEFIW.
886 1512 978 1544 Flor.
1011 1523 1040 1543 a.
1074 1511 1106 1543 b.
1139 1523 1165 1544 c.
1191 1513 1214 1544 f.
1238 1523 1283 1544 111.
1308 1523 1337 1544 ο.
1364 1523 1389 1543 s.
1415 1523 1448 1543 x.

407 1558 448 1589 In
473 1557 589 1590 Clark.
614 1562 665 1590 est
689 1555 754 1589 ἀλλ’
782 1556 831 1589 ὅτι
857 1555 884 1598 ἤ.

810 1686 1030 1717 subiunctum
1058 1686 1229 1728 legeretur
1260 1686 1315 1717 καὶ
1341 1683 1450 1719 ὅπως

810 1726 901 1762 εἶναι
936 1730 1020 1773 μέγα
1057 1730 1242 1763 δύιασθαι
1297 1732 1362 1762 Pro
1395 1731 1449 1762 his

810 1786 890 1808 vero
929 1787 989 1818 per
1019 1776 1274 1808 anaeoluthiam
1306 1776 1451 1808 infertur

811 1822 864 1852 καὶ
900 1824 1016 1859 τοῦτο,
1059 1819 1105 1855 ὥς
1138 1821 1268 1859 ὲοικεν,
1308 1821 1378 1853 ἐστὶ
1414 1820 1449 1853 τὸ

811 1865 894 1908 μέγα
935 1865 1116 1897 δύνασθαι.
1166 1867 1292 1898 Verum
1332 1867 1450 1898 Butt-

811 1922 991 1943 mannus
1016 1911 1171 1953 pervidit.
1190 1930 1232 1934 —
1252 1911 1292 1942 εἰ
1317 1911 1362 1943 δὲ
1387 1910 1450 1954 μή,

812 1967 856 1988 se.
875 1956 989 1988 ἕπεται
1012 1956 1046 1988 τὸ
1072 1954 1256 1995 ὠφελίμως
1283 1955 1451 1997 πράττειν.

813 2001 913 2042 Quod
929 2001 963 2033 εί
981 2006 1056 2043 post
1080 2000 1142 2033 ἐάν
1166 2002 1321 2042 infertur,
1345 2002 1386 2033 de
1411 2012 1450 2034 eo

811 2057 843 2078 v.
868 2051 982 2080 annot.
1007 2047 1049 2078 ad
1073 2046 1246 2079 Phaedon.
1277 2057 1309 2088 p.
1334 2045 1387 2079 93.
1412 2048 1450 2078 Β.

812 2093 975 2124 Proxima
1007 2091 1451 2124 Schleiermacherus

812 2139 956 2179 putabat
979 2137 1030 2169 sic
1054 2136 1253 2179 refingenda
1277 2147 1372 2168 esse:
1396 2137 1450 2168 καὶ

813 2180 920 2214 κακὸν
955 2179 1100 2222 σμικρὸν
1132 2180 1319 2213 δύνασθαι.
1374 2182 1452 2213 Non

816 2227 994 2259 assentior.
1042 2227 1129 2258 Nam
1160 2227 1208 2258 ita
1239 2237 1374 2266 vereor,
1411 2237 1454 2258 ne

815 2272 1032 2304 scribendum
1065 2271 1168 2303 fuerit
1198 2271 1253 2303 καὶ
1279 2270 1388 2303 κακὸν
1412 2269 1453 2302 τὸ

818 2327 870 2356 σμ.
908 2315 1084 2349 δύνασθαι
1130 2317 1257 2349 inserto
1299 2317 1455 2349 articulo.

815 2363 933 2403 Neque
955 2361 1146 2393 audiendus
1171 2366 1222 2394 est
1246 2361 1455 2393 Heindor-

816 2408 922 2443 fius‚
949 2408 1008 2448 qui
1022 2407 1108 2439 haee
1123 2407 1171 2438 ita
1194 2407 1453 2449 interpretatur:

816 2452 972 2483 malum
1013 2458 1078 2483 est
1118 2452 1248 2483 etiam
1292 2452 1455 2494 exigua

816 2497 1027 2538 potentia.
1060 2497 1281 2529 Manifestum
1296 2501 1346 2529 est
1364 2498 1453 2529 enim

817 2540 924 2573 κακόν
937 2543 1062 2583 opponi
1081 2542 1298 2583 praecedenti
1315 2540 1456 2583 ἀγαθόν

818 2591 921 2628 atque
970 2586 1115 2628 σμικρὸι
1158 2586 1330 2619 δύνασθαι
1375 2596 1454 2618 con-

817 2632 960 2663 trarium
975 2641 1048 2663 esse
1075 2644 1133 2664 τοι
1157 2631 1240 2674 μέγα
1265 2629 1333 2663 δυι
1336 2632 1456 2662 ασθαι

817 2677 936 2717 Itaque
954 2681 1031 2718 post
1045 2675 1153 2709 κακόι
1168 2676 1342 2718 intelligas
1365 2671 1455 2707 εἶιαι

817 2733 834 2753 e
859 2721 1102 2763 superioribus.
1132 2722 1239 2754 Plene
1257 2722 1346 2752 enim
1371 2722 1455 2752 haee
