1687 2969
489 198 733 237 GORGIAS.
763 199 806 236 P.
840 199 932 237 517.
964 200 1023 237 ed.
1056 200 1112 237 St.
1406 202 1484 236 313

135 306 217 360 ἐγὼ
255 310 368 360 γοῦν
407 317 453 347 σε
490 307 691 355 πολλάκις
730 303 849 360 οἶμαι
889 305 1209 361 ὡμολογηκέναι
1247 308 1314 348 καὶ
1360 306 1485 361 ἐγνω-

133 371 273 421 κέναι,
316 371 372 420 ὠς
411 374 495 424 ἄρα
533 371 648 425 διττὴ
685 371 793 424 αὕτη
834 387 895 420 τις
935 373 963 426 ἦ
1003 373 1267 426 πραγματεία
1305 371 1390 413 ἐστὶ
1418 373 1488 414 καὶ
1518 375 1559 415 D

131 435 226 489 περὶ
262 437 309 477 τὸ
349 440 469 490 σῶμα
507 437 578 478 καὶ
615 436 706 490 περὶ
747 437 826 490 τὴν
866 439 1032 491 ψυχήν,
1072 437 1141 479 καὶ
1177 438 1205 491 ἦ
1246 437 1323 492 μὲν
1366 436 1485 513 ἑτέρα

131 502 353 555 διακονική
393 501 527 550 ἐστιν,
570 496 597 554 ᾖ
635 501 822 543 δυνατὸν
859 498 968 543 εἶναι
1009 502 1263 555 ἐκπορίζειν,
1305 501 1379 543 ἐὰν
1408 503 1485 556 μὲν

135 574 258 621 πεινῆ
286 567 336 608 τὰ
367 564 541 620 σώματα
567 567 702 621 ἡμῶν,
732 570 866 617 σιτι’,α
912 566 986 608 ἐὰν
1016 567 1059 608 δὲ
1089 569 1207 622 διψῇ,
1248 568 1368 618 ποτά,
1411 566 1485 608 ἔαν

133 632 177 674 δὲ
206 632 325 685 ῥινῷ,
368 632 522 686 ἱμάτια,
553 628 789 685 στρώματα,
819 633 1087 687 ὑποδήματα,
1118 630 1204 673 ἄλλ’
1236 625 1297 673 ὧν
1326 631 1484 686 ἔρχεται

133 693 306 749 σώματα
346 698 404 746 εἰς
444 696 688 750 ἐπιθυμίαν.
728 713 799 738 και
836 697 1068 751 ἐξεπίτηδες
1107 709 1174 739 σοι
1201 697 1270 738 διὰ
1298 700 1384 738 τῶν
1413 695 1483 738 αὐ

133 766 220 804 τῶν
260 763 439 804 εἰκόνων
477 761 609 816 λέγω,
650 763 721 803 ἴνα
763 762 871 814 ῥᾷον
910 764 1172 816 καταμάθῃς.
1211 764 1377 804 τούτων
1405 763 1485 816 γὰρ

131 829 376 881 ποριστικὸν
403 824 513 868 εἶναι
541 827 566 880 ἢ
598 828 791 881 κάπηλον
820 830 924 868 ὄντα
953 825 980 881 ἢ
1008 825 1197 881 ἔμπορον
1226 827 1252 881 ἢ
1282 828 1481 882 δημιουρ-

133 894 214 947 γόν
242 908 319 934 του
348 888 491 934 αὐτῶν
518 894 703 942 τούτων,
746 894 966 934 σιτοποιὸν
994 890 1021 946 ἢ
1050 892 1264 942 ὀψοποιὸν
1292 889 1320 947 ἦ
1347 893 1483 946 ὑφάν-
1518 896 1554 937 Ε

132 974 211 1012 την
230 954 257 1011 ἦ
276 959 543 1011 σκυτοτόμον
564 958 589 1011 ἢ
611 959 891 1008 σκυτοδεψόν,
921 954 1050 999 οὐδὲν
1078 960 1333 1012 θαυμαστόν
1361 958 1485 1000 ἐστιν.

134 1026 239 1065 ὄντα
267 1027 467 1065 τοιοῦτον
502 1024 619 1073 δόξαι
649 1024 718 1064 καὶ
748 1024 862 1079 αὐτῷ
892 1024 961 1064 καὶ
989 1027 1078 1072 τοῖς
1106 1026 1248 1072 ἄλλοις
1276 1029 1485 1077 θεραπευ-

132 1087 210 1143 τὴν
249 1085 357 1130 εἶναι
393 1089 604 1142 σώματος,
649 1088 775 1129 παντὶ
813 1091 872 1144 τῷ
912 1088 968 1142 μὴ
1008 1089 1159 1139 εἰδότι,
1203 1086 1266 1130 ὅτι
1310 1088 1396 1130 ἔστι
1426 1106 1487 1138 τις

133 1154 247 1207 παρὰ
289 1155 444 1202 ταύτας
484 1153 649 1202 ἁπάσας
690 1153 814 1207 τέχνη
843 1156 1107 1208 γυμναστική
1137 1169 1179 1195 τε
1209 1154 1278 1196 καὶ
1307 1156 1484 1209 ἰατρική,

133 1220 159 1273 ἣ
199 1219 250 1273 δὴ
292 1222 351 1275 τῷ
379 1221 469 1260 ὄντι
500 1218 584 1260 ἐστὶ
613 1217 807 1272 σώματος
835 1221 1064 1271 θεραπεία,
1103 1220 1236 1274 ἥνπερ
1265 1219 1334 1261 καὶ
1363 1235 1485 1271 προς-

132 1352 247 1384 obrem
276 1363 345 1384 non
379 1353 546 1384 assentior
569 1353 642 1383 viro
668 1352 766 1384 docto
791 1353 974 1394 corrigenti
999 1350 1109 1384 ἄλλων
1134 1348 1185 1384 ὦι·
1211 1354 1352 1394 ἔρχεται,
1377 1358 1415 1385 ut
1440 1359 1487 1385 at-

133 1399 256 1430 tractio
297 1399 434 1442 invefsa
472 1398 604 1430 seilicet
642 1398 754 1429 locum
796 1398 929 1431 habeat.
986 1398 1058 1430 Neo
1095 1409 1180 1440 opus
1212 1404 1264 1431 est
1293 1399 1488 1431 coniectura

133 1442 324 1475 Heindorfii
349 1443 447 1474 τάλλα
471 1442 689 1475 scribendum
714 1443 877 1484 putantis.

203 1487 460 1529 ἐξεπίτηδές
487 1487 577 1530 σοι]
605 1487 720 1529 Steph.
747 1487 944 1530 ἐξεπίτηδες
971 1486 1009 1518 δὲ
1034 1498 1098 1525 σοι,
1124 1498 1248 1520 errore.

202 1534 240 1565 Ε.
290 1530 310 1575 ἢ
338 1531 640 1575 σκυτοδεψόν]
671 1532 887 1573 σκιτόδεψω
913 1533 1028 1564 Clark.
1054 1533 1130 1564 Vat.

204 1581 408 1610 τοιοῦτοι
434 1576 557 1618 δόξαι
583 1579 654 1609 καὶ
682 1576 815 1620 aizoi]
844 1578 958 1619 steph.
983 1575 1080 1617 δόξαι
1106 1589 1138 1610 τε
1165 1578 1220 1609 καὶ
1246 1576 1350 1621 αὐτῷ.

204 1621 222 1666 ἢ
258 1622 307 1665 δὴ
342 1626 392 1667 τῷ
428 1619 538 1665 ὄντι]
583 1623 639 1654 Sic
666 1624 750 1654 Ven.
777 1623 857 1656 ΞΣ.
896 1623 1001 1654 Coisl.
1026 1623 1129 1654 Vind.
1153 1622 1184 1654 2.
1210 1622 1240 1657 6.
1267 1622 1298 1655 7.
1329 1625 1406 1658 Par.
1432 1624 1486 1656 W.

135 1668 226 1701 Vett.
249 1668 343 1702 editt.
370 1682 389 1711 ῃ
417 1667 458 1710 δὴ
485 1671 541 1712 τῷ,
568 1668 657 1710 quod
683 1669 751 1699 iam
776 1668 997 1700 Heindorfius
1022 1668 1228 1700 emendavit.

181 1792 218 1824 C.
244 1789 438 1835 α’γτοοῦι
449 1789 673 1834 τεςάλλήλ.
696 1792 715 1823 ὅ
743 1804 775 1823 τι

135 1836 343 1892 λὲγομεν]
380 1837 520 1869 Laehet.
555 1848 585 1878 p
622 1836 695 1869 189.
729 1838 774 1868 E:

136 1882 222 1916 ἴσως
261 1880 304 1914 οὐ
343 1881 540 1922 μανθάνετέ
580 1893 645 1920 μου
685 1881 703 1914 ὅ
750 1895 774 1913 τι

135 1927 230 1970 λέγω.
277 1928 477 1969 Explicavit
507 1928 598 1959 hune
632 1928 776 1969 genitivi

134 1983 234 2004 usum
269 1973 500 2005 Matthiae.
539 1973 595 2004 Gr.
635 1974 663 2012 ἕ.
698 1971 776 2005 373.

135 2018 223 2050 conf.
249 2023 366 2049 nostra
390 2017 432 2050 ad
456 2019 574 2059 Remp.
593 2018 636 2050 11.
652 2029 684 2060 p.
698 2016 774 2050 375.

135 2064 178 2095 D.
202 2063 262 2094 111.
287 2073 319 2104 p.
343 2061 419 2097 394
446 2062 483 2095 C.

182 2154 223 2184 D.
272 2147 293 2195 ᾗ
327 2150 522 2184 δυνατὸν
547 2148 688 2194 εἶναι]
723 2154 776 2184 De

134 2198 305 2229 infinitivo
320 2202 395 2239 post
412 2198 580 2229 lelativa'
572 2209 606 2228 1n
622 2199 776 2230 oratione

136 2244 275 2285 obliqua
304 2244 430 2274 usitato
462 2254 493 2273 v.
527 2243 569 2273 ad
602 2243 776 2275 Phaedon.

135 2299 166 2329 p.
193 2287 245 2320 72.
270 2289 310 2319 A.
366 2289 450 2319 Mox
481 2288 521 2319 de
553 2288 660 2320 forma
693 2286 777 2331 ριγῷ

137 2344 168 2364 v.
194 2335 438 2364 Buttmann.
470 2333 528 2364 Gr.
561 2344 650 2364 max.
684 2335 724 2364 T.
751 2334 775 2364 Ι.

138 2389 169 2419 p.
199 2377 276 2410 506.
325 2378 551 2410 Matthiae.
584 2378 641 2410 Gr.
673 2379 775 2420 ampl.

137 2424 166 2462 ξ.
193 2422 268 2455 198.
297 2421 328 2454 7.

183 2487 261 2521 ἄλλ’
296 2484 352 2521 ὦν
383 2490 551 2531 ἔρχεται
578 2489 633 2532 -]
668 2490 708 2522 V.
734 2490 776 2521 ad

138 2545 168 2576 p.
194 2533 269 2567 503.
295 2535 334 2568 E.
373 2535 528 2577 Sympos.
553 2546 584 2577 p.
612 2534 685 2567 186.
712 2536 753 2566 D.

184 2600 349 2633 τούτωτ
378 2601 468 2656 γὰρ
512 2600 776 2643 ποριστικὸι

137 2641 205 2678 εἶ1
213 2658 252 2678 αι
273 2666 315 2670 -
338 2659 386 2677 οτ
381 2647 475 2678 δι’-τι
500 2648 585 2679 θαι
581 2646 730 2686 μαστό
746 2647 774 2690 ι]

136 2693 290 2723 Mutatur
304 2691 465 2733 deinceps
486 2697 582 2725 tenor
601 2693 775 2724 orationis.

137 2737 324 2778 Postquam
340 2737 429 2769 enim
445 2737 545 2769 haee:
563 2736 670 2770 οὐδὲν
689 2739 775 2768 θαυ-

846 1789 977 1830 ιιαστόν
1002 1791 1103 1829 ἐστιν,
1140 1791 1239 1824 illata
1263 1795 1353 1832 sunt,
1378 1803 1487 1824 selmo

846 1838 1075 1890 oontffluatm,
1102 1838 1201 1878 quasi
1226 1839 1487 1880 praecessisset:

847 1880 888 1913 ὅι
891 1894 928 1913 τα
978 1881 1043 1935 γὰρ
1094 1881 1225 1914 τούτων
1277 1883 1488 1923 ποριστικόη

845 1927 990 1968 ideoque
1015 1925 1098 1958 ὅντα
1122 1940 1215 1959 τοιοι
1221 1940 1278 1959 toz
1302 1929 1488 1970 interponi-

845 1976 919 2011 tur,
948 1976 986 2003 ut
1017 1973 1201 2014 superioris
1226 1974 1372 2005 subiecti
1398 1975 1488 2016 eogi-

845 2018 928 2049 tatio
948 2018 984 2048 in
999 2018 1112 2048 animo
1132 2019 1365 2052 resuscitetur.
1398 2021 1488 2051 Ana-

846 2063 1008 2094 coluthon
1033 2063 1121 2093 nihil
1147 2063 1253 2094 habet
1278 2064 1487 2102 offensionis,

846 2108 929 2139 lieet
960 2107 1002 2138 ab
1035 2108 1112 2139 aliis
1145 2109 1244 2140 aliter
1272 2110 1316 2139 sit
1339 2109 1488 2150 expliea—

846 2157 928 2184 tum.
950 2172 992 2176 —
1019 2152 1125 2191 ἒμπο
1139 2165 1205 2193 ροι
1230 2158 1310 2185 sunt
1333 2165 1488 2186 merea-

846 2201 982 2237 tores,
1020 2196 1203 2240 κάπηλοι
1237 2199 1487 2239 institores,

846 2243 904 2283 qui
920 2253 1061 2282 meroes,
1088 2253 1173 2284 quas
1192 2248 1310 2275 emunt
1325 2255 1345 2276 a
1361 2255 1488 2276 merea-

846 2287 988 2327 toribus,
1014 2292 1175 2329 quaestus
1191 2288 1341 2320 faciendi
1363 2300 1487 2322 caussa

845 2333 999 2364 vendunt
1031 2337 1080 2372 et,
1121 2337 1159 2364 ut
1188 2333 1245 2373 fit,
1282 2334 1486 2366 adulterant.

845 2378 1041 2409 Discrimen
1065 2382 1142 2420 post
1160 2378 1246 2410 alios
1270 2379 1488 2411 illustrarunt

846 2423 878 2454 H
891 2434 907 2454 e
919 2423 1075 2457 indorf.
1097 2423 1139 2455 ad
1155 2423 1188 2455 h.
1203 2424 1226 2457 l.
1243 2428 1276 2456 et
1292 2424 1335 2456 ad
1351 2425 1488 2457 Horatii

846 2468 945 2500 Satir.
979 2469 994 2499 I
1005 2492 1013 2508 ,
1046 2468 1063 2500 1
1076 2493 1083 2507 ‚
1116 2468 1146 2500 6.
1186 2474 1219 2501 et
1253 2480 1338 2511 quos
1369 2470 1488 2502 lauda-

845 2513 896 2544 vit
922 2514 948 2544 B
960 2523 978 2544 0
988 2514 999 2544 i
1009 2524 1024 2545 s
1036 2524 1050 2545 s
1063 2524 1081 2545 o
1092 2525 1113 2544 n
1126 2525 1145 2546 a
1156 2514 1187 2546 d.
1213 2514 1255 2546 ad
1280 2516 1485 2547 Aristaenet.

845 2569 875 2600 p.
903 2557 977 2590 740.

890 2604 927 2634 E.
979 2614 1032 2634 πα
1047 2604 1110 2635 ντὶ
1151 2607 1203 2646 τῷ
1239 2601 1291 2646 μὴ
1323 2602 1486 2647 εἰδότι]

846 2648 1059 2680 videlicet
1082 2648 1302 2689 omnibus,
1327 2650 1399 2690 qui
1423 2660 1486 2681 ne-

846 2694 906 2724 sei
919 2698 994 2725 ant
1013 2699 1074 2728 etc.
1111 2694 1196 2725 Nam
1213 2693 1385 2725 adduntur
1401 2694 1486 2727 haee

847 2738 1078 2780 superioribus
1103 2750 1162 2781 per
1187 2739 1448 2781 appositionem.
