1687 2969
250 190 325 225 162
780 190 1037 229 PLATONIS

248 311 331 351 νῳ,
372 292 456 336 ἀλλ’
494 297 551 345 εἰς
591 295 728 350 φρέαρ
768 297 961 351 ἐμβαλὼν
1000 298 1070 340 καὶ
1110 296 1342 350 ἀποπνίξας
1378 301 1484 353 πρὸς
1510 300 1589 354 τὴν

251 361 405 414 μητέρα
429 362 562 403 αὐτοῦ
595 363 873 415 Κλεοπάτραν
913 371 1020 417 χῆνα
1049 361 1130 418 ἔφη
1159 364 1368 407 διώκοντα
1397 365 1590 419 ἐμπεσεῖν

251 425 320 467 καὶ
356 426 619 468 ἀποθανεῖν.
658 429 869 482 τοιγάρτοι
905 436 1013 480 νῦν,
1063 429 1134 469 ἅτε
1173 428 1344 481 μέγιστα
1381 431 1591 484 ἠδικηκὼς

250 494 335 532 τῶν
364 490 409 532 ἐν
424 493 686 547 Μακεδονίᾳ,
718 494 978 542 ἁθλιώτατός
1003 493 1088 534 ἐστι
1113 495 1286 535 πάντων
1305 496 1588 543 Μακεδόνων,

251 553 334 597 ἀλλ’
376 557 453 598 οὐκ
495 553 891 611 εὐδαιμονέστατος,
932 558 1002 599 καὶ
1041 558 1140 607 ἴσως
1175 557 1286 599 ἔστιν
1326 559 1434 608 ὄςτις
1458 557 1590 614 Ἀθη-

182 629 221 671 D
253 622 384 662 ναίων
430 623 514 663 ἀπὸ
562 630 640 664 σοῦ’
690 623 920 676 ἀρξάμενος
958 618 1102 673 δέξαιτ’
1147 623 1200 663 ἂν
1236 626 1363 674 ἄλλος
1402 626 1593 674 ὁςτιςοῦν

252 686 520 728 Μακεδόνων
548 687 748 740 γενέσθαι
773 690 934 741 μαλλον
962 688 987 741 ἢ
1012 684 1251 740 Ἀρχέλαος.

337 752 442 811 Cap.
475 754 666 796 XXVII.
727 757 820 796 ΣΩ,
879 755 963 796 Καὶ
1002 750 1088 797 κατ’
1141 756 1271 809 ἀρχὰς
1319 759 1404 798 τῶν
1441 758 1591 810 λόγων,

255 813 287 859 ὦ
319 821 455 869 Πώλε,
487 819 615 873 εγωγὲ
645 830 688 861 σε
717 820 918 875 επῃνεσα
950 818 1013 862 ὅτι
1040 837 1112 874 μοι
1140 822 1276 870 δοκεῖς
1303 818 1349 863 εὗ
1381 824 1486 874 πρὸς
1513 838 1592 876 την

252 884 479 938 ῥητορικὴν
507 886 827 934 πεπαιδεῦσθαι,
855 892 932 926 τοῦ
960 887 1003 927 δὲ
1032 884 1298 939 διαλέγεσθαι
1314 885 1588 940 ἠμεληκέναι·

252 949 320 990 καὶ
348 956 430 990 νῦν
459 953 561 991 ἄλλο
589 966 627 991 τι
657 945 782 999 οὗτός
811 950 921 991 ἐστιν
949 951 972 992 ὁ
1000 951 1139 1004 λόγος,
1173 968 1205 1005 ῳ
1233 966 1283 1005 με
1312 952 1380 992 καὶ
1409 967 1463 993 αν
1491 956 1591 1001 παῖς

252 1012 457 1065 ἐξελέξειε,
488 1016 557 1056 καὶ
588 1014 668 1069 ἐγὼ
698 1016 782 1057 ὑπὸ
811 1023 890 1056 σοὺ
920 1023 1015 1060 νυν,
1044 1016 1100 1065 ὡς
1128 1016 1181 1057 σὶ)
1209 1017 1299 1065 οίει,
1331 1015 1593 1071 εξελήλεγμαι

250 1081 386 1136 τούτῳ
414 1083 472 1136 τῷ
501 1082 636 1135 λόγῳ
676 1083 854 1134 φασκων
891 1081 966 1122 τὸν
994 1082 1225 1123 αδικοῦντα
1253 1082 1332 1123 οὐκ
1361 1082 1591 1136 εὐδαίμονα

251 1141 382 1194 εἶναις
422 1146 582 1195 πόθεν,
628 1140 660 1186 ὦ
699 1145 842 1199 ’γαθές
884 1146 952 1188 καὶ
980 1163 1066 1200 μην
1104 1145 1231 1189 οὐδέν
1258 1147 1305 1200 γέ
1335 1157 1401 1188 σοι
1429 1148 1593 1188 τούτων

318 1266 497 1309 ἐμβαλῶ
514 1281 531 1299 ν
556 1269 623 1300 καὶ
659 1266 941 1311 ἀποπνίξας]
974 1269 1030 1301 Sic
1056 1269 1096 1303 V.
1123 1269 1294 1302 Omittunt
1318 1270 1372 1301 καὶ
1398 1269 1484 1301 Ven.
1510 1269 1591 1301 ΞΣ.

252 1313 351 1345 vind.
376 1313 405 1345 2.
432 1312 461 1346 7.
492 1315 580 1356 Aug.
606 1314 701 1345 Bodl.
726 1315 866 1346 Meerm.
890 1325 925 1346 v.
950 1325 1029 1347 ann.

317 1379 387 1412 ἅτε
418 1380 602 1423 μέγιστα
635 1379 759 1424 ήδικ.]
794 1382 931 1414 Praeter
954 1382 1192 1414 necessitatem
1216 1382 1389 1424 Hirschig.
1413 1382 1502 1413 coni.
1527 1380 1585 1413 ἅτε

252 1423 295 1457 τὰ
318 1425 389 1467 μέγ.
419 1426 507 1457 conf.
531 1437 658 1468 verop.
673 1425 748 1458 471.
758 1427 802 1459 A:
829 1426 903 1459 ἐπεὶ
930 1425 967 1458 τὰ
991 1426 1126 1470 μέγιστα
1150 1424 1320 1469 ἠδίκηκεν,
1346 1432 1379 1459 et
1402 1437 1433 1469 p.
1444 1425 1520 1459 479.
1537 1428 1585 1459 E:

252 1469 309 1503 τὸν
335 1470 373 1502 τὰ
397 1470 531 1514 μέγιστα
555 1469 748 1503 ἁδικοῦιΜτα

319 1538 405 1570 ἐστὶ
434 1537 518 1569 πάι
529 1550 608 1570 τωι
633 1538 874 1571 Μακεδόνα]
888 1538 922 1582 ν]
949 1539 990 1572 V.
1017 1538 1156 1570 πάντων
1183 1543 1251 1571 τῶν
1278 1539 1325 1570 M.
1350 1539 1470 1570 invitis
1494 1538 1591 1571 codd.

250 1589 382 1626 praeter
404 1583 506 1615 Vind.
532 1583 562 1616 1.
586 1583 616 1616 6.
648 1585 725 1617 Par.
754 1585 780 1616 Ι.
816 1585 905 1617 Flor.
930 1585 952 1617 f.
977 1596 1009 1615 x.
1046 1584 1142 1618 Bodl.
1175 1585 1247 1617 Nec
1280 1584 1362 1617 Ald.
1393 1588 1426 1617 et
1455 1585 1532 1616 Bas.
1560 1583 1590 1618 1.

251 1629 433 1662 articulum
457 1634 660 1671 agnoscunt.

295 1741 357 1775 εἰς
399 1740 536 1782 φρέαρ)
583 1740 781 1783 ἐμβαλών
814 1743 882 1773 καὶ

250 1784 518 1829 ἀποπνίξας]
561 1797 686 1828 quum
719 1798 808 1818 eum
840 1788 882 1818 in

250 1836 423 1873 puteum
458 1832 701 1864 deiecisset
733 1836 771 1863 et
802 1833 883 1864 suf-

250 1878 289 1908 fo
300 1888 318 1908 e
328 1888 348 1909 a
357 1888 372 1909 s
385 1888 400 1909 s
411 1882 457 1908 et.
504 1878 638 1909 Poterat
675 1877 728 1908 καὶ
763 1878 882 1917 omitti,

250 1923 331 1964 quia
373 1923 465 1964 prius
503 1923 717 1964 participium
756 1922 884 1954 indicat

248 1967 385 1999 modum
396 1993 403 2007 ,
445 1978 510 2009 quo
551 1979 627 2000 eum
664 1968 881 2002 interfecerit.

250 2013 439 2055 Euthyphr.
476 2024 507 2054 p.
542 2012 573 2045 4.
608 2013 651 2044 C:
708 2011 882 2055 ξυνδήσας

250 2057 329 2091 τοὺς
349 2056 456 2091 πόδας
477 2059 531 2089 καὶ
559 2056 615 2091 τὰς
639 2062 752 2099 χεῖρας
776 2056 882 2089 αὐτοῦ

250 2101 449 2144 καταβαλών
465 2103 516 2136 εἰς
541 2101 605 2143 τάιι
616 2115 678 2144 ρον
704 2101 776 2135 τινὰ
801 2104 880 2141 πέμ-

250 2160 303 2180 πει
328 2149 433 2188 δεῦρο
456 2146 584 2189 ἄνδρα,
621 2148 680 2180 ubi
711 2159 742 2180 v.
767 2153 883 2181 annot.

248 2194 318 2226 Nec
342 2198 455 2226 tamen
479 2194 617 2226 omissio
641 2192 843 2226 necessaria.

294 2237 516 2281 τοιγάρτοι
545 2241 622 2270 νῦν
643 2251 670 2271 κ.
687 2251 709 2270 τ.
724 2239 762 2282 t]
786 2239 882 2270 Haec

248 2285 376 2316 ironice
432 2284 629 2325 accipienda
680 2295 753 2316 esse
803 2294 882 2315 vere

248 2330 380 2361 monuit
404 2329 615 2363 scholiastes.
631 2348 675 2353 -
693 2327 713 2360 ἀ
725 2341 747 2361 π
757 2328 774 2360 ὸ
804 2340 822 2361 σ
833 2342 849 2361 ο
862 2333 881 2360 ῦ

249 2372 269 2405 ἀ
283 2385 299 2414 ρ
313 2372 414 2414 ξάμε
428 2386 515 2412 νος,
578 2376 714 2406 initio
773 2385 792 2406 a
842 2378 881 2406 te

248 2419 384 2459 facto,
409 2420 709 2461 imprimisque
734 2424 785 2451 tu.
818 2420 881 2451 Ge-

249 2474 313 2495 nus
330 2463 492 2505 loquendi
516 2464 731 2497 illustrarunt
755 2465 788 2496 H
797 2475 814 2496 e
825 2465 836 2495 i
846 2476 882 2495 n-

249 2508 350 2541 dorf.
375 2509 417 2540 ad
434 2509 465 2540 h.
486 2509 506 2540 l.
524 2509 566 2541 ad
583 2510 729 2552 Sophist.
754 2520 786 2551 p.
804 2508 880 2542 366.

250 2555 340 2586 Heu
349 2564 364 2585 s
375 2553 446 2585 diu
458 2564 473 2585 s
506 2554 650 2595 Speeim.
685 2556 758 2587 crit.
783 2565 814 2596 p.
838 2553 881 2586 39

249 2610 318 2641 seq.
350 2599 450 2631 Stur
461 2609 488 2630 z.
513 2600 630 2631 Lexie.
665 2600 880 2642 Xenophont.

281 2670 286 2675 .
313 2645 338 2675 I.
363 2655 394 2686 p.
417 2642 494 2676 427.

291 2689 373 2731 Cap.
388 2689 530 2721 XXVII.
557 2690 597 2720 D.
631 2701 671 2720 zo
686 2691 703 2721 ῦ
728 2689 771 2721 δὲ
797 2688 879 2720 δια-

247 2732 451 2776 λέγεσθαι
476 2731 549 2776 ἠμε
561 2733 606 2776 λ.]
632 2734 793 2766 Sermone
817 2734 880 2766 La-

951 1741 1022 1773 tino
1062 1742 1149 1773 haee
1185 1740 1415 1783 superioribus
1454 1741 1501 1772 sie
1534 1739 1591 1772 ad-

951 1787 1092 1829 iungas:
1147 1796 1405 1828 quamquam
1452 1786 1588 1817 disse-

951 1832 1076 1864 rendi
1099 1837 1234 1864 artem
1253 1831 1421 1863 videris
1446 1831 1589 1873 negle-

951 1878 1079 1909 xisse.
1134 1878 1295 1909 Proxima
1326 1877 1380 1908 καὶ
1418 1880 1482 1908 νῦν
1513 1875 1591 1907 ἄλλο

952 1935 979 1953 τι
1015 1934 1042 1953 κ.
1081 1934 1104 1953 τ.
1141 1923 1166 1953 λ.
1211 1922 1454 1964 interrogative
1501 1922 1590 1953 acei-

950 1967 1075 2008 pienda
1096 1977 1170 1998 esse
1193 1968 1262 1999 iam
1286 1967 1470 1998 Fieinus
1495 1966 1591 1998 vidit.

950 2013 1117 2054 Loquitur
1140 2017 1252 2045 autem
1277 2012 1433 2044 Socrates
1462 2012 1547 2043 haee
1571 2021 1589 2043 e

950 2062 1061 2089 mente
1092 2057 1178 2089 Poli
1225 2059 1343 2099 Itaque
1379 2068 1456 2101 eun}
1489 2057 1588 2112 quasi

950 2104 1101 2135 lefutans
1127 2102 1238 2134 addit.
1265 2101 1395 2140 πόθεν,
1427 2102 1452 2133 αἱ
1501 2101 1587 2144 γθέ;

950 2148 983 2180 h.
1008 2159 1035 2182 e.
1060 2148 1251 2186 minime,
1286 2159 1304 2180 0
1336 2147 1455 2179 bone.
1486 2157 1517 2177 v.
1543 2128 1586 2178 ad

951 2194 1106 2235 Sympos.
1137 2204 1168 2235 p.
1194 2191 1268 2225 172.
1294 2192 1330 2224 C.
1393 2192 1449 2224 Sic
1487 2202 1587 2233 saepe

950 2238 1039 2280 apud
1059 2238 1324 2270 Demosthenem
1357 2235 1487 2274 πόθεν;
1509 2238 1589 2268 πολ-

951 2285 1012 2315 λοῦ
1034 2295 1072 2326 γε
1096 2285 1150 2315 καὶ
1178 2283 1246 2320 δεῖ,
1277 2282 1384 2314 veluti
1409 2282 1502 2314 Orat.
1527 2293 1587 2324 pro

951 2329 1074 2361 Coron.
1105 2339 1137 2370 p.
1168 2327 1244 2360 241.
1275 2327 1361 2359 med.
1393 2326 1470 2360 242.
1504 2331 1588 2359 extr.

950 2373 1026 2406 274.
1063 2379 1145 2405 extr.
1187 2373 1237 2405 ed.
1276 2373 1391 2404 Reisk.
1434 2391 1476 2396 —
1518 2384 1536 2403 κ
1546 2373 1586 2403 αὶ

950 2417 1032 2460 μὴν
1069 2437 1112 2442 -
1151 2430 1212 2461 γε,
1252 2423 1369 2450 certe
1412 2417 1588 2459 quidem

950 2463 1034 2495 tibi
1064 2463 1179 2495 nihil
1212 2473 1358 2495 eorum
1383 2462 1588 2494 concedo.

948 2520 981 2540 v.
1011 2509 1040 2540 A
1053 2514 1099 2540 st.
1135 2508 1177 2540 ad
1210 2508 1309 2539 Polit.
1341 2519 1374 2550 p.
1405 2505 1481 2540 326.
1534 2507 1586 2538 De

949 2555 1057 2586 forma
1109 2552 1322 2596 ἑξελήλεγμαι
1367 2563 1427 2594 pro
1474 2551 1585 2594 ἐξελή-

949 2601 1080 2640 λεγχμαι
1134 2603 1296 2640 usurpata
1354 2598 1440 2629 dixit
1498 2598 1513 2628 Ι
1524 2607 1586 2628 en-

950 2645 1041 2676 sius
1081 2643 1121 2674 ad
1154 2644 1299 2676 Luciani
1332 2643 1462 2685 Nigrin.
1495 2643 1535 2673 T.
1561 2643 1584 2673 Ι.

949 2700 980 2730 p.
997 2687 1073 2721 250.
1089 2688 1139 2720 ed.
1158 2689 1276 2720 Lehm.
1296 2689 1318 2720 S
1332 2688 1482 2719 chaefe
1493 2698 1519 2718 r.
1543 2687 1585 2718 ad

949 2733 1125 2766 Demosth.
1150 2735 1236 2776 App.
1263 2735 1302 2765 T.
1327 2733 1387 2764 ΙΙΙ.
1411 2743 1444 2774 p.
1464 2730 1540 2764 248.
