1687 2969
898 190 1044 228 LXXXI!
1120 211 1156 215 —-

301 303 535 345 certissime
577 302 853 356 edoceamur,
897 311 1107 358 quantuni
1149 302 1331 355 referat,
1371 310 1417 343 ut
1457 301 1639 344 dicentis

305 360 470 400 animus
518 373 658 400 rerum
694 375 947 413 mag-narum
987 375 1117 401 sensu
1160 366 1203 399 et
1234 359 1506 415 [cogita-tione
1548 374 1638 400 mo-

302 422 452 457 veatur
479 431 619 470 neque
648 415 703 456 ad
733 416 975 472 vulgarium
1005 422 1046 457 et
1076 415 1299 457 humilium
1335 430 1477 456 rerum
1506 415 1640 456 medi-

302 473 504 514 tationem
554 472 844 514 adhaerescat.
913 472 987 513 Ad
1034 473 1142 514 haec
1194 487 1297 513 vero
1349 472 1477 512 etiam
1532 471 1640 512 illud

301 529 492 582 accedit,
536 529 653 583 quod
682 530 725 570 in
767 528 915 570 eadem
953 529 1025 570 illa
1056 544 1135 571 nec.
1167 528 1394 570 dialectica
1423 528 1639 569 subtilitas

300 585 386 627 ullo
405 585 532 627 modo
552 585 837 638 desideratm,
869 586 929 626 ita
949 592 1012 639 ut,
1037 601 1145 641 quae
1175 586 1269 627 laus
1300 600 1350 626 eo
1369 583 1539 625 nomine
1569 599 1640 626 su·

300 643 455 698 periori
499 641 690 684 Socratis
721 643 905 683 orationi
935 642 1139 695 debetur,
1174 657 1223 683 ea
1255 647 1369 683 certe
1400 640 1501 682 huic
1532 656 1640 696 quo-

300 714 383 753 que
420 699 547 754 plena
587 705 630 739 et
669 699 885 740 cumulata
922 699 1153 741 tribuenda·
1189 699 1258 740 sit.
1318 698 1415 740 Etsi
1447 697 1558 738 enim
1589 713 1640 739 ea

298 763 562 811 provocante
602 755 671 796 vel
702 756 903 797 materiae
934 756 1232 813 magnitudine
1261 755 1330 797 vel
1361 755 1491 796 animi
1519 761 1639 796 motu

300 819 343 853 ot
362 811 546 853 elatione
568 827 655 852 non
673 827 770 853 raro
802 813 995 869 exsurgit
1016 813 1158 866 altius,
1192 818 1240 854 ut
1260 812 1522 865 reliquarum
1541 826 1637 853 ora—

298 870 461 910 tionum
482 868 711 909 humilitati
738 884 876 924 paene
908 870 1113 911 insultare
1131 869 1396 924 petulantius
1426 867 1638 921 videatur,

299 932 450 979 estque
473 925 642 966 omnino
666 926 870 978 ornatior,
901 926 1178 979 luxuriosior,
1210 932 1253 967 et
1279 925 1507 966 veneribus
1538 940 1639 980 poe-

297 982 393 1023 ticis
423 982 653 1036 insignior,
693 996 822 1035 quam
859 983 1012 1024 ieiunis
1052 983 1156 1024 artis
1185 982 1401 1038 magistris
1434 982 1479 1022 in
1509 981 1642 1036 pede-

299 1045 428 1079 strem
470 1038 706 1080 orationem
746 1039 976 1080 convenire
1015 1039 1154 1081 visum
1186 1045 1272 1089 est3
1316 1047 1460 1079 tamen
1491 1036 1641 1079 eadem

299 1095 533 1150 conspicua
570 1095 671 1135 item
711 1102 778 1136 est
824 1095 1065 1137 admirabili
1111 1094 1349 1137 definiendi
1397 1094 1637 1150 diligentia,

297 1151 513 1207 partiendi
544 1151 797 1205 subtilitate,
819 1152 1151 1208 argumentandi
1171 1151 1494 1208 perspicuitate,
1519 1150 1639 1192 deni-

298 1223 381 1262 que
423 1207 666 1250 disserendi
705 1209 920 1262 sollertia,
951 1216 1000 1250 ut
1030 1210 1124 1265 ipse
1157 1209 1360 1252 Socrates
1391 1208 1472 1249 hac
1501 1208 1638 1263 ipsius

297 1265 455 1306 virtute
492 1281 533 1320 p.
575 1265 669 1306 265.
701 1265 753 1306 B.
784 1281 872 1307 non
910 1272 1071 1307 temere
1111 1266 1287 1323 gloriari
1325 1263 1638 1306 existimandus

298 1322 365 1362 sit.
435 1320 523 1364 Sed
562 1322 669 1363 istae
713 1321 888 1376 quidem
923 1322 1172 1364 dialecticae
1211 1321 1361 1363 laudes
1393 1337 1525 1376 quum
1555 1321 1639 1377 ipsi

297 1378 386 1420 fere
417 1393 662 1420 communes
695 1379 780 1420 sint
808 1394 903 1420 cum
935 1380 1154 1435 superiore
1187 1379 1380 1420 oratione
1401 1378 1638 1432 Socratica,

295 1442 387 1476 tum
427 1450 477 1476 ea
513 1435 595 1477 hac
632 1436 676 1476 in
715 1442 836 1491 parte
873 1436 954 1477 sibi
994 1437 1121 1477 etiam
1159 1436 1381 1492 proprium
1432 1434 1639 1489 quiddam

298 1497 341 1533 et
379 1492 597 1547 peculiare
635 1491 786 1545 habet,
826 1492 943 1546 quod
990 1508 1086 1534 cum
1115 1493 1190 1533 illa
1217 1493 1313 1548 ipsa
1351 1507 1554 1534 sensuum
1597 1497 1640 1532 et

298 1549 607 1604 cogitationum
645 1548 966 1605 magnitudine,
1008 1565 1093 1604 qua
1122 1550 1259 1605 ipsam
1291 1549 1498 1590 excellere
1528 1547 1640 1589 vidi-

297 1620 415 1658 mus,
460 1605 743 1647 arctissimam
784 1605 915 1647 habet
961 1607 1294 1662 copulationem.
1371 1605 1546 1646 Etenim
1595 1605 1638 1646 in

296 1661 437 1717 priore
478 1661 670 1704 Socratis
710 1662 904 1703 oratione
955 1678 1085 1717 quum
1134 1662 1362 1703 dialectica
1407 1662 1534 1703 unice
1584 1661 1639 1702 ad

296 1717 533 1759 cernendas
562 1718 889 1775 iungendasque
919 1734 1057 1761 meras
1076 1719 1230 1760 mentis
1261 1719 1470 1759 humanae
1498 1718 1639 1759 notio-

296 1789 373 1816 nes
415 1775 583 1828 valeat,
628 1781 720 1816 tum
759 1776 908 1817 eadem
947 1775 1021 1816 illa
1064 1775 1133 1817 hic
1177 1775 1420 1817 traducitur
1460 1774 1515 1816 ad
1552 1775 1640 1816 vim

295 1837 579 1886 naturamque
598 1847 740 1873 rerum
762 1832 1017 1886 divinarum,
1047 1847 1157 1886 quae
1180 1833 1223 1874 vi
1254 1847 1332 1874 sua
1353 1837 1558 1873 constant
1577 1837 1639 1872 at-

297 1903 381 1943 que
419 1903 496 1943 per
535 1904 580 1930 se
619 1889 840 1931 absolutae
871 1895 994 1942 sunt,
1037 1888 1340 1944 explorandam
1384 1895 1513 1941 atque
1541 1888 1639 1929 illu-

295 1948 527 1991 strandam.
584 1945 655 1986 Ex
687 1960 771 2000 quo
801 1951 954 2001 sponte
985 1952 1164 2001 apparet
1193 1960 1287 1987 esse
1317 1960 1410 1986 eam
1439 1945 1483 1985 in
1513 1959 1640 2000 supe-

295 2006 407 2047 riore
438 2002 631 2047 Socratis
652 2002 842 2043 oratione
870 2017 982 2042 mere
1014 2001 1294 2055 Socraticam,
1325 2002 1370 2042 in
1399 2001 1638 2057 posteriore

294 2063 420 2118 plane
450 2059 746 2112 Platonicam,
793 2057 1144 2113 quandoquidem
1173 2059 1301 2100 Plato
1331 2059 1470 2114 ipsam
1500 2057 1638 2099 v-oluit

293 2135 382 2162 non
410 2117 635 2160 notionum
660 2121 829 2156 tantum
859 2114 937 2156 sed
964 2114 1157 2156 idearum
1183 2115 1509 2171 exploratricem
1525 2128 1636 2168 esse,

296 2177 418 2218 cuius
449 2173 577 2216 nnius
608 2186 689 2228 ope
720 2171 776 2212 ad
804 2172 1000 2214 veritatis
1031 2178 1232 2214 aeternae
1253 2172 1476 2214 scientiam
1495 2176 1538 2212 et
1557 2186 1633 2213 co-

295 2232 532 2289 gnitionem
561 2229 868 2285 perveniretur.
930 2227 1147 2281 Quocirca
1164 2244 1301 2285 paene
1333 2244 1379 2270 re
1409 2228 1505 2284 ipsa
1534 2227 1637 2269 edo-

295 2304 462 2342 cemur,
502 2285 620 2342 quod
657 2292 784 2327 antea
827 2284 1011 2327 vidimus
1042 2286 1169 2327 etiam
1199 2286 1282 2327 alio
1313 2284 1442 2327 modo
1471 2283 1636 2326 indica-

294 2352 386 2387 tum
418 2360 537 2396 esse,
569 2342 837 2384 dialecticam
866 2357 963 2383 cum
994 2341 1164 2384 divinae
1194 2342 1389 2384 veritatis
1421 2341 1512 2383 sive
1544 2340 1635 2382 ide-
1686 2387 1687 2390 Ἴ

295 2417 416 2443 arum
445 2399 587 2444 studio
618 2406 660 2440 et
699 2414 841 2441 amore
879 2398 1169 2441 indissolubili
1207 2413 1309 2440 sane
1349 2398 1524 2440 vinculo
1561 2412 1635 2439 co-

258 2453 269 2467 ’
293 2460 485 2515 pulatam
503 2471 612 2508 esse,
644 2462 693 2497 ut
723 2455 931 2498 ambobus
960 2455 1129 2497 demum
1157 2455 1201 2496 in
1229 2471 1364 2496 unum
1394 2453 1635 2496 coniunctis

295 2531 383 2558 non
412 2514 540 2557 modo
572 2512 869 2569 philosophiae
898 2512 1008 2554 ratio
1040 2527 1089 2553 ac
1120 2511 1361 2567 disciplina,
1392 2511 1470 2554 sed
1504 2511 1634 2553 etiam

297 2587 365 2615 ars
395 2571 611 2614 rhetorica
641 2569 891 2611 absolvatur
921 2574 1052 2623 atque
1083 2576 1416 2611 consummetur.

410 2628 499 2672 Sed
528 2628 636 2669 haec
666 2625 838 2680 quidem
867 2625 921 2668 de
950 2631 1072 2681 parte
1103 2625 1294 2667 Phaedri
1322 2625 1490 2682 priore,
1523 2638 1633 2679 quae

295 2692 383 2727 tres
423 2685 641 2726 orationes
691 2683 919 2725 amatorias
967 2682 1276 2738 complectitur.
1355 2681 1524 2735 Quibus
1572 2680 1633 2721 ita

297 2742 501 2799 expositis
542 2745 658 2783 certe
698 2754 781 2780 non
819 2739 902 2780 iam
933 2738 1112 2794 amplius
1154 2739 1385 2780 obscurum
1413 2739 1504 2779 fore
1534 2751 1632 2792 spe-
