1687 2969
499 187 744 227 GORGIAS.
775 188 817 224 P.
850 189 942 224 513.
973 187 1032 225 ed.
1064 187 1120 224 St.
1405 189 1484 222 299

134 300 276 338 στατεῑ
313 308 406 350 μοι’
450 295 538 337 ἀλλ’
579 294 654 336 ἐὰν
682 295 883 343 πολλάκις
920 295 1020 343 ἴσως
1059 294 1130 335 καὶ
1159 292 1327 346 βέλτιον
1354 290 1487 334 ταύτὰ
1528 295 1569 336 D

134 369 266 403 ταῦτα
305 361 659 414 διασκοπῶμεθα,
705 360 939 413 πεισθήσει.
976 360 1276 413 ἀναμνήσθητι
1317 354 1352 399 δ’
1391 354 1485 405 οὖν,

133 424 198 469 ὅτι
235 421 301 467 δύ’
340 424 503 479 ἔφαμεν
541 421 647 466 εἶναι
689 424 763 472 τὰς
799 424 1073 477 παρασκευὰς
1113 423 1178 464 ἐπὶ
1221 425 1269 465 τὸ
1307 424 1487 465 ἕκαστον

134 492 402 544 θεραπεύειν,
428 490 500 532 καὶ
528 493 648 543 σῶμα
678 489 747 531 καὶ
776 490 933 542 ψυχήν,
962 489 1064 541 μίαν
1091 487 1169 541 μὲν
1196 490 1302 541 πρὸς
1323 487 1487 542 ἡδονὴν

136 557 311 612 ὁμιλεῖν,
341 556 419 611 τὴν
448 553 594 608 ἑτέραν
623 554 668 595 δὲ
695 555 802 607 πρὸς
829 555 877 595 τὸ
907 553 1151 606 βέλτιστον,
1181 554 1238 607 μὴ
1266 568 1485 606 καταχαρι-

134 624 333 677 ζόμενον,
377 620 483 662 ἀλλὰ
522 621 846 674 διαμαχόμενον.
891 615 944 660 οὐ
972 623 1107 660 ταῦτα
1134 614 1189 671 ἦν
1218 620 1243 659 ἃ
1272 619 1363 659 τότε
1393 617 1485 668 ὠρι-

131 689 314 740 ζόμεθα;
357 689 493 727 ΚΑΛ.
534 686 663 726 Πάνυ
702 700 759 738 γε.
817 686 919 726 ΣΩ.
962 684 1141 725 Ου’κοῦν
1178 684 1207 738 ἦ
1236 683 1313 737 μὲν
1353 681 1483 735 ἑτέρα,

130 754 158 807 ἦ
199 753 306 806 πρὸς
345 752 532 806 ἡδονήν,
585 749 766 804 ἀγεννὴς
805 750 876 792 καὶ
916 745 1044 791 οὐδὲν
1083 751 1186 790 ἄλλο
1224 748 1251 802 ἢ
1289 748 1486 789 κολακεία

134 819 333 872 τυγχάνει
362 813 483 858 οὖσα.
513 812 538 870 ἦ
568 817 673 869 γεῖος
706 817 844 856 ΚΑΛ.
865 811 1017 866 ’'an-2,
1048 816 1084 856 εἰ
1113 815 1279 867 βούλει,
1322 812 1389 854 σοὶ
1419 812 1487 855 oii-
1519 811 1556 852 Ε

132 899 226 932 τως.
284 884 386 923 ΣΩ.
428 883 478 922 Η
510 881 553 922 δέ
593 895 639 934 γε
681 878 825 934 ἑτέρα,
870 877 986 929 ὅπως
1023 879 1079 929 ὡς
1118 879 1337 933 βέλτιστον
1376 877 1488 919 ἔσται

133 956 273 996 τοῦτο,
303 948 382 988 εἴτε
412 949 533 1001 σῶμα
562 947 758 1000 τυγχάνει
788 943 839 987 ὂν
865 945 943 986 εἴτε
964 947 1091 999 ψυχή,
1121 947 1143 986 ὃ
1167 945 1487 997 θεραπεύομενς

138 1015 275 1056 ΚΑΛ.
318 1013 446 1054 Πάνυ
482 1027 541 1066 γε.
599 1013 701 1052 ΣΩ.
734 1003 814 1063 ’Ἆρ’
856 1006 936 1052 οὖν
972 1010 1109 1059 οὕτως
1145 1010 1249 1064 ἡμῖν
1287 1009 1487 1064 ἐπιχειρη-

131 1077 229 1122 τέον
269 1077 354 1120 ἐστὶ
392 1085 442 1132 τῇ
481 1078 600 1119 πόλει
639 1077 709 1118 καὶ
748 1079 837 1125 τοῖς
876 1076 1066 1124 πολίταις
1104 1076 1385 1129 θεραπεύειν,
1431 1076 1487 1124 ὠς

133 1216 222 1245 mate
253 1217 332 1255 post
369 1209 591 1254 θεραπεύειν.
653 1210 743 1243 Dein
778 1209 883 1243 Coisl.
923 1208 984 1253 τὴν
1016 1208 1055 1241 δὲ
1088 1208 1227 1251 ἑτέραν,
1267 1209 1358 1252 quod
1393 1209 1488 1242 dedit

133 1258 280 1290 Bekker.

199 1327 239 1358 E.
274 1324 316 1357 εἰ
342 1323 513 1367 βούλει,
549 1325 614 1356 σοὶ
651 1322 808 1366 οὕτως]
849 1323 906 1356 Sic
942 1323 1097 1365 plerique
1131 1322 1213 1354 libri
1255 1332 1331 1354 cum
1369 1322 1485 1355 Clark.

132 1372 210 1403 Vat.
235 1369 340 1403 Coisl.
366 1371 455 1403 Vett.
480 1369 575 1402 editt.
603 1368 647 1401 σὺ
671 1368 791 1402 οὕτως.

201 1436 304 1482 ἡμῖν
351 1436 673 1479 ἐπιχειρητέον]
730 1437 787 1469 Sic
827 1441 910 1470 vett.
954 1435 1047 1468 editt.
1089 1435 1205 1468 Clark.
1254 1436 1331 1467 Vat.
1380 1435 1485 1468 Coisl.

133 1485 217 1516 Ven.
245 1483 323 1516 ΞΣ.
351 1483 408 1515 alii
435 1494 504 1515 non
530 1483 632 1525 pauci
657 1481 739 1524 ἐπιχ.
768 1479 859 1524 ἧμῑιν.
908 1482 997 1513 Dein
1023 1481 1218 1523 Stephanus
1242 1481 1362 1513 invitis
1386 1480 1485 1513 libris

136 1530 285 1562 correxit
310 1526 371 1571 τὴν
395 1527 496 1560 πόλιν
521 1528 575 1560 καὶ
604 1526 682 1561 τοὺς
708 1528 856 1565 πολίτας,
882 1527 942 1559 sed
966 1537 997 1559 v.
1022 1537 1102 1559 ann.

845 1658 887 1664 -
923 1637 975 1682 μὴ
1015 1651 1162 1681 καταχ.,
1194 1636 1297 1671 ἀλλὰ
1339 1638 1485 1678 διαμα-

133 1644 256 1674 iectam
301 1644 441 1684 putant;
498 1641 773 1674 Schaeferus

844 1683 1051 1727 χύμενον,
1100 1695 1183 1716 non
1222 1684 1485 1727 gratifican-

133 1692 246 1719 autem
278 1687 319 1719 ad
345 1687 504 1729 Apollon.
529 1685 638 1718 Rhod.
663 1687 703 1718 T.
729 1686 774 1717 ΙΙ.

134 1744 164 1775 p.
185 1731 260 1765 582.
285 1732 429 1765 eandem
454 1731 634 1763 delendam
661 1735 775 1763 censet

136 1782 252 1820 utpote
276 1782 391 1809 natam
426 1788 468 1808 ex
493 1775 774 1809 antecedentibus

135 1823 258 1855 litteris
283 1834 311 1857 ις
330 1827 364 1855 et
387 1822 474 1854 male
493 1822 669 1854 intellecta
693 1825 775 1853 nota

135 1868 278 1910 copulae
304 1870 377 1905 καί,
410 1879 498 1910 quae
522 1869 557 1899 in
583 1867 680 1899 codd.
712 1867 776 1898 fre-

135 1917 278 1955 quenter
319 1923 397 1945 cum
443 1910 489 1946 ὥς
534 1912 775 1945 confundatur.

136 1959 228 1999 Quin
246 1959 373 1990 Astiu
385 1969 400 1990 s
417 1958 513 1990 illam
532 1962 610 1989 ante
628 1955 774 1999 πεισθή·

138 2014 188 2035 σει
224 2004 319 2035 iubet
355 2003 484 2036 inferri.
546 2002 613 2034 Sed
656 2002 776 2044 quidni

135 2049 221 2082 ἴσως
266 2052 357 2080 recte
399 2049 481 2079 item
526 2049 692 2080 referatur
731 2046 773 2078 ad

135 2094 298 2135 protasiu,
323 2094 519 2135 praesertim
545 2103 649 2134 quum
675 2093 777 2124 sicuti

135 2139 296 2170 Latinum
346 2139 432 2170 fort
444 2148 541 2170 asse
582 2148 658 2169 cum
704 2137 777 2169 leni

135 2184 281 2225 quadam
307 2184 463 2215 irrisione
499 2186 532 2214 et
556 2183 776 2215 cavillatione

135 2229 288 2261 dicatur?

182 2271 549 2317 D.d1¹apcz·77'oi9'⁷yrs
575 2270 602 2305 δ’
630 2266 678 2304 οὖ
694 2271 775 2314 ι’-]

137 2320 312 2360 Frequens
342 2322 393 2349 est
426 2315 453 2349 δ’
489 2318 567 2349 οὖν
592 2318 626 2349 in
653 2327 777 2359 epana-

137 2364 243 2405 lepsi:
268 2362 358 2395 unde
383 2367 533 2405 apparet,
560 2373 659 2404 quam
686 2366 776 2394 recte

138 2409 203 2441 hoe
226 2409 302 2440 loco
328 2408 476 2448 dicatur,
507 2407 567 2440 ubi
592 2407 777 2449 disputatio

138 2454 180 2486 ad
204 2453 377 2494 superiora
406 2453 595 2485 revertitur.
644 2452 777 2484 Deinde

140 2499 388 2540 Stephanus
424 2498 543 2530 invitis
581 2497 677 2530 codd.
711 2497 779 2529 edi-

139 2543 188 2575 dit
219 2541 273 2574 ἐπὶ
316 2542 350 2573 τὸ
385 2541 529 2574 ἑκάστου
563 2540 778 2583 θεραπεύειν

141 2600 167 2619 κ.
191 2600 214 2619 τ.
231 2589 256 2619 λ.
283 2588 359 2627 Qua
382 2588 570 2620 mutatione
595 2592 684 2619 certe
709 2598 777 2619 non

141 2643 226 2674 opus
259 2636 351 2671 erat,
386 2632 554 2674 siquidem
584 2631 689 2665 verba
722 2632 776 2664 καὶ

143 2681 237 2716 στῦμα
285 2677 339 2709 καὶ
386 2675 499 2720 ψυχήν
540 2677 778 2710 illustrationis

140 2733 220 2766 ergo
251 2722 368 2755 addita
405 2726 485 2754 sunt
514 2733 586 2755 voc.
623 2723 779 2754 ἕκαστον.

844 1735 926 1762 tem
965 1734 1005 1762 et
1043 1729 1365 1769 blandientem,
1412 1729 1486 1761 sed

845 1779 1165 1818 repugnantem
1189 1778 1230 1806 et
1254 1774 1486 1806 adversan-

845 1825 934 1852 tem.
990 1821 1142 1852 Pertinet
1185 1820 1404 1851 accusativus
1444 1819 1486 1851 ad

845 1864 996 1905 ὁμιλεῖν,
1030 1866 1065 1897 in
1098 1876 1165 1907 quo
1190 1865 1383 1897 continetur
1408 1864 1486 1896 sub·

845 1912 970 1943 iectum
995 1910 1222 1942 indefinitum.

885 1953 1036 1993 Ἔστω,
1062 1956 1103 1987 εἰ
1126 1953 1297 1997 βούλει,
1326 1956 1392 1985 σοὶ
1420 1953 1486 1986 οὓ-

848 2014 861 2033 τ
874 2013 899 2033 ω
911 2000 939 2044 s]
972 2002 1009 2032 P.
1035 2000 1111 2034 510.
1137 2001 1166 2032 Α
1178 2012 1186 2032 :
1219 2000 1304 2032 ἔστω
1333 2009 1385 2031 σοι
1410 2003 1486 2032 τοῦ·

847 2058 881 2078 το
908 2064 949 2069 -
975 2044 1094 2079 οὕτως.
1143 2047 1220 2078 Non
1253 2055 1338 2086 opus
1370 2045 1487 2087 igitur,

846 2096 883 2123 ut
908 2101 985 2122 cum
1017 2091 1038 2122 S
1049 2096 1088 2123 te
1099 2103 1119 2134 p
1130 2091 1151 2123 h
1163 2102 1212 2123 an
1225 2101 1244 2121 ο
1279 2090 1485 2122 scribamus:

846 2135 881 2168 εί
903 2135 1019 2177 βούλει
1047 2134 1101 2174 σύ,
1125 2134 1243 2169 οὕτως.

891 2181 930 2212 Ε.
966 2178 1007 2212 Ἡ
1028 2181 1072 2213 δέ
1095 2193 1139 2224 γε
1165 2179 1310 2221 ἑτέρα]
1359 2180 1486 2212 Hein-

846 2225 866 2256 d
876 2236 894 2257 o
904 2236 919 2257 r
930 2226 961 2256 fi
970 2237 992 2257 u
1001 2236 1017 2257 s
1063 2225 1324 2267 intelligendum
1370 2229 1488 2257 censet

847 2269 957 2304 οὕτως
998 2270 1102 2302 ἐστίν.
1175 2270 1295 2303 Malim
1335 2270 1487 2312 suppleri

847 2312 960 2354 ὁμιλεῖ
965 2339 973 2352 ,
1012 2327 1091 2348 nam
1124 2320 1329 2348 structuram
1368 2316 1487 2347 verbo-

846 2370 921 2392 rum
946 2360 1028 2392 κατὰ
1051 2359 1084 2393 τὸ
1104 2359 1299 2399 νοούμενον
1314 2371 1388 2393 esse
1406 2371 1485 2392 con-

847 2406 1024 2437 formatam
1064 2410 1214 2448 apparet.
1272 2406 1485 2438 Sententiam

847 2450 915 2482 loci
946 2450 1093 2483 reddidit
1123 2451 1153 2482 A
1163 2463 1178 2483 r
1188 2452 1199 2483 i
1210 2462 1225 2483 s
1235 2450 1298 2483 tid
1307 2462 1324 2483 e
1335 2462 1350 2483 s
1376 2451 1484 2485 Oratt.

847 2496 933 2527 Plat.
960 2497 1002 2528 ΙΙ.
1026 2507 1058 2538 p.
1083 2495 1157 2528 116.
1169 2521 1176 2536 ,
1212 2496 1302 2528 unde
1327 2496 1386 2537 qui
1409 2496 1487 2528 Pla-

848 2541 937 2572 tonis
961 2540 1066 2573 verba
1097 2541 1202 2574 vellet
1225 2542 1391 2584 corrigere
1401 2565 1409 2581 ‚
1441 2544 1488 2573 te-

847 2586 1011 2630 merarius
1035 2587 1131 2619 foret.

892 2631 926 2663 ’A
939 2628 967 2672 ρ’
994 2643 1012 2663 ο
1025 2626 1047 2663 ὖ
1059 2644 1077 2662 v
1101 2643 1119 2663 ο
1132 2630 1210 2663 ῧτω
1222 2642 1237 2664 ς
1261 2629 1324 2673 -]
1356 2630 1488 2662 Iniuria

847 2677 868 2708 S
881 2676 980 2718 teph
991 2687 1098 2708 anus
1131 2676 1278 2709 correxit
1303 2673 1363 2719 τὴν
1388 2673 1488 2707 πόλιν

848 2722 902 2753 καὶ
930 2720 1009 2755 τούς
1035 2722 1171 2756 πολίτας
1180 2746 1189 2759 ,
1215 2721 1274 2764 qui
1299 2721 1488 2754 accusativi
