1687 2969
559 153 601 158 —
672 130 812 170 XXXIII
878 152 920 156 —-

72 246 136 289 ad
183 245 285 287 illu
300 243 582 287 strandam
627 244 814 301 philos
829 243 1029 300 ophiae
1078 242 1414 300 dignitatem

71 310 124 346 et
154 301 560 359 praestantiam
591 300 870 343 invitatus
898 305 1025 353 esset,
1062 299 1198 342 inho
1215 315 1237 341 0
1265 300 1413 343 libro

70 359 289 402 litteris
321 357 600 400 exarando
621 357 675 400 id
705 373 728 400 0
743 357 935 400 01151111
965 371 1020 399 50
1038 362 1244 411 quutus
1276 372 1413 411 esse,

71 423 130 459 ut
147 448 159 470 ⁷
208 415 330 457 dum
375 414 468 456 rhe
484 414 716 457 toricam
765 414 954 456 abiect
969 428 1028 455 ae
1076 413 1414 457 humilitatis

71 473 294 531 pariter
344 478 507 527 atque
546 471 728 528 turpis
775 471 947 513 inerti
965 485 1022 512 ae
1095 484 1119 511 a
1157 470 1274 526 phil
1290 486 1415 513 050-

71 530 236 587 phiae
284 528 444 585 negle
458 527 642 571 ctione
691 529 976 585 profectae
1023 527 1258 569 convinc
1273 533 1413 582 eret,

73 587 261 629 eadem
310 600 480 642 opera
540 585 781 628 reclusis
831 583 1049 626 ultimis
1097 584 1415 640 sapientiae

73 643 350 696 fontibus,
388 642 443 683 in
484 640 765 684 diviniore
814 641 979 683 animi
1018 640 1135 682 vita
1181 641 1414 697 positis,

71 699 361 742 luculente
431 697 868 752 demonstraret,
936 713 1092 739 unam
1160 697 1417 754 philoso-

72 757 275 814 phiam,
349 760 444 811 utp
461 762 547 797 ote
615 762 818 798 natura
880 769 974 796 5113
1031 754 1086 796 111
1163 753 1416 797 idearum

73 814 330 870 appetitu
359 819 525 867 atque
556 811 1064 869 comprehensione
1094 817 1144 853 et
1181 811 1234 852 in
1274 826 1417 854 com-

74 887 116 913 m
128 886 150 912 e
163 876 218 912 nt
229 885 253 911 a
264 870 306 911 ti
318 886 342 911 0
354 885 382 910 11
392 884 414 910 0
444 869 493 910 di
506 885 530 911 a
546 872 590 911 le
604 885 626 912 0
636 876 654 911 t
665 870 678 911 i
690 886 712 912 0
725 885 749 911 3
759 885 784 911 3
819 869 893 923 (im
915 871 1205 910 dialelctz'schen
1223 868 1415 924 Denlcen)

75 943 136 970 00
151 943 180 968 11
195 933 420 980 tentam,
461 926 601 968 certi
616 927 687 969 ssi
702 942 834 968 mam
875 940 995 968 esse
1037 931 1088 967 et
1125 925 1239 967 alte
1269 940 1416 982 mag-

76 984 364 1038 nificeque
425 983 714 1039 cogitandi
772 990 827 1025 et
886 993 1042 1024 recte
1100 981 1414 1037 iudicandi,

78 1040 303 1082 dicendi
335 1046 505 1094 atque
546 1038 780 1082 docendi
812 1039 951 1095 magi
966 1044 1159 1093 stram,
1200 1038 1417 1081 rhetorica

74 1098 158 1139 ista
170 1129 181 1150 ‚
232 1111 340 1151 quae
387 1111 434 1137 se
488 1111 617 1137 unam
664 1096 835 1138 dicendi
883 1094 1155 1150 docendique
1206 1095 1417 1138 artificem

75 1154 255 1195 iactaret
264 1185 275 1207 ‚
321 1152 452 1209 longe
490 1152 767 1208 superiorem.
829 1152 972 1206 Quam
1001 1152 1258 1195 sententiam
1288 1153 1417 1194 etiam

76 1209 311 1266 simplicius
352 1209 414 1251 sic
453 1210 691 1265 exprimere
728 1210 877 1252 licebit
888 1242 900 1263 ,
943 1215 993 1251 ut
1030 1208 1259 1251 Platonem
1298 1208 1417 1252 dica-

75 1281 172 1308 mus
223 1266 420 1308 falsam
457 1265 581 1307 rhet
597 1267 802 1310 oricam
852 1266 1129 1308 vanitatis
1179 1281 1417 1323 coargu-

76 1322 215 1366 endo
271 1322 686 1379 philosophiam
742 1323 1003 1365 docuisse
1061 1328 1259 1364 natura
1318 1338 1418 1365 sua

75 1380 290 1422 unicam
347 1394 468 1421 esse
527 1379 640 1421 scie
656 1380 809 1422 ntiae
856 1385 963 1421 tam
1017 1379 1417 1435 adipiscendae

77 1452 234 1492 quam
304 1452 440 1492 prop
455 1436 702 1492 agandae
773 1443 824 1479 et
905 1435 1213 1478 tradendae
1291 1453 1417 1493 pro-

77 1508 101 1535 c
110 1510 131 1535 r
141 1508 164 1535 e
179 1500 232 1535 at
241 1509 262 1534 r
272 1493 287 1534 i
297 1508 319 1535 0
331 1509 353 1535 0
366 1509 421 1535 m.
477 1492 803 1550 Simplicissima
820 1494 1018 1550 profecto
1037 1493 1268 1548 sententia⁷
1289 1509 1419 1548 quam

77 1551 173 1605 quis
229 1550 303 1591 vix
363 1549 594 1591 crediderit
651 1550 848 1592 homines
906 1550 1180 1593 doctissimos
1218 1556 1307 1592 tam
1344 1550 1419 1593 diu

77 1607 223 1648 tallere
255 1622 306 1648 30
334 1606 470 1648 latere
507 1607 701 1662 potuisse
715 1623 725 1658 3
772 1606 848 1649 sed
879 1607 1029 1649 eadem
1066 1613 1154 1648 tam
1185 1607 1420 1650 artificiose

78 1678 130 1705 ac
159 1663 355 1705 sollerter
385 1678 410 1704 a
428 1663 611 1705 Platone
633 1670 832 1716 tractata,
865 1669 915 1705 ut
932 1664 987 1706 ob
1007 1663 1053 1704 id
1074 1663 1217 1719 ipsum
1240 1664 1419 1721 diligen-

78 1719 231 1761 tiorem
251 1719 581 1775 explicationem
598 1721 747 1775 utique
768 1720 967 1762 videatur
985 1722 1216 1775 requirere.
1257 1720 1420 1774 Quam-

79 1777 226 1819 obrem
272 1776 422 1818 licebit
471 1792 581 1831 quae
627 1778 851 1833 posuimus
901 1777 1073 1833 singula
1118 1777 1269 1819 ordine
1301 1777 1421 1820 dein-

79 1848 182 1889 ceps
213 1848 428 1889 exponere
459 1833 703 1876 dilucidius.
764 1833 1024 1876 Censuimus
1066 1840 1210 1876 autem
1236 1835 1421 1890 primum

80 1890 356 1932 coniunxisse
394 1890 621 1932 Platonem
658 1906 755 1933 cum
806 1891 1048 1933 rhetoricae
1086 1891 1421 1948 reprehensione

80 1946 382 2003 philosophiae
439 1947 605 1990 laudes.
693 1947 867 1990 Deinde
927 1963 1024 1989 eum
1083 1948 1128 1989 id
1178 1949 1240 1990 sic
1298 1949 1421 1991 insti-

82 2003 217 2045 tuisse
257 2002 541 2046 iudicavimus
555 2037 567 2058 ,
609 2010 659 2046 ut
696 2006 791 2047 illas
830 2020 883 2046 ex
921 2005 1082 2047 ultimis
1131 2005 1322 2048 fontibus
1371 2022 1420 2047 ac

81 2060 305 2116 principiis
345 2060 647 2119 philosoph1'ae
689 2062 872 2104 duxerit.
947 2062 1148 2117 Denique
1188 2077 1284 2104 eum
1324 2078 1421 2119 pra-

82 2131 179 2158 vam
208 2122 337 2172 atque
377 2118 531 2160 falsam
566 2118 825 2162 rhetoricam
853 2118 1131 2175 impugnasse
1161 2119 1423 2176 significavi÷

82 2188 192 2215 mus.
272 2172 492 2227 Quocirca
550 2176 734 2232 primum
785 2175 959 2231 quidem
1008 2176 1196 2217 breviter
1236 2176 1425 2232 explica-

83 2229 223 2272 bimus
273 2230 326 2272 de
365 2232 548 2274 artificio
563 2264 575 2286 ,
628 2247 714 2286 quo
751 2232 1038 2289 philosophus
1078 2232 1318 2274 rhetoricae
1357 2248 1424 2274 re-

86 2285 411 2340 prehensionem
423 2304 518 2331 cum
527 2289 828 2346 philosophiae
846 2288 1131 2330 illustratione
1143 2289 1425 2331 coniunxerit.

86 2342 255 2405 Deinde
275 2343 561 2399 disquiremus
590 2345 643 2388 de
673 2347 864 2389 fontibus
895 2361 945 2388 ac
974 2345 1196 2402 principiis
1236 2347 1428 2402 philoso-

87 2397 228 2455 phiae,
269 2415 322 2442 ex
351 2402 509 2456 quibus
539 2403 674 2459 ipsius
704 2404 907 2445 virtutem
938 2417 987 2444 ac
1017 2404 1325 2458 praestantiam
1354 2403 1428 2445 de-

89 2455 329 2519 claraverit.
402 2459 515 2502 Tum
573 2460 816 2503 ostendisse
870 2459 1037 2501 iuvabit
1047 2491 1059 2513 ‚
1105 2475 1317 2515 quaenam
1364 2461 1429 2502 vi-

90 2517 265 2566 guermt
291 2514 374 2556 illis
401 2516 666 2573 temporibus
695 2518 807 2559 inter
831 2515 1124 2558 Athenienses
1153 2517 1257 2559 artis
1285 2522 1429 2559 orato-

88 2569 179 2610 riae
221 2569 377 2613 studia.
448 2572 619 2626 Quibus
659 2574 866 2632 expositis
902 2578 1121 2629 postremo
1153 2573 1432 2616 consideran-

90 2624 158 2668 dis
205 2626 445 2682 potioribus
490 2631 679 2674 universi
719 2630 860 2687 operis
910 2629 1107 2686 partibus
1163 2630 1209 2672 id
1259 2630 1432 2673 efficere

93 2681 362 2726 studebimus
376 2716 389 2739 ,
437 2692 485 2728 ut
528 2687 684 2742 quibus
722 2687 886 2730 caussis
929 2692 973 2728 et
1009 2686 1248 2730 rationibus
1285 2692 1434 2730 nostra

1127 2752 1165 2795 C
