1687 2969
196 224 231 265 Ο

276 109 354 148 164
755 99 1131 144 PLATONIS

381 223 509 267 ‹1›A1.
580 221 733 265 Καλὸν
767 222 877 277 γοῦν
912 219 990 270 ἂν,
1036 212 1065 260 ὦ
1105 219 1359 274 Σώκρατες,
1403 221 1516 271 εἶδος
1552 220 1616 272 εἴη

279 287 605 342 κατανενοηκὼς
638 287 659 331 ὁ
697 291 828 332 τοῦτο
865 286 1023 344 λαβών.

372 357 479 401 ΣΩ.
535 353 712 399 ’Έπειτά
761 372 806 410 γε
850 353 973 410 οἶμαι
1007 351 1118 409 πρὸς
1152 350 1320 408 ἑκάστῳ
1358 352 1620 410 γιγνόμενον

279 425 338 481 μὴ
376 421 643 475 λανθάνειν,
679 422 775 465 ἀλλ’
820 420 943 475 ὀξέως
979 419 1309 471 αἰσθάνεσθαι,
1344 423 1441 477 περὶ
1476 415 1527 464 οὗ
1563 417 1620 463 ἂν

281 495 411 553 μέλλῃ
448 496 571 548 ἐρεῖν,
607 494 794 546 ποτέρου
831 489 882 534 ὃν
917 487 1119 544 τυγχάνει
1154 489 1232 530 τοῦ
1267 491 1430 543 γένους.

385 561 514 602 ΦΑΙ.
590 560 641 600 Τι’
675 557 787 612 μήνς

381 625 488 669 ΣΩ.
560 627 613 667 Τί
661 617 740 667 οὖν
784 621 860 666 τὸν
895 626 1057 678 ἔρωτας
1104 621 1292 679 πότερον
1335 623 1484 681 φῶμεν
1516 618 1626 664 εἶναι

285 695 372 737 τῶν
406 692 816 751 ἀμφιςβητησίμων,
852 686 878 741 ἢ
915 692 1000 731 τῶν
1035 687 1122 745 μή,·

388 762 519 805 (DAJ.
601 761 699 800 Τῶν
741 757 1130 816 άμᾳιςβητησίμων
1171 754 1325 808 δήπου.

288 843 356 871 σοι
392 827 665 882 συγχωρῆσαι
700 829 832 867 εἰπεῖν
867 822 897 866 ἃ
932 825 1012 866 νῦν
1049 820 1100 874 δὴ
1128 821 1240 872 εἶπες
1266 826 1361 880 περὶ
1383 822 1537 875 αὐτοῦ,
1572 821 1629 872 ὡς

289 892 432 950 βλάβη
469 897 511 936 τέ
545 898 634 935 ἐστι
670 894 731 946 τῷ
767 894 961 947 ἐρωμένῳ
1000 892 1071 932 καὶ
1108 891 1270 946 ἐρῶντι,
1304 891 1374 932 καὶ
1412 883 1552 940 αὖθις
1573 887 1630 939 ὡς

1374 753 1400 808 ἢ
1446 755 1526 798 οἴει
1570 752 1628 797 ἄν

203 980 245 1020 D
290 966 492 1018 μέγιστον
527 962 613 1002 τῶν
647 958 841 1014 ἀγαθῶν
877 956 1074 1013 τυγχάνει
1086 974 1102 1011 ,·

390 1027 495 1071 ΣΩ.
551 1024 735 1084 ”Aptara
774 1028 918 1080 λέγεις.
957 1023 1052 1067 ἀλλ’
1098 1026 1186 1068 εἰπὲ
1221 1026 1295 1067 καὶ
1329 1023 1427 1068 τόδε
1458 1050 1524 1055 —
1551 1021 1631 1078 ἐγώ

290 1095 374 1152 γάρ
411 1112 481 1138 τοι
515 1091 585 1136 διὰ
621 1093 670 1136 τὸ
706 1091 1076 1136 ἐνθουσιαστικὸν
1110 1090 1162 1134 οὐ
1198 1090 1316 1134 πάνυ
1333 1096 1633 1148 μέμνημαι-

293 1169 328 1207 εἰ
362 1158 587 1218 ὡρισάμην
622 1165 758 1216 ἔρωτα
793 1158 1035 1215 ἀρχόμενος
1069 1161 1147 1201 τοῦ
1183 1158 1329 1213 λόγου.

397 1231 532 1272 ΦΑΙ.
601 1226 674 1281 Νὴ
710 1225 774 1271 Δί’
814 1225 1049 1282 ἀμηχάνως
1082 1243 1128 1280 γε
1165 1224 1221 1276 ὡς
1256 1224 1442 1284 σφόδρα,

393 1295 501 1341 ΣΩ.
573 1297 689 1345 Φεῦ,
725 1292 813 1349 ὅσῳ
849 1296 980 1348 λέγεις
1014 1297 1315 1349 τεχνικωτέροις
1348 1291 1523 1351 νύμφας
1557 1289 1638 1340 τὰς

291 1361 501 1419 Ἀχελώου
536 1365 608 1406 καὶ
644 1364 783 1405 Πᾶνα
818 1358 895 1404 τὸν
920 1358 1081 1418 Ἑρμοῦ
1116 1363 1286 1403 Λυσίου
1323 1362 1401 1403 τοῦ
1426 1357 1635 1418 Κεφάλου

385 1472 424 1506 C.
474 1471 493 1512 ἢ
526 1473 613 1504 οἴει
645 1471 693 1502 ἂν
717 1489 759 1493 -
787 1468 1016 1512 τυγχάνει]
1052 1470 1086 1501 lu
1111 1473 1194 1502 vett.
1220 1469 1314 1502 editt.
1343 1468 1424 1500 haec
1449 1469 1548 1500 verba
1577 1469 1637 1500 tri—

293 1519 439 1550 buuntur
483 1518 641 1557 Socrati,
678 1516 837 1549 Phaedro
879 1520 990 1547 autem
1025 1516 1127 1547 verba
1152 1515 1296 1558 Ἀριστι
1333 1515 1444 1556 λέγεις.
1504 1515 1638 1546 Primus

294 1563 488 1597 emendavit
512 1562 692 1597 Heindorf

385 1610 424 1644 D.
473 1622 522 1645 ως
563 1607 752 1651 σφόδρα]
791 1608 890 1642 Bodl
929 1617 1005 1640 cum
1045 1604 1497 1640 AHDGNOPT.F.10r
1542 1617 1573 1647 g.
1608 1606 1637 1639 h.

294 1655 393 1690 vind
420 1656 451 1688 7.
475 1668 507 1689 α.
533 1654 576 1692 ὡς
600 1655 738 1688 omittit.
795 1655 880 1687 Dein
913 1651 1090 1695 Ἀχελώιου
1127 1651 1226 1684 Bodl
1259 1657 1292 1684 et
1323 1662 1383 1693 pro
1410 1652 1512 1683 Πανα
1540 1651 1637 1685 Bodl.

294 1701 369 1733 vat.
400 1701 482 1734 Ven.
508 1701 595 1735 ΠΦ.
622 1701 700 1733 Par.
728 1700 800 1733 GP
811 1700 841 1732 Τ
866 1698 987 1733 πάντα
1037 1698 1121 1730 Mox
1148 1697 1247 1730 Bodl.
1275 1702 1308 1729 et
1341 1698 1438 1739 pauci
1472 1698 1527 1730 alii
1552 1697 1639 1741 πρὸς

291 1745 396 1789 λόγου
420 1747 520 1779 εἶναι.

295 1814 335 1848 Β.
363 1815 591 1848 Aristotel.
617 1814 706 1856 Top.
731 1814 772 1848 11.
797 1813 852 1848 43.
883 1814 934 1846 De

294 1861 399 1893 verbo
448 1860 663 1904 διαιρεῖσθαι
704 1870 734 1894 v.
770 1860 854 1892 lud.
892 1859 933 1891 ad

1049 1812 1100 1844 Tc
1121 1806 1199 1843 οὖν
1222 1810 1298 1842 τὸν
1316 1810 1493 1853 ’Έρωτας
1517 1809 1638 1842 πότε-

1003 1869 1075 1901 ρον
1101 1856 1310 1899 φῶμενα]
1338 1857 1572 1895 Accusativus‚
1585 1856 1641 1898 qui

293 1906 476 1948 Rempubl

339 1952 378 1986 C.
433 1963 540 2005 προς
585 1950 741 1992 ἑκάστῳ
788 1947 936 1991 γιγνό-

297 2009 425 2041 μενον
447 1995 498 2037 μὴ
526 1995 786 2037 λανθάνειν]
817 1995 935 2036 Repe-

296 2043 434 2076 tendum
458 2043 510 2074 ὁεῖ
532 2053 551 2075 e
576 2041 817 2084 superioribus
856 2040 935 2073 Hoc

297 2089 399 2132 igitur
445 2089 539 2121 dicit·
587 2091 771 2130 oportet
817 2096 935 2127 eum,

296 2144 441 2176 quum
493 2135 542 2166 in
588 2132 937 2174 unumquodque

297 2184 443 2213 mente
472 2184 513 2212 et
538 2179 819 2221 cogitatione
842 2187 937 2218 per-

296 2226 426 2266 venit,
452 2235 533 2257 non
558 2226 780 2258 latereetc.
806 2223 937 2256 Dictio-

296 2282 391 2304 nem:
429 2270 515 2314 πρός
554 2283 621 2302 τινι
650 2272 849 2313 γίγνεσθαι,
893 2268 936 2300 ad

295 2316 427 2349 Phileb.
453 2328 484 2358 p.
505 2316 555 2350 18.
583 2317 623 2350 D.
651 2316 782 2348 Politie.
808 2326 839 2358 p.
856 2314 934 2350 264.

297 2363 337 2395 A.
372 2366 407 2394 et
430 2362 508 2394 alibi
539 2362 742 2394 illustratam
769 2361 934 2395 dedimus.

295 2407 417 2440 Paullo
451 2411 528 2440 ante
567 2407 810 2440 Badhamus
850 2406 933 2439 scri—

293 2452 443 2486 bendum
468 2456 603 2487 censet:
641 2453 823 2485 Μᾶλλον
845 2455 934 2495 γοῦν

293 2497 336 2530 ἅν
355 2517 392 2522 —-
415 2497 433 2529 o‘
454 2501 594 2529 τοῦτον
619 2498 852 2542 (χαρακτῆρα)
871 2499 932 2529 λα·-

291 2542 368 2585 βιόν.
417 2543 493 2576 Non
509 2553 604 2585 opus,
651 2544 737 2578 Nam
764 2544 934 2577 sententia

293 2588 377 2623 haec
402 2589 513 2632 potius
539 2592 607 2622 est:
634 2590 842 2622 Pulcram
868 2599 934 2622 sa-

290 2645 342 2668 ne
374 2635 565 2678 speciem
600 2634 859 2674 intellexit,
899 2634 932 2666 si

289 2681 387 2722 quis
412 2680 490 2713 hoc
514 2681 783 2723 perceperit.

1004 1904 1140 1945 proprie
1165 1913 1243 1934 cum
1269 1902 1422 1943 sequenti
1451 1902 1556 1934 verbo
1581 1902 1642 1934 de-

1002 1949 1108 1981 bebat
1153 1947 1354 1989 cohaerere,
1411 1947 1643 1990 interrogandi

1002 1994 1147 2026 tormula
1186 1994 1221 2025 τί
1249 1990 1310 2025 οὖν
1341 1997 1517 2027 attractus,
1573 1993 1642 2025 So-

1005 2039 1102 2082 phist.
1130 2051 1162 2082 p.
1187 2038 1264 2073 266.
1292 2040 1330 2071 C.
1355 2039 1446 2071 τίδὲ
1471 2037 1534 2079 τὴν
1559 2037 1644 2082 ἡμε-

1003 2098 1103 2128 τεραν
1128 2088 1262 2126 τέχιην
1286 2080 1346 2128 αρ’
1374 2096 1435 2116 ουκ
1451 2084 1561 2129 αὐτὴν
1583 2085 1644 2128 μὲν

1006 2132 1113 2163 οἰκίαν
1128 2132 1327 2172 οἰκοδομικῇ
1343 2129 1496 2173 φήσομεν
1511 2134 1644 2171 ποιεῖν;

1006 2177 1100 2210 Idem
1130 2177 1326 2210 nominativi
1360 2186 1440 2208 usus
1481 2180 1544 2209 est.
1592 2177 1644 2209 De

1004 2224 1092 2266 Rep.
1119 2224 1142 2257 l.
1169 2235 1200 2265 p.
1229 2221 1305 2256 332.
1331 2221 1372 2256 E.
1409 2220 1446 2253 τί
1473 2223 1507 2255 δὲ
1539 2221 1556 2253 ὁ
1593 2222 1645 2254 δί-

1003 2280 1118 2308 καιος,·
1142 2270 1176 2299 ἐν
1199 2269 1265 2299 τίνι
1288 2266 1407 2312 πράξει
1424 2267 1481 2299 καὶ
1499 2267 1586 2311 πρὸς
1611 2268 1648 2299 τί

1004 2316 1101 2358 ἔργον
1132 2312 1370 2349 δυνατώτατος
1401 2314 1522 2355 φίλους
1556 2313 1646 2355 ὠφε-

1003 2361 1088 2400 λεῖνς
1136 2362 1248 2401 Atque
1281 2359 1327 2391 ita
1357 2369 1445 2391 nunc
1476 2361 1579 2392 etiam
1611 2370 1644 2402 p.

1001 2406 1078 2440 350.
1097 2407 1135 2439 A.
1153 2405 1382 2438 distinxerim:
1408 2406 1442 2436 τί
1466 2406 1500 2438 δὲ
1524 2404 1542 2436 ὁ
1568 2403 1646 2437 ἆνε-

998 2450 1200 2494 πιστήμωνς
1232 2449 1312 2491 οὐχὶ
1336 2449 1464 2492 ὁμοίως
1487 2452 1547 2494 μὲν
1570 2452 1645 2481 ἐπι-

1000 2496 1169 2539 στήμονος
1192 2495 1463 2536 πλεονεκτήσειεν
1487 2496 1548 2535 ἄν,·
1573 2495 1644 2528 Pro

998 2541 1143 2585 πότερον
1184 2541 1283 2575 facile
1319 2542 1394 2583 quis
1438 2551 1518 2574 eum
1548 2541 1645 2573 Hir-

999 2588 1173 2630 schigio
1199 2587 1437 2629 corrigendum
1462 2590 1559 2630 putet
1581 2598 1646 2618 πο-

999 2635 1128 2678 τέρων.
1189 2633 1293 2668 Quod
1326 2636 1439 2666 tamen
1463 2642 1549 2665 -non
1592 2636 1646 2665 est

1000 2689 1097 2712 unice
1126 2688 1368 2712 necessarlum.
