1687 2969
715 138 751 142 -
827 118 982 157 LXXXIV

228 233 429 288 quoniam
480 247 505 273 a
552 231 767 287 plerisque
815 231 924 272 male
976 229 1221 286 neglectum
1269 238 1360 283 est,
1420 230 1561 271 evenit

225 289 341 345 quod
384 304 484 331 sane
522 289 691 329 evenire
721 302 899 329 necesse
938 288 1031 341 fuit,
1063 292 1110 327 ut
1140 285 1192 326 de
1233 285 1358 328 huius
1390 302 1563 341 quoque

226 348 305 388 loci
345 351 596 401 argumento
628 345 799 386 sinistre
831 344 1107 396 iudicaretur,
1149 342 1360 396 siquidem
1400 343 1563 398 pleros-

226 420 307 458 que
348 403 495 444 videre
524 402 627 443 licet
656 402 699 442 in
730 417 780 442 ea
809 401 943 442 fuisse
975 400 1200 456 opinione,
1233 405 1281 439 ut
1312 399 1416 440 nihil
1448 399 1563 440 aliud

226 460 293 501 hic
333 460 402 515 agi
433 459 702 515 putaverint,
744 458 826 499 nisi
854 457 937 499 hoc
968 473 1123 509 unum,
1160 461 1210 498 ut
1251 471 1318 497 ars
1349 456 1565 497 rhetorica

224 517 402 557 inertiae
434 523 476 557 et
509 515 710 556 vanitatis
742 514 1035 556 convincatur.
1080 514 1142 554 At
1180 513 1397 555 enimvero
1423 527 1467 553 re
1500 512 1565 553 di-

224 574 427 630 ligentius
447 571 717 614 considerata
746 587 871 612 nemo
905 577 1019 614 certe
1041 569 1270 622 dubitabit,
1304 569 1407 623 quin
1438 569 1565 611 Plato

223 630 267 671 in
297 630 363 672 his
393 629 521 685 longe
541 629 677 669 maius
707 627 910 683 quiddam
930 626 1199 683 spectaverit.
1260 625 1304 666 Is
1334 626 1445 667 enim
1464 625 1566 668 dum

224 687 435 729 inscitiam
475 685 578 727 artis
600 685 809 727 oratoriae
841 684 1106 726 demonstrat
1137 689 1178 723 et
1208 683 1406 739 castigat,
1439 682 1565 724 simul

226 744 329 784 artis
347 743 595 785 dialecticae
623 742 710 784 vim
727 742 1017 795 virtutemque
1044 755 1212 782 omnem
1230 740 1289 780 ita
1300 740 1509 795 patefacit
1525 745 1568 779 et

225 800 423 852 illustrat,
440 805 486 839 ut
498 799 541 840 id
554 814 687 839 unum
700 798 882 840 maxime
898 798 981 852 ipsi
991 797 1261 852 propositum
1273 797 1403 838 fuisse
1414 796 1565 850 utique

222 856 550 897 existimandum
565 855 632 895 sit.
667 854 840 895 Etenim
859 855 965 895 scite
984 861 1027 895 et
1046 854 1264 908 eleganter
1283 853 1567 908 philosophus

224 913 492 954 dialecticam
523 918 564 952 et
591 911 850 952 rhetoricam
881 925 929 951 eo
960 910 1089 952 modo
1127 911 1171 950 in
1202 916 1418 953 certamen
1449 924 1566 950 com-

226 970 353 1021 misit,
385 975 433 1009 ut
463 968 648 1023 denique
680 968 752 1008 illa
781 967 936 1008 victrix
966 967 1066 1008 inde
1097 965 1302 1008 discedat.
1362 966 1460 1008 Hoc
1492 981 1566 1006 au-

225 1034 308 1067 tem
357 1025 457 1066 dum
511 1026 571 1066 ita
609 1025 852 1081 peragitur,
897 1040 982 1065 non
1021 1030 1189 1064 tantum
1226 1023 1463 1064 rhetorices
1503 1022 1566 1064 vi-

224 1085 278 1124 tia
311 1083 555 1124 acutissime
588 1086 899 1132 monstrantur,
943 1080 1019 1122 sed
1051 1082 1178 1121 etiam
1209 1079 1436 1120 dialectica
1466 1079 1568 1120 data

225 1140 545 1196 opportunitate
595 1139 723 1179 variis
772 1153 820 1180 ac
880 1137 1060 1179 diversis
1120 1137 1225 1178 locis
1281 1137 1401 1190 quasi
1464 1136 1567 1177 arti-

224 1197 397 1238 culatim
440 1202 481 1236 et
523 1194 759 1237 secundum
804 1195 993 1236 membra
1037 1209 1115 1235 sua
1159 1192 1436 1248 depingitur,
1489 1192 1567 1234 do-

227 1269 304 1294 nec
364 1252 536 1293 tandem
592 1252 804 1307 integrum
853 1257 1070 1305 tamquam
1129 1265 1285 1305 corpus
1343 1249 1480 1304 ipsius
1522 1249 1565 1289 in

226 1315 503 1365 conspectum
542 1308 738 1364 prodeat.
805 1306 1096 1360 Quamobrem
1135 1306 1298 1347 iuvabit
1326 1305 1567 1362 dispexisse

226 1366 367 1423 paullo
399 1366 663 1418 accuratius,
695 1363 800 1419 quid
831 1364 1014 1420 singulis
1044 1363 1150 1405 locis
1181 1379 1310 1418 quum
1342 1362 1395 1403 de
1422 1363 1567 1404 rheto-

226 1424 312 1464 rica
352 1428 582 1476 statuatur,
624 1428 715 1462 tum
754 1421 964 1477 imprimis
1009 1419 1065 1461 ad
1108 1426 1242 1461 artem
1295 1419 1566 1461 dialecticam

225 1478 548 1522 describendam
579 1484 708 1532 atque
736 1477 1032 1519 illustrandam
1064 1476 1266 1518 afferatur
1294 1476 1338 1516 in
1365 1476 1567 1518 medium.

226 1538 325 1589 Quo
358 1538 471 1577 facto
504 1535 608 1590 quid
641 1534 694 1575 de
724 1534 914 1575 universi
955 1534 1039 1575 loci
1082 1533 1395 1588 compositione
1427 1533 1567 1587 deque

227 1593 426 1648 primario
468 1592 603 1647 ipsius
652 1597 906 1647 argumento
951 1589 1282 1631 existimandum
1320 1589 1398 1643 sit,
1440 1590 1567 1630 facile

226 1649 452 1691 diiudicari
491 1648 661 1705 poterit.
732 1648 963 1688 Tractatur
1001 1653 1142 1688 autem
1180 1654 1274 1687 tota
1310 1662 1377 1688 res
1418 1646 1568 1688 ordine

225 1707 429 1762 deinceps
469 1721 518 1747 eo
550 1706 637 1747 fere
668 1704 820 1757 modo,
850 1710 912 1757 111,
946 1703 1047 1745 dum
1080 1703 1271 1755 docetur,
1305 1709 1347 1743 et
1386 1718 1568 1744 rerum

227 1763 607 1805 inventionem
661 1767 711 1802 et
762 1767 943 1816 aptam
994 1760 1403 1801 sententiarum
1451 1759 1567 1801 dis-
1593 1790 1602 1796 ,

226 1820 557 1874 positionem
589 1824 749 1871 atque
782 1817 1216 1871 explicationem
1250 1822 1293 1856 et
1323 1816 1424 1856 vim
1447 1831 1564 1870 per-

223 1875 496 1918 suadendi
536 1881 579 1915 et
623 1874 874 1915 idoneam
916 1872 1148 1914 docendi
1185 1872 1455 1914 rationem
1487 1873 1567 1914 arti

223 1933 435 1974 oratoriae
476 1932 528 1972 ab
570 1946 656 1974 una
694 1929 972 1984 philosophia
1012 1928 1243 1984 petendam
1292 1944 1408 1982 esse,
1449 1929 1567 1984 'quid

223 1989 449 2031 dialectica
479 1989 522 2028 in
556 1987 620 2028 his
657 1986 854 2028 omnibus
884 1986 1039 2039 valeat,
1072 1985 1222 2027 ordine
1254 1984 1458 2041 deinceps
1491 1985 1566 2028 do-

223 2052 382 2087 ceatur.
443 2044 575 2098 Quod
605 2059 689 2098 qua
719 2043 884 2085 ratione
903 2042 994 2096 fiat,
1027 2043 1229 2097 quoniam
1250 2041 1294 2082 in
1319 2043 1567 2087 universum

224 2104 305 2144 iam
356 2103 398 2142 in
447 2101 609 2157 dialogi
661 2100 929 2141 enarratione
996 2098 1289 2152 ostendimus,
1343 2114 1458 2140 nunc
1507 2100 1567 2140 ita

224 2158 587 2200 demonstravisse
619 2156 830 2210 sufficiet,
874 2162 923 2197 ut
963 2154 1179 2210 quomodo
1225 2154 1566 2197 dialecticae

225 2217 364 2271 imago
398 2214 676 2256 adumbretur
705 2220 833 2267 atque
868 2211 1160 2265 describat-ur,
1194 2211 1401 2266 singulari
1434 2227 1567 2266 opera

224 2271 449 2313 ostendere
487 2285 702 2312 conemur.
770 2269 923 2324 Itaque
962 2269 1145 2323 primum
1185 2267 1357 2321 quidem
1400 2268 1500 2310 inde
1542 2284 1567 2310 a

227 2344 264 2382 p.
308 2330 398 2371 159.
438 2328 494 2371 D.
532 2327 700 2383 vulgari
738 2326 977 2367 rhetoricae
1017 2325 1110 2365 laus
1160 2324 1431 2367 scientiae
1475 2326 1566 2371 siv-e

224 2384 453 2437 materiae,
486 2383 538 2425 de
571 2399 656 2437 qua
688 2381 917 2424 dicendum
950 2383 1029 2433 sit,
1076 2380 1231 2421 idonea
1262 2383 1453 2436 cognitio
1485 2382 1567 2423 eri-

225 2442 354 2495 pitur,
387 2455 523 2495 eaque
552 2440 778 2481 occasione
811 2438 1055 2481 ostenditur
1086 2437 1424 2479 dialecticae
1455 2439 1566 2479 hanc

224 2505 441 2550 tamquam
472 2497 636 2553 sylvam
669 2512 765 2538 esse
795 2495 1047 2547 subiectam,
1079 2500 1126 2535 ut
1156 2500 1245 2535 tota
1269 2493 1323 2534 ad
1343 2496 1565 2537 scientiam

224 2569 363 2594 rerum
395 2553 589 2594 veritatis
622 2554 846 2607 pertineat.
905 2551 1078 2592 Etenim
1103 2566 1233 2604 quum
1257 2550 1450 2593 rhetores
1474 2551 1564 2606 ple-

226 2610 344 2664 rique
377 2625 540 2662 omnes,
564 2610 857 2664 imprimisque
879 2608 1019 2649 Tisias
1051 2613 1091 2648 et
1126 2605 1330 2663 Gorgias,
1363 2615 1409 2648 ut
1436 2623 1565 2662 supra

221 2666 511 2719 ostendimus,
566 2667 616 2706 τά
658 2664 831 2715 εἰκότα,
876 2663 1233 2715 verisimilia,
1287 2664 1563 2709 iactavissent
