1687 2969
413 99 832 169 PHAEDRUS.
863 126 912 167 P.
943 127 1023 169 237
1054 127 1119 171 st.
1397 132 1451 173 49

91 261 114 287 ο
151 248 326 300 ἑταῖρος
361 241 524 294 αὐτοῦ,
567 247 640 287 καὶ
667 241 908 301 ,πρότερον
954 246 1097 288 δοκῶν
1132 245 1276 304 τούτῳ
1312 248 1455 309 σοφὸς
1492 250 1531 292 Β

90 309 214 361 εἶναι,
252 313 333 354 νῦν
367 314 427 354 ἔτι
461 313 633 367 μᾶλλον
668 309 786 372 δόξῃ.

177 370 273 421 Ἠν
309 376 427 421 οὕτω
465 377 517 432 δὴ
552 387 669 429 παῖς,
705 380 877 435 μᾶλλον
912 380 957 422 δὲ
991 382 1290 437 μειρακίσκος,
1332 381 1456 439 μάλα

90 443 239 494 καλός.
275 443 421 500 τούτῳ
466 448 511 489 δὲ
557 439 673 498 ἦσαν
715 447 899 502 ἐρασταὶ
942 444 1061 489 πάνυ
1096 449 1269 491 πολλοί.
1318 449 1378 501 εἷς
1412 453 1458 495 δέ

91 528 157 562 τις
192 511 342 555 αὐτῶν
379 512 568 568 αἱμύλος
607 505 674 566 ἦν,
711 510 760 563 ὃς
792 510 972 563 οὐδενὸς
1007 508 1141 566 ἦττον
1162 516 1271 571 ἐρῶν
1290 521 1458 561 ἐπεπεί-

89 594 154 621 κει
189 576 270 622 τὸν
305 583 471 632 παῖδα,
520 577 579 630 ὠς
611 578 692 623 οὐκ
728 577 854 636 ἐρῴη.
893 583 967 623 καί
999 597 1108 625 ποτε
1143 579 1284 626 αὐτὸν
1319 586 1457 628 αἰτῶν

47 687 61 695 ,
89 648 244 690 ἔπειθε
279 646 406 690 τοῦτ’
449 645 583 699 αὐτὸ,
629 644 687 697 ὡς
735 645 798 703 μὴ
837 649 995 703 ἐρῶντι
1029 645 1115 704 πρὸ
1153 650 1233 692 τοῦ
1268 652 1458 707 ἐρῶντος

90 714 182 757 δέοι
212 715 494 770 χαρίζεσθαι,
530 717 642 770 ἔλεγέ
677 730 722 757 τε
759 708 861 757 ὧδε·

185 868 226 900 Β.
284 869 456 910 μᾶλλον
498 869 538 899 δὲ
578 869 887 912 μειρακίσκος]
937 868 974 901 V.
1014 872 1094 910 post
1126 870 1343 911 μειρακίσκος
1379 870 1460 905 add.

92 912 240 952 ἁπαλός,
267 914 358 956 quod
388 914 523 957 plurimi
555 915 743 956 optimique
770 915 855 955 libri,
883 915 969 946 inter
996 924 1085 955 quos
1113 919 1165 948 est
1190 915 1303 958 Bodl.,
1335 917 1459 950 merito

90 959 263 993 omittunt.

136 1004 274 1037 αὐτὸν
299 1005 456 1050 αιίῶν]
484 1007 566 1050 ἐρῶν
592 1005 694 1038 Bodl.
722 1009 845 1049 πειρῶν
869 1006 957 1037 coni.
983 1004 1254 1042 Winckelmann.

91 1098 162 1152 ram
190 1119 306 1157 daret.
341 1119 373 1152 id
409 1118 502 1161 quod
537 1118 742 1151 Scholia-

89 1169 186 1198 stes
220 1166 262 1199 ad
292 1165 322 1201 h.
350 1167 369 1199 Ι.
409 1169 444 1197 et
470 1165 682 1197 Hermias
708 1176 739 1206 p.

89 1211 145 1247 84.
168 1213 357 1245 memoriae
386 1210 621 1253 prodiderunt.
669 1209 740 1243 Nisi

89 1257 180 1289 forte
205 1256 269 1290 hoc
293 1261 389 1300 γένος
413 1255 582 1299 μουσικὸν
607 1254 645 1288 τὸ
674 1256 741 1287 Λι-

89 1301 183 1346 γύων
216 1302 259 1335 ad
284 1303 432 1336 canoros
462 1302 538 1334 illos
565 1301 652 1343 apud
680 1301 740 1333 Li-

89 1359 193 1391 gures
242 1359 371 1391 cygnos
417 1358 495 1380 cum
537 1347 740 1380 Heindorfio

90 1394 219 1427 referre
251 1396 370 1436 malis,
404 1393 447 1427 de
482 1394 606 1435 quibus
640 1393 664 1427 l.
694 1393 739 1426 Η.

91 1440 280 1472 Vossius
317 1440 426 1483 Epist.
455 1438 598 1483 Mythol.
625 1439 667 1473 T.
697 1439 740 1473 ll.

90 1496 126 1529 p.
151 1485 206 1520 98.
231 1486 284 1521 ed.
305 1497 354 1528 pr.
404 1485 574 1520 Quocirca
601 1486 743 1517 invoca-

91 1532 140 1564 tio
168 1530 251 1564 haec
267 1532 442 1565 Musarum
461 1532 560 1573 plena
581 1535 634 1563 est
661 1541 741 1572 pro-

91 1581 210 1610 tervae
242 1578 426 1617 irrisionis,
468 1581 506 1608 ut
535 1587 622 1618 quae
655 1575 742 1608 hune

92 1622 163 1655 fere
187 1632 323 1656 sensum
361 1622 499 1655 habeat:
551 1622 651 1663 Agite
678 1622 742 1662 igi-

93 1671 163 1708 tur,
190 1678 211 1701 ο
238 1668 372 1708 Musae.
399 1665 470 1700 sive
496 1678 558 1700 vos
584 1668 628 1699 ob
656 1677 742 1700 acu-

93 1717 164 1746 tum
193 1719 419 1756 argutumque
438 1717 573 1746 cantum
601 1713 672 1745 sive
697 1713 742 1745 ob

92 1759 269 1792 stridulam
313 1759 557 1801 loquacitatem
596 1769 743 1791 canorae

91 1806 283 1847 appellatae
309 1806 413 1846 estis,
446 1805 605 1838 adiuvate
631 1814 741 1837 meam

93 1852 305 1892 orationem,
346 1861 450 1893 quam
490 1849 541 1883 hic
577 1861 632 1883 me
675 1851 742 1882 iam

92 1895 220 1930 habere
245 1898 350 1939 cogit,
375 1907 445 1939 quo
470 1896 634 1929 videlicet
658 1896 744 1928 ami-

93 1951 153 1974 cus
178 1942 298 1985 ipsius,
326 1943 460 1984 Lysim,
485 1952 585 1984 quem
613 1941 744 1975 dudum

93 1988 382 2030 sapientissimum
397 1999 474 2020 esse
494 1988 638 2030 censuit,
657 1997 746 2020 nunc

93 2035 344 2067 me‘aemulum
370 2038 490 2066 nactus
516 2044 616 2066 suum
645 2033 745 2066 etiam

93 2079 278 2121 sapientior
319 2089 399 2113 esse
438 2079 604 2113 videatur.
662 2078 746 2111 Mox

91 2124 183 2165 quod
232 2126 313 2158 olim
355 2125 573 2168 scripsimus,
614 2123 749 2164 ταύτην

90 2170 203 2210 ἔσχετε
229 2170 292 2212 τὴν
316 2172 532 2213 ἐπωνυμίαν,
566 2170 640 2202 eius
665 2179 749 2202 con-

91 2215 158 2247 silii
202 2226 262 2249 cur
310 2227 374 2249 nos
422 2226 508 2248 nunc
559 2215 748 2258 poeniteat,

95 2259 235 2293 docebit
259 2265 410 2296 annotat.
430 2262 472 2294 ad
489 2262 598 2303 Gorg.
620 2272 652 2303 p.
670 2261 748 2294 510.

96 2305 137 2338 D.
150 2305 325 2342 Phaedon.
337 2318 368 2350 p.
380 2307 435 2341 97.
446 2309 485 2341 A.
497 2306 568 2341 Csr.
581 2307 615 2339 R
625 2306 660 2339 ei
675 2306 748 2348 sig.

96 2350 298 2386 Coniectan.
315 2363 347 2395 p.
363 2353 426 2387 177
438 2363 511 2395 sqq.
532 2352 613 2384 Bre
626 2353 681 2384 mi
706 2351 749 2384 ad

97 2395 226 2436 Lysiae
239 2397 351 2432 Oratt.
362 2398 490 2432 Select.
509 2397 708 2432 Excurs.11.
717 2408 750 2440 p.

95 2439 163 2476 436
189 2452 239 2484 sq.
303 2443 452 2476 Verbum
503 2442 752 2486 συλλαμβάνειν

97 2497 176 2520 cum
215 2488 366 2529 genitivo
404 2490 452 2522 rei
488 2490 640 2522 iunctum
675 2489 754 2521 illu-

96 2532 220 2565 stravit
248 2533 276 2564 H
294 2533 483 2568 eindort'.
510 2534 552 2566 ad
576 2534 754 2567 Phaedon.

95 2587 128 2620 p.
150 2577 207 2612 82.
230 2578 269 2612 F..
291 2579 383 2612 conf.
401 2579 443 2610 ad
455 2579 616 2622 Sympos.
633 2579 755 2623 p.218.

97 2622 145 2657 Ι),
189 2623 363 2657 Tmeseos
389 2624 479 2667 apud
519 2635 642 2668 prosae
676 2636 756 2658 ora-

97 2668 201 2701 tionis
226 2670 416 2712 scriptores
443 2679 539 2702 usum
568 2670 757 2714 tetigerunt

98 2712 232 2750 Bach.
267 2715 311 2748 ad
337 2714 495 2758 Xenoph.
520 2715 638 2759 Symp.
665 2716 754 2749 Vlll.

153 2780 242 2813 Plat.
268 2780 358 2824 Opp.
385 2779 460 2814 Vol.
486 2780 546 2813 1v.
572 2780 613 2816 P.
642 2782 669 2818 1.

816 1119 867 1153 17.
895 1118 1121 1153 Schaefer.
1138 1119 1179 1152 ad
1199 1119 1310 1161 [ουρ.
1333 1120 1458 1163 ρ.417.

813 1165 946 1198 Melett.
963 1165 1045 1199 Crit.
1065 1176 1095 1207 p.
1115 1166 1169 1200 (38.
1188 1166 1306 1200 ann.7.
1324 1167 1456 1203 Koen.

813 1215 847 1243 et
865 1211 1134 1246 Boissonad.
1151 1212 1193 1244 ad
1213 1211 1360 1254 Gregor.
1387 1213 1458 1247 Co·

811 1255 908 1290 rinth.
942 1267 973 1299 p.
1006 1256 1084 1291 449.
1121 1257 1174 1292 ed.
1208 1256 1344 1293 Schaef.
1378 1259 1460 1292 Lo-

811 1302 930 1335 beck.
957 1302 999 1334 ad
1027 1302 1153 1346 Phryn.
1189 1314 1221 1345 p.
1251 1302 1329 1339 620.
1354 1305 1460 1338 Mat-

811 1347 900 1380 thia
915 1359 933 1381 e
953 1348 1341 1391 Gr.§.594.2.p.1398.
1356 1350 1457 1386 ed.3.

810 1394 892 1427 Hoc
941 1395 1018 1426 loco
1060 1399 1154 1427 tanto
1193 1396 1305 1428 minus
1344 1397 1377 1429 in
1419 1407 1459 1430 ea

809 1439 1016 1472 haerendum
1032 1464 1041 1480 ‚
1091 1440 1182 1482 quod
1230 1445 1305 1474 tota
1345 1443 1459 1475 oratio

810 1486 962 1518 colorem
998 1485 1100 1519 habet
1131 1487 1230 1530 plane
1271 1489 1458 1530 poeticum.

810 1532 1027 1572 Quamquam
1061 1534 1254 1573 neutiquam
1288 1535 1461 1567 assentior

810 1576 1040 1619 Stephano
1088 1583 1122 1610 et
1170 1578 1459 1621 Heindorfio,

810 1621 896 1654 haec
959 1623 1073 1655 omnia
1106 1634 1148 1656 ex
1197 1628 1300 1665 poeta
1347 1625 1460 1666 aliquo

811 1668 917 1710 petita
967 1678 1046 1701 esse
1094 1669 1329 1703 iudicantibus,
1408 1671 1461 1703 De

812 1714 990 1746 universae
1044 1715 1211 1747 orationis
1258 1720 1463 1757 argumento

813 1762 848 1792 et
884 1760 1066 1802 proposito
1100 1761 1257 1793 nolumus
1284 1760 1335 1793 hic
1360 1772 1462 1805 repe-

813 1809 887 1837 tere
918 1815 1005 1847 quae
1040 1805 1072 1837 in
1105 1806 1370 1849 prolegomenis
1403 1818 1462 1840 co-

813 1851 911 1893 piose
937 1851 1169 1893 exposuimus.
1220 1852 1383 1885 Ceterum
1411 1854 1463 1886 lo-

813 1907 891 1929 cum
919 1895 1005 1928 hunc
1038 1897 1116 1930 inde
1147 1898 1189 1930 ab
1208 1897 1330 1941 Ἄγετε
1353 1909 1464 1941 usque

813 1942 856 1975 ad
889 1941 1040 1984 λάβεσθε
1082 1948 1250 1976 memorat
1290 1948 1326 1977 et
1357 1945 1467 1987 carpit

814 1992 852 2020 ut
867 1987 1039 2031 turgidum
1054 1989 1462 2033 Dionys.Halicarn.

814 2033 858 2066 T.
878 2033 935 2066 Vl.
955 2045 987 2076 p.
1004 2034 1082 2069 970.
1101 2034 1155 2069 ed.
1176 2035 1298 2070 Reisk.

862 2079 905 2111 Β.
921 2074 997 2111 ἶ”Ην
1023 2078 1136 2112 οὕτω
1151 2079 1196 2121 δὴ
1215 2081 1331 2122 παῖς]
1348 2080 1462 2122 „For-

816 2126 907 2158 mula
941 2121 984 2166 ἤν
1025 2124 1136 2166 οὕτω,
1178 2136 1219 2158 es
1251 2136 1337 2159 war
1375 2125 1463 2158 ein-

817 2170 913 2212 mal‚
949 2171 996 2203 sic
1022 2171 1054 2203 in
1081 2171 1311 2203 narrationum
1338 2172 1464 2214 princi·

820 2217 878 2258 pio
922 2215 1172 2257 frequentatur.
1233 2217 1462 2260 Aristoph.

820 2262 925 2303 Vesp.
963 2262 1063 2295 1177.
1093 2260 1185 2294 οὕτω
1211 2261 1292 2294 ποτ)
1327 2258 1369 2304 ἢν
1399 2267 1467 2307 μῦς

818 2306 874 2339 καὶ
897 2307 998 2349 γαλῆ,
1049 2306 1106 2339 ubi
1131 2307 1201 2340 vid.
1226 2306 1343 2341 ScllOl.
1368 2309 1468 2343 Conf-

818 2352 995 2396 Wytten
1011 2352 1043 2386 b.
1085 2352 1127 2384 ad
1172 2353 1263 2386 Plut.
1301 2353 1345 2387 de
1389 2355 1468 2389 Ser.

819 2397 921 2431 Num.
951 2397 1052 2430 Vind.
1071 2408 1103 2440 p.
1119 2397 1174 2432 89.
1192 2399 1361 2442 Respexit
1379 2400 1467 2433 hunc

822 2445 934 2476 locum
961 2443 1113 2485 Synes.
1136 2445 1234 2478 Dion.
1261 2456 1294 2487 p.
1319 2445 1375 2481 58.
1399 2447 1465 2480 C.“

823 2487 941 2521 AST.
1000 2506 1043 2512 —
1099 2492 1388 2534 μειρακίσκος
1433 2496 1468 2524 et

822 2534 945 2577 μεῖραξ
987 2535 1111 2568 eximie
1150 2535 1214 2568 dici
1248 2536 1291 2569 de
1331 2536 1469 2570 homine

825 2580 917 2612 molli
955 2584 1060 2622 atque
1100 2581 1237 2624 pathico
1278 2581 1468 2615 docuerunt

824 2624 1107 2668 Oudendorp.
1141 2627 1183 2659 ad
1216 2626 1337 2660 Thom.
1373 2628 1466 2669 Mag.

824 2680 857 2712 p.
882 2669 960 2704 604.
987 2671 1313 2706 Beissonadmd
1332 2673 1467 2714 Eunap.

827 2714 966 2758 p.291..
992 2726 1082 2759 quos
1106 2717 1172 2750 iam
1198 2718 1253 2751 alii
1279 2718 1470 2751 laudarunt.

1167 2775 1193 2815 4
