1687 2969
505 187 577 224 AD
608 184 853 224 GORGIAM
882 182 1151 222 PLATONIS.
1447 183 1494 219 57

156 300 206 337 sit
234 299 362 348 potius
390 303 542 348 tempus
573 297 726 348 aliquod
755 297 820 333 illo
848 296 1048 345 posterius,
1078 295 1252 347 quamvis
1281 307 1359 331 non
1387 294 1500 341 longe

155 356 244 393 inde
283 355 470 401 dissitum,
510 368 585 405 quo
623 353 836 390 Leontinus
876 352 1066 401 sophista,
1107 356 1260 400 peraeto
1297 349 1500 398 legationis

156 425 334 457 munere,
365 412 540 449 Athenas
569 411 693 448 denuo
731 408 919 447 reviserit.
977 408 1148 456 Longius
1177 421 1268 445 vero
1298 407 1386 444 inde
1425 406 1501 443 dis-

157 468 271 505 cessit
318 468 397 505 Ed.
436 466 676 504 Munkius
712 465 753 502 in
790 465 907 502 libro:
956 466 1031 502 Dz'e
1070 465 1283 502 natast-licha
1324 465 1502 511 Ordmmq

156 526 220 562 der
250 524 400 561 Platon.
424 524 628 572 Schrzften,
660 535 696 571 p.
722 524 822 567 120„
853 520 919 571 qui
948 520 1114 557 maxime
1142 524 1298 569 propter
1317 533 1372 565 ea,
1404 532 1502 569 quae

156 593 191 629 p.
225 583 316 617 519.
347 580 404 617 ed.
427 579 557 628 Steph.
588 579 635 616 de
656 577 854 615 Alcibiade
884 577 1137 622 disseruntur,
1169 577 1214 613 de
1244 576 1383 626 quibus
1412 588 1503 611 mox

156 636 305 673 dicetur
344 635 591 685 explicatiuS,
633 634 827 681 dialogum
867 633 1075 671 arbitratur
1105 632 1255 683 Olymp.
1287 636 1350 677 90,
1386 634 1418 668 1.
1449 645 1502 663 z

159 695 237 729 420
269 705 302 728 a.
332 692 418 729 Chr.
449 705 485 729 n.
516 690 691 728 habitum
725 690 830 738 fingi.
889 691 1019 740 Atque
1058 688 1235 726 similiter
1274 687 1391 725 etiam
1426 687 1502 732 alii,

157 747 232 784 alia
259 747 399 785 similia
417 747 568 798 sequuti
598 750 811 795 temporum
840 746 1013 793 vestigia,
1045 744 1226 782 statuisse
1247 743 1504 793 reperiuntur,

157 804 198 840 in
226 804 366 854 quibus
395 808 454 841 est
481 805 559 841 Ed.
591 803 613 839 J
626 803 807 839 ahnius
836 802 960 839 Praef.
992 802 1039 838 ad
1069 802 1181 849 Gorg.
1210 815 1246 850 p.
1276 800 1387 837 XVI.
1428 799 1503 835 Sed

155 860 363 897 maximam
392 861 439 897 ab
469 860 535 897 illa
563 859 756 897 sententia
794 859 1062 895 discessionem
1091 858 1225 894 fecisse
1256 855 1503 894 existimandi

156 920 247 954 sunt
276 916 341 967 qui
371 916 494 953 habiti
523 916 662 963 dialogi
692 921 842 964 tempus
874 915 920 951 ad
952 919 1161 952 extremam
1196 913 1288 950 belli
1318 913 1504 961 Pelopon-

155 972 297 1009 nesiaci
326 977 491 1010 aetatem
519 973 764 1009 rettulerunt.
804 971 914 1011 Quod
945 971 1100 1021 quidem
1122 974 1272 1019 praeter
1293 969 1385 1006 alios
1407 969 1505 1005 feee-

155 1033 248 1066 runt
285 1028 359 1066 viri
398 1028 717 1078 praestantissimi
756 1028 884 1064 Frid.
917 1026 1424 1064 Schleiermaeherus
1468 1028 1507 1062 et

156 1084 287 1122 Frid.
320 1085 518 1131 Astius,
550 1084 616 1135 qui
636 1098 755 1135 quum
783 1084 824 1120 in
854 1084 939 1120 aliis
958 1083 1090 1120 multis
1111 1083 1156 1119 dc
1178 1082 1340 1130 Gorgiae
1363 1080 1506 1118 caussis

157 1145 197 1178 et
227 1141 394 1178 consiliis
424 1141 674 1187 dissentiant,
712 1145 840 1178 tamen
869 1140 909 1176 in
948 1152 990 1176 eo
1022 1139 1239 1188 conspirant
1269 1137 1505 1183 amicissime,

157 1198 258 1247 quod
298 1210 318 1234 e
357 1198 438 1235 loeo
478 1211 513 1246 p.
554 1198 646 1234 473.
687 1197 725 1233 C.
773 1196 979 1233 clarissime
1019 1208 1200 1244 apparere
1239 1194 1509 1231 iudicaverunt

158 1266 370 1291 sermonem
408 1267 484 1290 non
523 1253 597 1290 alio
636 1259 805 1302 tempore
844 1252 1019 1289 habitum
1058 1252 1150 1299 fingi
1199 1264 1314 1301 quam
1355 1251 1505 1300 Olymp.

161 1313 224 1356 93,
257 1314 292 1347 4.
332 1310 395 1348 vel
435 1313 513 1347 405
556 1323 588 1346 a.
619 1310 705 1347 Chr.
737 1322 786 1355 n.,
828 1322 1060 1359 quamquam
1100 1321 1198 1358 quae
1238 1307 1328 1344 huic
1366 1306 1507 1344 rationi

159 1366 353 1404 adversari
388 1366 589 1412 videntur,
639 1379 685 1403 ea
725 1365 957 1413 diligentiori
1000 1364 1168 1402 examini
1207 1364 1508 1414 haudquaquam

159 1422 415 1460 subiecerunt.
481 1424 611 1472 Atque
651 1422 750 1458 hanc
787 1422 975 1459 rationem
1014 1421 1191 1470 probavit
1221 1420 1334 1457 etiam
1366 1420 1405 1456 C.
1436 1420 1506 1456 Fr.

160 1479 480 1516 Hermannus
508 1478 549 1515 in
569 1478 714 1516 Histor.
734 1478 876 1515 Philos.
898 1478 1046 1515 Platon.
1076 1478 1160 1514 Vol.
1182 1478 1212 1513 I.
1243 1490 1278 1525 p.
1301 1478 1405 1521 476„
1436 1475 1507 1512 etsi

161 1535 208 1572 de
238 1536 370 1572 eadem
399 1549 434 1584 p.
469 1537 560 1571 634.
591 1548 677 1571 ann.
701 1537 791 1571 390.
822 1534 994 1584 loquitur
1023 1533 1275 1578 dubitantius,
1306 1545 1508 1580 argumen-

160 1591 211 1628 tis
241 1591 323 1628 eius
353 1591 582 1641 quibusdam
611 1590 651 1627 in
681 1590 978 1628 controversiam
1007 1589 1164 1628 voeatis.
1205 1590 1343 1639 Itaque
1373 1592 1509 1637 sponte

161 1647 403 1695 intelligitur,
433 1647 576 1695 opinor,
606 1647 776 1684 virorum
805 1648 1002 1684 doctorum
1037 1646 1177 1682 iudicia
1206 1646 1278 1682 hac
1306 1645 1347 1680 in
1377 1657 1511 1681 caussa

161 1703 374 1752 discrepare
404 1716 480 1739 non
508 1702 767 1749 mediocriter,
799 1702 1108 1753 quandoquidem
1139 1701 1266 1749 agitur
1303 1701 1349 1738 de
1380 1700 1509 1737 discri—

161 1760 264 1796 mine
293 1760 496 1797 dumtaxat
531 1759 669 1806 viginti
709 1759 826 1796 trium
865 1772 1062 1795 annorum.
1122 1757 1221 1798 Quid
1260 1756 1402 1805 igitur?
1441 1770 1510 1805 pu-

161 1816 379 1853 tabimusne
409 1815 534 1864 ipsum
555 1816 766 1861 Platonem,
796 1816 887 1852 dum
908 1815 1102 1863 dialogum
1126 1818 1164 1852 et
1185 1813 1512 1861 elegantissimum

163 1876 202 1909 et
231 1871 499 1920 gravissimum
529 1871 760 1921 composuit,
801 1872 841 1908 in
882 1871 1111 1908 adornandis
1141 1870 1379 1908 sermonibus
1418 1870 1511 1906 adeo

161 1928 280 1965 fuisse
309 1928 543 1965 incuriosum
573 1928 636 1965 vel
664 1928 955 1974 inconstantem,
986 1933 1029 1965 nt
1060 1940 1108 1964 ne
1134 1926 1399 1964 informaverit
1427 1925 1510 1976 qui-

162 1985 249 2021 dem
278 1984 404 2021 animo
433 1983 527 2022 certi
566 1983 728 2021 alicuius
767 1984 948 2034 temporis
979 1987 1124 2021 statum
1163 1988 1202 2021 et
1231 1981 1511 2020 conditionem?

163 2053 212 2077 an
249 2054 340 2078 vero
378 2040 488 2077 nobis
525 2040 838 2089 persuadebimus
885 2053 973 2077 eum
1012 2039 1179 2077 confusis
1217 2044 1256 2076 et
1296 2038 1512 2075 commixtis

162 2101 376 2145 temporum
405 2095 555 2133 indiciis
586 2110 825 2133 communem
854 2097 1047 2146 quandam
1086 2100 1125 2133 et
1164 2109 1213 2132 ex
1251 2094 1369 2133 variis
1409 2099 1512 2133 aeta-

163 2152 267 2190 tibus
306 2152 512 2190 conflatam
558 2165 687 2189 rerum
734 2152 975 2202 publicarum
1023 2151 1229 2199 imaginem
1266 2150 1512 2199 spectavisse,

164 2208 277 2246 sicuti
315 2221 438 2258 nuper
472 2208 784 2246 Deuschlius
823 2208 977 2253 statuit,
1016 2208 1082 2258 qui
1112 2207 1383 2256 philosophum
1413 2207 1511 2243 arbi-

163 2267 287 2302 tratus
327 2270 387 2303 est
421 2277 499 2301 non
536 2267 615 2302 tam
651 2268 799 2301 certum
838 2265 1028 2314 quoddam
1067 2268 1238 2312 tempus,
1279 2264 1345 2300 sed
1384 2263 1513 2311 potius

165 2333 402 2358 communem
432 2321 635 2371 quamdam
664 2320 845 2369 temporis
865 2320 990 2358 ideam
1021 2333 1103 2357 esse
1133 2318 1344 2357 intuitum?
1381 2319 1513 2356 Em'm-

164 2390 255 2413 vero
284 2377 392 2414 nobis
423 2376 577 2427 quidem
609 2380 747 2414 neutra
784 2377 909 2425 placet
946 2375 1148 2413 sententia.
1207 2376 1382 2426 Utroque
1411 2375 1513 2412 enim

164 2435 276 2481 pacto
305 2433 554 2481 philosophus
592 2432 816 2481 gravissime
845 2432 1060 2470 violaturus
1088 2432 1227 2469 fuisset
1265 2432 1357 2469 artis
1398 2432 1513 2479 leges,

166 2501 215 2525 ex
244 2488 395 2538 quibus,
424 2488 536 2526 sicut-i
564 2489 706 2526 fabulis
735 2488 904 2533 scenicis,
935 2487 990 2525 ita
1020 2488 1135 2525 etiam
1164 2487 1323 2536 dialogis
1354 2488 1401 2525 ad
1431 2488 1513 2524 illa-

166 2557 252 2581 rum
281 2543 569 2582 similitudinem
599 2544 816 2594 compositis
856 2547 1002 2580 certum
1041 2543 1195 2594 aliquod
1237 2548 1388 2593 tempus
1427 2556 1513 2580 eon-

167 2600 347 2638 stitutum
376 2613 457 2637 esse
487 2601 611 2647 debet,
642 2602 690 2638 ad
719 2601 821 2650 quod
850 2600 1015 2649 denique
1050 2600 1186 2646 omnia,
1217 2613 1316 2650 quae
1347 2603 1515 2648 aguntur

169 2660 284 2707 atque
315 2656 565 2702 disseruntur,
595 2656 842 2705 probabiliter
869 2656 1004 2692 referri
1034 2661 1187 2706 queant.
1228 2657 1367 2706 Itaque
1397 2669 1512 2705 quae-

170 2712 305 2751 sivisse
335 2725 426 2750 sane
454 2712 614 2758 iuvabit,
644 2726 737 2750 num
758 2725 833 2763 qua
863 2715 1013 2763 tempus
1042 2712 1163 2762 possit
1189 2712 1329 2751 certius
1350 2711 1511 2763 definiri,
