<?xml version="1.0" encoding="UTF-8"?>
<!DOCTYPE html PUBLIC "-//W3C//DTD XHTML 1.0 Transitional//EN"
    "http://www.w3.org/TR/xhtml1/DTD/xhtml1-transitional.dtd">
<html xmlns="http://www.w3.org/1999/xhtml" xml:lang="en" lang="en">
 <head>
  <title>
</title>
<meta http-equiv="Content-Type" content="text/html;charset=utf-8" />
  <meta name='ocr-system' content='tesseract 3.04.00' />
  <meta name='ocr-capabilities' content='ocr_page ocr_carea ocr_par ocr_line ocrx_word'/>
</head>
<body>
  <div class='ocr_page' id='page_1' title='image "./n1operaomniarecens04platuoft/n1operaomniarecens04platuoft_0715.png"; bbox 0 0 1687 2969; ppageno 0'>
   <div class='ocr_carea' id='block_1_1' title="bbox 1405 188 1481 224">
    <p class='ocr_par' dir='ltr' id='par_1_1' title="bbox 1405 188 1481 224">
     <span class='ocr_line' id='line_1_1' title="bbox 1405 188 1481 224; baseline 0.013 -1"><span class='ocrx_word' id='word_1_1' title='bbox 1405 188 1481 224; x_wconf 88' lang='lat'>317</span> 
     </span>
    </p>
   </div>
   <div class='ocr_carea' id='block_1_2' title="bbox 435 188 1182 229">
    <p class='ocr_par' dir='ltr' id='par_1_2' title="bbox 435 188 1182 229">
     <span class='ocr_line' id='line_1_2' title="bbox 435 188 1182 229; baseline -0.004 -1"><span class='ocrx_word' id='word_1_2' title='bbox 435 189 679 229; x_wconf 81' lang='lat' dir='ltr'><strong>GORGIAS.</strong></span> <span class='ocrx_word' id='word_1_3' title='bbox 710 190 753 228; x_wconf 81' lang='lat' dir='ltr'>P.</span> <span class='ocrx_word' id='word_1_4' title='bbox 787 191 877 226; x_wconf 90' lang='lat'>518.</span> <span class='ocrx_word' id='word_1_5' title='bbox 911 191 1003 226; x_wconf 87' lang='grc'><strong>519.</strong></span> <span class='ocrx_word' id='word_1_6' title='bbox 1034 188 1094 227; x_wconf 86' lang='lat' dir='ltr'>ed.</span> <span class='ocrx_word' id='word_1_7' title='bbox 1125 188 1182 226; x_wconf 78' lang='lat' dir='ltr'>St.</span> 
     </span>
    </p>
   </div>
   <div class='ocr_carea' id='block_1_3' title="bbox 134 293 1555 1331">
    <p class='ocr_par' dir='ltr' id='par_1_3' title="bbox 134 293 1555 1331">
     <span class='ocr_line' id='line_1_3' title="bbox 135 293 1487 349; baseline -0.003 -10"><span class='ocrx_word' id='word_1_8' title='bbox 135 298 237 347; x_wconf 80' lang='grc' dir='ltr'><em>τοὺς</em></span> <span class='ocrx_word' id='word_1_9' title='bbox 265 299 427 346; x_wconf 81' lang='grc' dir='ltr'><strong><em>αἰτίους</em></strong></span> <span class='ocrx_word' id='word_1_10' title='bbox 455 301 541 339; x_wconf 81' lang='grc' dir='ltr'><em>τῶν</em></span> <span class='ocrx_word' id='word_1_11' title='bbox 570 299 731 339; x_wconf 79' lang='grc' dir='ltr'><em>κακῶν·</em></span> <span class='ocrx_word' id='word_1_12' title='bbox 763 303 843 339; x_wconf 80' lang='grc' dir='ltr'>σοῦ</span> <span class='ocrx_word' id='word_1_13' title='bbox 873 297 916 337; x_wconf 76' lang='grc' dir='ltr'>δὲ</span> <span class='ocrx_word' id='word_1_14' title='bbox 945 296 1045 345; x_wconf 82' lang='grc' dir='ltr'><em>ἰ’σως</em></span> <span class='ocrx_word' id='word_1_15' title='bbox 1075 295 1374 349; x_wconf 76' lang='grc' dir='ltr'><em>ἐπιλήψονται,</em></span> <span class='ocrx_word' id='word_1_16' title='bbox 1412 293 1487 336; x_wconf 79' lang='grc' dir='ltr'>ἐὰν</span> 
     </span>
     <span class='ocr_line' id='line_1_4' title="bbox 134 359 1486 418; baseline -0.004 -12"><span class='ocrx_word' id='word_1_17' title='bbox 134 363 191 418; x_wconf 79' lang='grc' dir='ltr'>μὴ</span> <span class='ocrx_word' id='word_1_18' title='bbox 221 365 391 418; x_wconf 76' lang='grc' dir='ltr'><em>εὐλαβῇ,</em></span> <span class='ocrx_word' id='word_1_19' title='bbox 421 364 492 405; x_wconf 83' lang='grc' dir='ltr'>καὶ</span> <span class='ocrx_word' id='word_1_20' title='bbox 519 370 597 405; x_wconf 84' lang='grc' dir='ltr'><em>τοῦ</em></span> <span class='ocrx_word' id='word_1_21' title='bbox 627 363 731 415; x_wconf 80' lang='grc' dir='ltr'><em>ἐμοῦ</em></span> <span class='ocrx_word' id='word_1_22' title='bbox 763 361 934 414; x_wconf 78' lang='grc' dir='ltr'><em>ἑταίρου</em></span> <span class='ocrx_word' id='word_1_23' title='bbox 960 360 1254 413; x_wconf 83' lang='grc' dir='ltr'><em>Ἀλκιβιάδου,</em></span> <span class='ocrx_word' id='word_1_24' title='bbox 1285 360 1388 401; x_wconf 86' lang='grc' dir='ltr'><em>ὅταν</em></span> <span class='ocrx_word' id='word_1_25' title='bbox 1416 359 1486 401; x_wconf 85' lang='grc' dir='ltr'>καὶ</span> 
     </span>
     <span class='ocr_line' id='line_1_5' title="bbox 134 423 1552 483; baseline -0.003 -13"><span class='ocrx_word' id='word_1_26' title='bbox 134 429 185 470; x_wconf 79' lang='grc' dir='ltr'><em>τὰ</em></span> <span class='ocrx_word' id='word_1_27' title='bbox 213 430 366 483; x_wconf 84' lang='grc' dir='ltr'><em>άρχαῖα</em></span> <span class='ocrx_word' id='word_1_28' title='bbox 395 429 747 481; x_wconf 86' lang='grc' dir='ltr'><em>προςαπολλύωσι</em></span> <span class='ocrx_word' id='word_1_29' title='bbox 785 428 892 481; x_wconf 90' lang='grc' dir='ltr'><em>πρὸς</em></span> <span class='ocrx_word' id='word_1_30' title='bbox 921 423 984 476; x_wconf 81' lang='grc' dir='ltr'><em>οἷς</em></span> <span class='ocrx_word' id='word_1_31' title='bbox 1016 427 1276 481; x_wconf 76' lang='grc' dir='ltr'><em>ἐκτήσαντο,</em></span> <span class='ocrx_word' id='word_1_32' title='bbox 1317 426 1397 467; x_wconf 85' lang='grc' dir='ltr'>οὐκ</span> <span class='ocrx_word' id='word_1_33' title='bbox 1425 426 1484 466; x_wconf 86' lang='grc' dir='ltr'><em>αί-</em></span> <span class='ocrx_word' id='word_1_34' title='bbox 1515 429 1552 471; x_wconf 89' lang='grc' dir='ltr'>Β</span> 
     </span>
     <span class='ocr_line' id='line_1_6' title="bbox 134 488 1484 543; baseline -0.004 -7"><span class='ocrx_word' id='word_1_35' title='bbox 134 496 236 536; x_wconf 84' lang='grc' dir='ltr'><em>τίων</em></span> <span class='ocrx_word' id='word_1_36' title='bbox 286 499 426 536; x_wconf 87' lang='grc' dir='ltr'><em>ὄντων</em></span> <span class='ocrx_word' id='word_1_37' title='bbox 464 497 550 535; x_wconf 78' lang='grc' dir='ltr'><em>τῶν</em></span> <span class='ocrx_word' id='word_1_38' title='bbox 586 497 756 543; x_wconf 70' lang='grc' dir='ltr'><em>κακῶν,</em></span> <span class='ocrx_word' id='word_1_39' title='bbox 807 488 892 534; x_wconf 74' lang='grc' dir='ltr'><em>ἀλλ’</em></span> <span class='ocrx_word' id='word_1_40' title='bbox 934 493 1033 540; x_wconf 82' lang='grc' dir='ltr'><em>ἴσως</em></span> <span class='ocrx_word' id='word_1_41' title='bbox 1071 492 1311 532; x_wconf 91' lang='grc' dir='ltr'><em>συναιτίων.</em></span> <span class='ocrx_word' id='word_1_42' title='bbox 1349 492 1484 532; x_wconf 91' lang='grc' dir='ltr'><em>καίτοι</em></span> 
     </span>
     <span class='ocr_line' id='line_1_7' title="bbox 135 555 1485 614; baseline -0.003 -14"><span class='ocrx_word' id='word_1_43' title='bbox 135 558 265 614; x_wconf 75' lang='grc' dir='ltr'><em>ἔγωγε</em></span> <span class='ocrx_word' id='word_1_44' title='bbox 311 562 498 614; x_wconf 77' lang='grc' dir='ltr'><em>ἀνόητον</em></span> <span class='ocrx_word' id='word_1_45' title='bbox 537 567 712 612; x_wconf 74' lang='grc' dir='ltr'><em>πρᾶγμα</em></span> <span class='ocrx_word' id='word_1_46' title='bbox 751 556 823 598; x_wconf 84' lang='grc' dir='ltr'>καὶ</span> <span class='ocrx_word' id='word_1_47' title='bbox 862 564 943 598; x_wconf 76' lang='grc' dir='ltr'>νῦν</span> <span class='ocrx_word' id='word_1_48' title='bbox 985 556 1072 608; x_wconf 78' lang='grc' dir='ltr'>ὁρῶ</span> <span class='ocrx_word' id='word_1_49' title='bbox 1116 557 1373 610; x_wconf 76' lang='grc' dir='ltr'><em>γιγνόμενον</em></span> <span class='ocrx_word' id='word_1_50' title='bbox 1414 555 1485 597; x_wconf 87' lang='grc' dir='ltr'>καὶ</span> 
     </span>
     <span class='ocr_line' id='line_1_8' title="bbox 135 618 1486 675; baseline -0.004 -8"><span class='ocrx_word' id='word_1_51' title='bbox 135 626 280 667; x_wconf 84' lang='grc' dir='ltr'><em>άκούω</em></span> <span class='ocrx_word' id='word_1_52' title='bbox 302 629 388 667; x_wconf 80' lang='grc' dir='ltr'><em>τῶν</em></span> <span class='ocrx_word' id='word_1_53' title='bbox 409 627 601 666; x_wconf 80' lang='grc' dir='ltr'><em>παλαιῶν</em></span> <span class='ocrx_word' id='word_1_54' title='bbox 626 624 797 675; x_wconf 74' lang='grc' dir='ltr'><em>ἀνδρῶν</em></span> <span class='ocrx_word' id='word_1_55' title='bbox 826 621 932 674; x_wconf 81' lang='grc' dir='ltr'><em>πέρι.</em></span> <span class='ocrx_word' id='word_1_56' title='bbox 965 622 1228 675; x_wconf 79' lang='grc' dir='ltr'><em>αἰσθάνομαι</em></span> <span class='ocrx_word' id='word_1_57' title='bbox 1257 623 1351 674; x_wconf 70' lang='grc' dir='ltr'><em>γάρ,</em></span> <span class='ocrx_word' id='word_1_58' title='bbox 1384 618 1486 662; x_wconf 80' lang='grc' dir='ltr'><em>ὅταν</em></span> 
     </span>
     <span class='ocr_line' id='line_1_9' title="bbox 135 685 1487 745; baseline -0.004 -14"><span class='ocrx_word' id='word_1_59' title='bbox 135 691 162 745; x_wconf 79' lang='grc' dir='ltr'><em>ἦ</em></span> <span class='ocrx_word' id='word_1_60' title='bbox 197 691 318 739; x_wconf 81' lang='grc' dir='ltr'><em>πόλις</em></span> <span class='ocrx_word' id='word_1_61' title='bbox 361 690 456 731; x_wconf 78' lang='grc' dir='ltr'><em>τινὰ</em></span> <span class='ocrx_word' id='word_1_62' title='bbox 493 693 579 731; x_wconf 79' lang='grc' dir='ltr'><em>τῶν</em></span> <span class='ocrx_word' id='word_1_63' title='bbox 619 691 846 730; x_wconf 78' lang='grc' dir='ltr'><em>πολιτικῶν</em></span> <span class='ocrx_word' id='word_1_64' title='bbox 875 685 1045 740; x_wconf 78' lang='grc' dir='ltr'><em>ἀνδρῶν</em></span> <span class='ocrx_word' id='word_1_65' title='bbox 1074 688 1401 740; x_wconf 74' lang='grc' dir='ltr'><em>μεταχειρίζηται</em></span> <span class='ocrx_word' id='word_1_66' title='bbox 1430 687 1487 735; x_wconf 83' lang='grc' dir='ltr'><em>ὡς</em></span> 
     </span>
     <span class='ocr_line' id='line_1_10' title="bbox 136 752 1486 808; baseline -0.004 -11"><span class='ocrx_word' id='word_1_67' title='bbox 136 752 389 805; x_wconf 72' lang='grc' dir='ltr'><em>ἀδικοῦντα,</em></span> <span class='ocrx_word' id='word_1_68' title='bbox 428 753 788 808; x_wconf 79' lang='grc' dir='ltr'><em>ἀγανακτούντων</em></span> <span class='ocrx_word' id='word_1_69' title='bbox 817 754 886 795; x_wconf 86' lang='grc' dir='ltr'>καὶ</span> <span class='ocrx_word' id='word_1_70' title='bbox 915 754 1252 806; x_wconf 80' lang='grc' dir='ltr'><em>σχετλιαζόντων,</em></span> <span class='ocrx_word' id='word_1_71' title='bbox 1284 752 1341 800; x_wconf 79' lang='grc' dir='ltr'><em>ὡς</em></span> <span class='ocrx_word' id='word_1_72' title='bbox 1369 752 1486 793; x_wconf 82' lang='grc' dir='ltr'><em>δεινὰ</em></span> 
     </span>
     <span class='ocr_line' id='line_1_11' title="bbox 135 815 1487 875; baseline -0.004 -13"><span class='ocrx_word' id='word_1_73' title='bbox 135 823 366 875; x_wconf 87' lang='grc' dir='ltr'><em>πάσχουσι·</em></span> <span class='ocrx_word' id='word_1_74' title='bbox 408 820 542 862; x_wconf 84' lang='grc' dir='ltr'><em>πολλὰ</em></span> <span class='ocrx_word' id='word_1_75' title='bbox 571 820 640 861; x_wconf 84' lang='grc' dir='ltr'>καὶ</span> <span class='ocrx_word' id='word_1_76' title='bbox 669 815 814 872; x_wconf 73' lang='grc' dir='ltr'><em>ἀγαθὰ</em></span> <span class='ocrx_word' id='word_1_77' title='bbox 843 818 920 873; x_wconf 73' lang='grc' dir='ltr'><em>τὴν</em></span> <span class='ocrx_word' id='word_1_78' title='bbox 949 820 1074 859; x_wconf 86' lang='grc' dir='ltr'><em>πόλιν</em></span> <span class='ocrx_word' id='word_1_79' title='bbox 1102 818 1376 870; x_wconf 78' lang='grc' dir='ltr'><em>πεποιηκότες</em></span> <span class='ocrx_word' id='word_1_80' title='bbox 1404 821 1487 871; x_wconf 76' lang='grc' dir='ltr'><em>ἄρα</em></span> 
     </span>
     <span class='ocr_line' id='line_1_12' title="bbox 135 882 1487 939; baseline -0.003 -12"><span class='ocrx_word' id='word_1_81' title='bbox 135 882 291 933; x_wconf 76' lang='grc' dir='ltr'><em>ἀδίκως</em></span> <span class='ocrx_word' id='word_1_82' title='bbox 330 882 404 927; x_wconf 81' lang='grc' dir='ltr'><em>ὑπ’</em></span> <span class='ocrx_word' id='word_1_83' title='bbox 446 886 577 939; x_wconf 80' lang='grc' dir='ltr'><em>αὐτῆς</em></span> <span class='ocrx_word' id='word_1_84' title='bbox 615 885 901 933; x_wconf 35' lang='grc' dir='ltr'><em>άπόλλυνταιῆ</em></span> <span class='ocrx_word' id='word_1_85' title='bbox 940 884 996 932; x_wconf 85' lang='grc' dir='ltr'><em>ὡς</em></span> <span class='ocrx_word' id='word_1_86' title='bbox 1026 884 1048 924; x_wconf 86' lang='grc' dir='ltr'>ὁ</span> <span class='ocrx_word' id='word_1_87' title='bbox 1077 884 1242 925; x_wconf 89' lang='grc' dir='ltr'><em>τούτων</em></span> <span class='ocrx_word' id='word_1_88' title='bbox 1270 884 1408 936; x_wconf 74' lang='grc' dir='ltr'><em>λόγος.</em></span> <span class='ocrx_word' id='word_1_89' title='bbox 1439 883 1487 923; x_wconf 86' lang='grc' dir='ltr'><em>τὸ</em></span> 
     </span>
     <span class='ocr_line' id='line_1_13' title="bbox 135 943 1555 1003; baseline -0.003 -11"><span class='ocrx_word' id='word_1_90' title='bbox 135 952 179 992; x_wconf 83' lang='grc' dir='ltr'>δὲ</span> <span class='ocrx_word' id='word_1_91' title='bbox 210 948 313 992; x_wconf 83' lang='grc' dir='ltr'><em>ὅλον</em></span> <span class='ocrx_word' id='word_1_92' title='bbox 342 950 501 1000; x_wconf 78' lang='grc' dir='ltr'><em>ψεῦδός</em></span> <span class='ocrx_word' id='word_1_93' title='bbox 530 949 625 991; x_wconf 80' lang='grc' dir='ltr'><em>ἐστι.</em></span> <span class='ocrx_word' id='word_1_94' title='bbox 654 951 891 1003; x_wconf 77' lang='grc' dir='ltr'><em>προστάτης</em></span> <span class='ocrx_word' id='word_1_95' title='bbox 919 949 1001 1001; x_wconf 74' lang='grc' dir='ltr'>γὰρ</span> <span class='ocrx_word' id='word_1_96' title='bbox 1030 950 1191 997; x_wconf 83' lang='grc' dir='ltr'><em>πόλεως</em></span> <span class='ocrx_word' id='word_1_97' title='bbox 1219 946 1313 989; x_wconf 77' lang='grc' dir='ltr'><em>οὐδ’</em></span> <span class='ocrx_word' id='word_1_98' title='bbox 1346 948 1399 989; x_wconf 78' lang='grc' dir='ltr'>ἂν</span> <span class='ocrx_word' id='word_1_99' title='bbox 1429 943 1488 997; x_wconf 84' lang='grc' dir='ltr'><em>εἷς</em></span> <span class='ocrx_word' id='word_1_100' title='bbox 1520 953 1555 995; x_wconf 85' lang='lat' dir='ltr'>C</span> 
     </span>
     <span class='ocr_line' id='line_1_14' title="bbox 135 1006 1486 1068; baseline -0.003 -10"><span class='ocrx_word' id='word_1_101' title='bbox 135 1031 235 1058; x_wconf 89' lang='grc' dir='ltr'><em>ποτε</em></span> <span class='ocrx_word' id='word_1_102' title='bbox 275 1016 432 1063; x_wconf 84' lang='grc' dir='ltr'><em>α’δίκως</em></span> <span class='ocrx_word' id='word_1_103' title='bbox 474 1012 676 1057; x_wconf 85' lang='grc' dir='ltr'><em>απόλοιτο</em></span> <span class='ocrx_word' id='word_1_104' title='bbox 714 1011 786 1056; x_wconf 81' lang='grc' dir='ltr'><em>ὑπ</em></span> <span class='ocrx_word' id='word_1_105' title='bbox 824 1016 954 1068; x_wconf 79' lang='grc' dir='ltr'><em>αὐτῆς</em></span> <span class='ocrx_word' id='word_1_106' title='bbox 983 1021 1056 1068; x_wconf 76' lang='grc' dir='ltr'><em>τῆς</em></span> <span class='ocrx_word' id='word_1_107' title='bbox 1083 1016 1266 1063; x_wconf 70' lang='grc' dir='ltr'><em>πόλεως,</em></span> <span class='ocrx_word' id='word_1_108' title='bbox 1310 1006 1358 1066; x_wconf 83' lang='grc' dir='ltr'><em>ἧς</em></span> <span class='ocrx_word' id='word_1_109' title='bbox 1386 1028 1486 1066; x_wconf 92' lang='grc' dir='ltr'><em>προ-</em></span> 
     </span>
     <span class='ocr_line' id='line_1_15' title="bbox 136 1077 1487 1134; baseline -0.003 -11"><span class='ocrx_word' id='word_1_110' title='bbox 136 1086 285 1123; x_wconf 81' lang='grc' dir='ltr'><em>στατεῖ.</em></span> <span class='ocrx_word' id='word_1_111' title='bbox 328 1082 569 1123; x_wconf 76' lang='grc' dir='ltr'><em>κινδυνεύει</em></span> <span class='ocrx_word' id='word_1_112' title='bbox 607 1080 690 1134; x_wconf 77' lang='grc' dir='ltr'>γὰρ</span> <span class='ocrx_word' id='word_1_113' title='bbox 726 1081 884 1121; x_wconf 84' lang='grc' dir='ltr'><em>ταύτὸν</em></span> <span class='ocrx_word' id='word_1_114' title='bbox 914 1083 1046 1131; x_wconf 78' lang='grc' dir='ltr'><em>εἰναι,</em></span> <span class='ocrx_word' id='word_1_115' title='bbox 1088 1077 1181 1121; x_wconf 82' lang='grc' dir='ltr'><em>ὅσοι</em></span> <span class='ocrx_word' id='word_1_116' title='bbox 1209 1093 1252 1119; x_wconf 87' lang='grc' dir='ltr'>τε</span> <span class='ocrx_word' id='word_1_117' title='bbox 1280 1078 1487 1120; x_wconf 84' lang='grc' dir='ltr'><em>πολιτικοὶ</em></span> 
     </span>
     <span class='ocr_line' id='line_1_16' title="bbox 135 1142 1486 1199; baseline -0.003 -11"><span class='ocrx_word' id='word_1_118' title='bbox 135 1151 471 1199; x_wconf 81' lang='grc' dir='ltr'><em>προςποιοῦνται</em></span> <span class='ocrx_word' id='word_1_119' title='bbox 513 1143 624 1187; x_wconf 83' lang='grc' dir='ltr'><em>εἶναι</em></span> <span class='ocrx_word' id='word_1_120' title='bbox 662 1146 732 1187; x_wconf 83' lang='grc' dir='ltr'>καὶ</span> <span class='ocrx_word' id='word_1_121' title='bbox 773 1142 865 1187; x_wconf 83' lang='grc' dir='ltr'><em>ὅσοι</em></span> <span class='ocrx_word' id='word_1_122' title='bbox 905 1146 1115 1196; x_wconf 84' lang='grc' dir='ltr'><em>σοφισταί</em></span> <span class='ocrx_word' id='word_1_123' title='bbox 1145 1160 1215 1185; x_wconf 86' lang='grc' dir='ltr'>και</span> <span class='ocrx_word' id='word_1_124' title='bbox 1242 1144 1324 1197; x_wconf 76' lang='grc' dir='ltr'>γὰρ</span> <span class='ocrx_word' id='word_1_125' title='bbox 1354 1144 1396 1185; x_wconf 80' lang='grc' dir='ltr'>οἱ</span> <span class='ocrx_word' id='word_1_126' title='bbox 1421 1154 1486 1185; x_wconf 93' lang='grc' dir='ltr'>σο-</span> 
     </span>
     <span class='ocr_line' id='line_1_17' title="bbox 137 1207 1487 1265; baseline -0.002 -13"><span class='ocrx_word' id='word_1_127' title='bbox 137 1213 305 1265; x_wconf 84' lang='grc' dir='ltr'><em>φισταί,</em></span> <span class='ocrx_word' id='word_1_128' title='bbox 348 1207 478 1252; x_wconf 78' lang='grc' dir='ltr'><em>τᾶλλα</em></span> <span class='ocrx_word' id='word_1_129' title='bbox 518 1210 647 1264; x_wconf 85' lang='grc' dir='ltr'><em>σοφοὶ</em></span> <span class='ocrx_word' id='word_1_130' title='bbox 687 1214 830 1261; x_wconf 73' lang='grc' dir='ltr'><em>ὄντες,</em></span> <span class='ocrx_word' id='word_1_131' title='bbox 870 1216 998 1252; x_wconf 85' lang='grc' dir='ltr'><em>τοῦτο</em></span> <span class='ocrx_word' id='word_1_132' title='bbox 1037 1213 1200 1251; x_wconf 74' lang='grc' dir='ltr'><em>ἄτοπον</em></span> <span class='ocrx_word' id='word_1_133' title='bbox 1241 1209 1487 1262; x_wconf 71' lang='grc' dir='ltr'><em>ἐργάζονται</em></span> 
     </span>
     <span class='ocr_line' id='line_1_18' title="bbox 135 1271 1487 1331; baseline -0.002 -13"><span class='ocrx_word' id='word_1_134' title='bbox 135 1285 328 1331; x_wconf 75' lang='grc' dir='ltr'><em>πρᾶγμα·</em></span> <span class='ocrx_word' id='word_1_135' title='bbox 370 1277 609 1330; x_wconf 74' lang='grc' dir='ltr'><em>φάσκοντες</em></span> <span class='ocrx_word' id='word_1_136' title='bbox 647 1278 729 1329; x_wconf 76' lang='grc' dir='ltr'>γὰρ</span> <span class='ocrx_word' id='word_1_137' title='bbox 772 1272 919 1329; x_wconf 78' lang='grc' dir='ltr'><em>ἀρετῆς</em></span> <span class='ocrx_word' id='word_1_138' title='bbox 961 1275 1207 1317; x_wconf 78' lang='grc' dir='ltr'><em>διδάσκαλοι</em></span> <span class='ocrx_word' id='word_1_139' title='bbox 1244 1271 1355 1316; x_wconf 81' lang='grc' dir='ltr'><em>εἶναι</em></span> <span class='ocrx_word' id='word_1_140' title='bbox 1389 1277 1487 1315; x_wconf 91' lang='grc' dir='ltr'><em>πολ-</em></span> 
     </span>
    </p>
   </div>
   <div class='ocr_carea' id='block_1_4' title="bbox 134 1420 1488 1638">
    <p class='ocr_par' dir='ltr' id='par_1_4' title="bbox 134 1420 1488 1638">
     <span class='ocr_line' id='line_1_19' title="bbox 137 1420 1487 1476; baseline -0.001 -23"><span class='ocrx_word' id='word_1_141' title='bbox 137 1420 305 1463; x_wconf 77' lang='grc' dir='ltr'><em>πιίσχουσι</em></span> <span class='ocrx_word' id='word_1_142' title='bbox 335 1426 516 1462; x_wconf 80' lang='lat' dir='ltr'>commate,</span> <span class='ocrx_word' id='word_1_143' title='bbox 551 1427 629 1464; x_wconf 91' lang='lat' dir='ltr'>post</span> <span class='ocrx_word' id='word_1_144' title='bbox 659 1421 720 1465; x_wconf 81' lang='grc' dir='ltr'>τὴι</span> <span class='ocrx_word' id='word_1_145' title='bbox 753 1420 852 1453; x_wconf 77' lang='grc' dir='ltr'><em>πόλιν</em></span> <span class='ocrx_word' id='word_1_146' title='bbox 883 1420 1107 1476; x_wconf 67' lang='grc' dir='ltr'><em>πεποιηκότες</em></span> <span class='ocrx_word' id='word_1_147' title='bbox 1139 1425 1267 1474; x_wconf 83' lang='lat' dir='ltr'>puncto</span> <span class='ocrx_word' id='word_1_148' title='bbox 1300 1421 1487 1463; x_wconf 82' lang='lat' dir='ltr'>distingue-</span> 
     </span>
     <span class='ocr_line' id='line_1_20' title="bbox 135 1462 1488 1509; baseline -0.001 -10"><span class='ocrx_word' id='word_1_149' title='bbox 135 1469 246 1508; x_wconf 80' lang='lat' dir='ltr'>batur,</span> <span class='ocrx_word' id='word_1_150' title='bbox 269 1478 330 1509; x_wconf 90' lang='lat' dir='ltr'>pro</span> <span class='ocrx_word' id='word_1_151' title='bbox 347 1465 414 1508; x_wconf 79' lang='grc' dir='ltr'><em>ἄρα</em></span> <span class='ocrx_word' id='word_1_152' title='bbox 432 1466 561 1501; x_wconf 80' lang='grc' dir='ltr'><em>ἀδίκως</em></span> <span class='ocrx_word' id='word_1_153' title='bbox 578 1473 692 1500; x_wconf 88' lang='lat' dir='ltr'>autem</span> <span class='ocrx_word' id='word_1_154' title='bbox 708 1466 923 1500; x_wconf 79' lang='lat' dir='ltr'>scribebatur</span> <span class='ocrx_word' id='word_1_155' title='bbox 947 1462 1016 1508; x_wconf 82' lang='grc' dir='ltr'><em>ἆρα</em></span> <span class='ocrx_word' id='word_1_156' title='bbox 1034 1464 1100 1504; x_wconf 67' lang='lat' dir='ltr'>a’6⁴.‚</span> <span class='ocrx_word' id='word_1_157' title='bbox 1127 1468 1226 1509; x_wconf 86' lang='lat' dir='ltr'>signo</span> <span class='ocrx_word' id='word_1_158' title='bbox 1252 1465 1488 1509; x_wconf 72' lang='lat' dir='ltr'>interrogandi</span> 
     </span>
     <span class='ocr_line' id='line_1_21' title="bbox 134 1510 1486 1566; baseline -0.001 -22"><span class='ocrx_word' id='word_1_159' title='bbox 134 1518 212 1554; x_wconf 90' lang='lat' dir='ltr'>post</span> <span class='ocrx_word' id='word_1_160' title='bbox 244 1511 290 1546; x_wconf 80' lang='grc' dir='ltr'><em>ὠς</em></span> <span class='ocrx_word' id='word_1_161' title='bbox 323 1510 340 1544; x_wconf 87' lang='grc' dir='ltr'>ὁ</span> <span class='ocrx_word' id='word_1_162' title='bbox 372 1511 503 1566; x_wconf 69' lang='grc' dir='ltr'><em>τούτων</em></span> <span class='ocrx_word' id='word_1_163' title='bbox 535 1511 634 1555; x_wconf 79' lang='grc' dir='ltr'><em>λόγος</em></span> <span class='ocrx_word' id='word_1_164' title='bbox 666 1514 878 1565; x_wconf 82' lang='lat' dir='ltr'>interposito.</span> <span class='ocrx_word' id='word_1_165' title='bbox 931 1513 996 1544; x_wconf 91' lang='lat' dir='ltr'>Pro</span> <span class='ocrx_word' id='word_1_166' title='bbox 1035 1512 1105 1552; x_wconf 76' lang='grc' dir='ltr'><em>ἄρα</em></span> <span class='ocrx_word' id='word_1_167' title='bbox 1142 1523 1210 1543; x_wconf 93' lang='lat' dir='ltr'>non</span> <span class='ocrx_word' id='word_1_168' title='bbox 1246 1512 1352 1553; x_wconf 83' lang='lat' dir='ltr'>pauci</span> <span class='ocrx_word' id='word_1_169' title='bbox 1389 1511 1486 1544; x_wconf 87' lang='lat' dir='ltr'>codd.</span> 
     </span>
     <span class='ocr_line' id='line_1_22' title="bbox 134 1555 1487 1600; baseline -0.001 -10"><span class='ocrx_word' id='word_1_170' title='bbox 134 1555 395 1600; x_wconf 83' lang='lat' dir='ltr'>praebuerunt&#39;</span> <span class='ocrx_word' id='word_1_171' title='bbox 381 1556 461 1599; x_wconf 79' lang='grc' dir='ltr'><em>ἄρα,</em></span> <span class='ocrx_word' id='word_1_172' title='bbox 486 1568 553 1600; x_wconf 91' lang='lat' dir='ltr'>quo</span> <span class='ocrx_word' id='word_1_173' title='bbox 571 1559 726 1591; x_wconf 86' lang='lat' dir='ltr'>restituto</span> <span class='ocrx_word' id='word_1_174' title='bbox 752 1559 867 1591; x_wconf 85' lang='lat' dir='ltr'>omnia</span> <span class='ocrx_word' id='word_1_175' title='bbox 891 1561 983 1600; x_wconf 84' lang='lat' dir='ltr'>recte</span> <span class='ocrx_word' id='word_1_176' title='bbox 1008 1568 1044 1590; x_wconf 86' lang='lat' dir='ltr'>se</span> <span class='ocrx_word' id='word_1_177' title='bbox 1069 1558 1206 1589; x_wconf 88' lang='lat' dir='ltr'>habent.</span> <span class='ocrx_word' id='word_1_178' title='bbox 1254 1558 1358 1589; x_wconf 82' lang='lat' dir='ltr'>Recte</span> <span class='ocrx_word' id='word_1_179' title='bbox 1382 1558 1487 1588; x_wconf 88' lang='lat' dir='ltr'>verba</span> 
     </span>
     <span class='ocr_line' id='line_1_23' title="bbox 135 1603 467 1638; baseline 0.006 -4"><span class='ocrx_word' id='word_1_180' title='bbox 135 1603 295 1635; x_wconf 83' lang='lat' dir='ltr'><strong>distinxit</strong></span> <span class='ocrx_word' id='word_1_181' title='bbox 317 1603 467 1638; x_wconf 86' lang='lat' dir='ltr'>Bekker.</span> 
     </span>
    </p>
   </div>
   <div class='ocr_carea' id='block_1_5' title="bbox 134 1737 779 2773">
    <p class='ocr_par' dir='ltr' id='par_1_5' title="bbox 134 1737 779 1961">
     <span class='ocr_line' id='line_1_24' title="bbox 135 1737 778 1780; baseline 0.002 -11"><span class='ocrx_word' id='word_1_182' title='bbox 135 1737 320 1770; x_wconf 85' lang='lat' dir='ltr'>consilium</span> <span class='ocrx_word' id='word_1_183' title='bbox 363 1737 501 1770; x_wconf 82' lang='lat' dir='ltr'>Siciliae</span> <span class='ocrx_word' id='word_1_184' title='bbox 547 1737 778 1780; x_wconf 81' lang='lat' dir='ltr'>occupandae.</span> 
     </span>
     <span class='ocr_line' id='line_1_25' title="bbox 136 1783 779 1826; baseline 0 -11"><span class='ocrx_word' id='word_1_185' title='bbox 136 1784 190 1815; x_wconf 82' lang='lat' dir='ltr'>Ex</span> <span class='ocrx_word' id='word_1_186' title='bbox 221 1794 287 1825; x_wconf 89' lang='lat' dir='ltr'>quo</span> <span class='ocrx_word' id='word_1_187' title='bbox 311 1787 463 1825; x_wconf 84' lang='lat' dir='ltr'>tempore</span> <span class='ocrx_word' id='word_1_188' title='bbox 487 1784 624 1826; x_wconf 84' lang='lat' dir='ltr'>saepius</span> <span class='ocrx_word' id='word_1_189' title='bbox 649 1783 779 1815; x_wconf 81' lang='lat' dir='ltr'>excidit</span> 
     </span>
     <span class='ocr_line' id='line_1_26' title="bbox 135 1829 778 1871; baseline 0 -11"><span class='ocrx_word' id='word_1_190' title='bbox 135 1830 254 1870; x_wconf 89' lang='lat' dir='ltr'>populi</span> <span class='ocrx_word' id='word_1_191' title='bbox 269 1829 379 1871; x_wconf 85' lang='lat' dir='ltr'>gratia</span> <span class='ocrx_word' id='word_1_192' title='bbox 395 1833 428 1860; x_wconf 89' lang='lat' dir='ltr'>et</span> <span class='ocrx_word' id='word_1_193' title='bbox 445 1829 572 1861; x_wconf 83' lang='lat' dir='ltr'>favore.</span> <span class='ocrx_word' id='word_1_194' title='bbox 604 1829 672 1861; x_wconf 80' lang='lat' dir='ltr'>Sed</span> <span class='ocrx_word' id='word_1_195' title='bbox 696 1833 778 1861; x_wconf 85' lang='lat' dir='ltr'>nota</span> 
     </span>
     <span class='ocr_line' id='line_1_27' title="bbox 135 1873 777 1907; baseline 0.002 -2"><span class='ocrx_word' id='word_1_196' title='bbox 135 1874 218 1905; x_wconf 86' lang='lat' dir='ltr'>haec</span> <span class='ocrx_word' id='word_1_197' title='bbox 253 1873 412 1906; x_wconf 88' lang='lat' dir='ltr'>omnibus</span> <span class='ocrx_word' id='word_1_198' title='bbox 449 1878 529 1906; x_wconf 89' lang='lat' dir='ltr'>sunt</span> <span class='ocrx_word' id='word_1_199' title='bbox 560 1886 603 1907; x_wconf 85' lang='lat' dir='ltr'>ex</span> <span class='ocrx_word' id='word_1_200' title='bbox 634 1875 777 1906; x_wconf 83' lang='lat' dir='ltr'>historia</span> 
     </span>
     <span class='ocr_line' id='line_1_28' title="bbox 134 1918 541 1961; baseline 0.002 -11"><span class='ocrx_word' id='word_1_201' title='bbox 134 1918 220 1951; x_wconf 86' lang='lat' dir='ltr'>belli</span> <span class='ocrx_word' id='word_1_202' title='bbox 242 1920 541 1961; x_wconf 81' lang='lat' dir='ltr'>Peloponnesiaci.</span> 
     </span>
    </p>

    <p class='ocr_par' dir='ltr' id='par_1_6' title="bbox 135 1962 778 2267">
     <span class='ocr_line' id='line_1_29' title="bbox 187 1962 774 2007; baseline 0.003 -12"><span class='ocrx_word' id='word_1_203' title='bbox 187 1965 225 1996; x_wconf 92' lang='lat' dir='ltr'>B.</span> <span class='ocrx_word' id='word_1_204' title='bbox 295 1966 651 2007; x_wconf 72' lang='grc' dir='ltr'><em>μεταχειρίζηται</em></span> <span class='ocrx_word' id='word_1_205' title='bbox 717 1962 774 1998; x_wconf 71' lang='grc' dir='ltr'>ὠς</span> 
     </span>
     <span class='ocr_line' id='line_1_30' title="bbox 136 2007 775 2051; baseline 0.003 -11"><span class='ocrx_word' id='word_1_206' title='bbox 136 2007 400 2051; x_wconf 76' lang='grc' dir='ltr'><em>ἀδικοῦντα]</em></span> <span class='ocrx_word' id='word_1_207' title='bbox 434 2014 607 2042; x_wconf 75' lang='lat' dir='ltr'>tractat</span> <span class='ocrx_word' id='word_1_208' title='bbox 640 2015 685 2042; x_wconf 85' lang='lat' dir='ltr'>ut</span> <span class='ocrx_word' id='word_1_209' title='bbox 708 2010 775 2042; x_wconf 92' lang='lat' dir='ltr'>ho-</span> 
     </span>
     <span class='ocr_line' id='line_1_31' title="bbox 135 2053 774 2096; baseline 0.002 -11"><span class='ocrx_word' id='word_1_210' title='bbox 135 2055 290 2086; x_wconf 90' lang='lat' dir='ltr'>minem</span> <span class='ocrx_word' id='word_1_211' title='bbox 316 2055 584 2087; x_wconf 87' lang='lat' dir='ltr'>maleficum.</span> <span class='ocrx_word' id='word_1_212' title='bbox 609 2074 652 2079; x_wconf 96' lang='lat'><strong>—</strong></span> <span class='ocrx_word' id='word_1_213' title='bbox 678 2053 774 2096; x_wconf 82' lang='grc' dir='ltr'><em>ἀγα-</em></span> 
     </span>
     <span class='ocr_line' id='line_1_32' title="bbox 139 2097 775 2138; baseline 0.002 -7"><span class='ocrx_word' id='word_1_214' title='bbox 139 2097 395 2131; x_wconf 77' lang='grc' dir='ltr'><em>νακτούντω</em></span> <span class='ocrx_word' id='word_1_215' title='bbox 412 2112 448 2138; x_wconf 75' lang='grc' dir='ltr'>τ’,</span> <span class='ocrx_word' id='word_1_216' title='bbox 474 2110 522 2132; x_wconf 85' lang='lat' dir='ltr'>sc.</span> <span class='ocrx_word' id='word_1_217' title='bbox 548 2097 673 2132; x_wconf 72' lang='grc' dir='ltr'><em>αὐτῶν.</em></span> <span class='ocrx_word' id='word_1_218' title='bbox 711 2102 775 2132; x_wconf 90' lang='lat' dir='ltr'>Lo-</span> 
     </span>
     <span class='ocr_line' id='line_1_33' title="bbox 136 2145 778 2186; baseline 0.003 -11"><span class='ocrx_word' id='word_1_219' title='bbox 136 2145 253 2186; x_wconf 90' lang='lat' dir='ltr'>quitur</span> <span class='ocrx_word' id='word_1_220' title='bbox 292 2145 381 2176; x_wconf 90' lang='lat' dir='ltr'>enim</span> <span class='ocrx_word' id='word_1_221' title='bbox 420 2145 488 2177; x_wconf 86' lang='lat' dir='ltr'>iam</span> <span class='ocrx_word' id='word_1_222' title='bbox 525 2145 565 2176; x_wconf 90' lang='lat' dir='ltr'>de</span> <span class='ocrx_word' id='word_1_223' title='bbox 606 2147 778 2185; x_wconf 86' lang='lat' dir='ltr'>omnibus,</span> 
     </span>
     <span class='ocr_line' id='line_1_34' title="bbox 136 2189 777 2223; baseline 0.002 -2"><span class='ocrx_word' id='word_1_224' title='bbox 136 2191 219 2222; x_wconf 84' lang='lat' dir='ltr'>licet</span> <span class='ocrx_word' id='word_1_225' title='bbox 249 2200 357 2221; x_wconf 91' lang='lat' dir='ltr'>unum</span> <span class='ocrx_word' id='word_1_226' title='bbox 384 2189 573 2222; x_wconf 82' lang='lat' dir='ltr'>alterumve</span> <span class='ocrx_word' id='word_1_227' title='bbox 598 2191 687 2223; x_wconf 85' lang='lat' dir='ltr'>male</span> <span class='ocrx_word' id='word_1_228' title='bbox 711 2195 777 2222; x_wconf 84' lang='lat' dir='ltr'>tra-</span> 
     </span>
     <span class='ocr_line' id='line_1_35' title="bbox 137 2238 529 2267; baseline -0.003 0"><span class='ocrx_word' id='word_1_229' title='bbox 137 2239 265 2267; x_wconf 84' lang='lat' dir='ltr'>ctatum</span> <span class='ocrx_word' id='word_1_230' title='bbox 290 2245 364 2267; x_wconf 86' lang='lat' dir='ltr'>esse</span> <span class='ocrx_word' id='word_1_231' title='bbox 391 2238 529 2266; x_wconf 84' lang='lat' dir='ltr'>statuat.</span> 
     </span>
    </p>

    <p class='ocr_par' dir='ltr' id='par_1_7' title="bbox 138 2278 778 2681">
     <span class='ocr_line' id='line_1_36' title="bbox 184 2278 775 2323; baseline 0.002 -12"><span class='ocrx_word' id='word_1_232' title='bbox 184 2279 314 2312; x_wconf 79' lang='grc' dir='ltr'><em>πολλὰ</em></span> <span class='ocrx_word' id='word_1_233' title='bbox 352 2280 419 2312; x_wconf 85' lang='grc' dir='ltr'>καὶ</span> <span class='ocrx_word' id='word_1_234' title='bbox 457 2278 604 2323; x_wconf 68' lang='grc' dir='ltr'><em>ἀγαθὰ</em></span> <span class='ocrx_word' id='word_1_235' title='bbox 637 2299 681 2303; x_wconf 83' lang='grc'>--</span> <span class='ocrx_word' id='word_1_236' title='bbox 713 2279 775 2312; x_wconf 79' lang='grc' dir='ltr'>λό-</span> 
     </span>
     <span class='ocr_line' id='line_1_37' title="bbox 139 2324 777 2368; baseline 0.002 -12"><span class='ocrx_word' id='word_1_237' title='bbox 139 2324 236 2367; x_wconf 73' lang='grc' dir='ltr'><em>γος]</em></span> <span class='ocrx_word' id='word_1_238' title='bbox 271 2325 339 2366; x_wconf 88' lang='lat' dir='ltr'>qui</span> <span class='ocrx_word' id='word_1_239' title='bbox 370 2325 512 2368; x_wconf 84' lang='lat' dir='ltr'>igitur</span> <span class='ocrx_word' id='word_1_240' title='bbox 544 2325 777 2357; x_wconf 86' lang='lat' dir='ltr'>civitatem</span> 
     </span>
     <span class='ocr_line' id='line_1_38' title="bbox 138 2369 777 2402; baseline 0.002 -1"><span class='ocrx_word' id='word_1_241' title='bbox 138 2370 297 2401; x_wconf 86' lang='lat' dir='ltr'>multis</span> <span class='ocrx_word' id='word_1_242' title='bbox 336 2369 578 2402; x_wconf 85' lang='lat' dir='ltr'>beneficiis</span> <span class='ocrx_word' id='word_1_243' title='bbox 619 2370 777 2402; x_wconf 85' lang='lat' dir='ltr'>affece-</span> 
     </span>
     <span class='ocr_line' id='line_1_39' title="bbox 138 2415 778 2458; baseline 0.002 -12"><span class='ocrx_word' id='word_1_244' title='bbox 138 2419 257 2455; x_wconf 89' lang='lat' dir='ltr'>runt,</span> <span class='ocrx_word' id='word_1_245' title='bbox 290 2415 322 2445; x_wconf 86' lang='lat' dir='ltr'>ii</span> <span class='ocrx_word' id='word_1_246' title='bbox 353 2415 403 2447; x_wconf 85' lang='lat' dir='ltr'>ab</span> <span class='ocrx_word' id='word_1_247' title='bbox 428 2426 475 2447; x_wconf 86' lang='lat' dir='ltr'>ea</span> <span class='ocrx_word' id='word_1_248' title='bbox 498 2419 702 2458; x_wconf 84' lang='lat' dir='ltr'>pereunt,</span> <span class='ocrx_word' id='word_1_249' title='bbox 732 2420 778 2447; x_wconf 91' lang='lat' dir='ltr'>ut</span> 
     </span>
     <span class='ocr_line' id='line_1_40' title="bbox 140 2458 777 2501; baseline 0.002 -11"><span class='ocrx_word' id='word_1_250' title='bbox 140 2461 219 2491; x_wconf 90' lang='lat' dir='ltr'>isti</span> <span class='ocrx_word' id='word_1_251' title='bbox 257 2459 480 2492; x_wconf 85' lang='lat' dir='ltr'>dictitant.</span> <span class='ocrx_word' id='word_1_252' title='bbox 526 2460 679 2493; x_wconf 87' lang='lat' dir='ltr'>Voculae</span> <span class='ocrx_word' id='word_1_253' title='bbox 709 2458 777 2501; x_wconf 78' lang='grc' dir='ltr'>ἄρα</span> 
     </span>
     <span class='ocr_line' id='line_1_41' title="bbox 140 2505 778 2548; baseline 0.002 -12"><span class='ocrx_word' id='word_1_254' title='bbox 140 2505 189 2536; x_wconf 89' lang='lat' dir='ltr'>sic</span> <span class='ocrx_word' id='word_1_255' title='bbox 220 2505 428 2546; x_wconf 83' lang='lat' dir='ltr'>postpositae</span> <span class='ocrx_word' id='word_1_256' title='bbox 451 2506 609 2548; x_wconf 81' lang='lat' dir='ltr'>exempla</span> <span class='ocrx_word' id='word_1_257' title='bbox 634 2505 778 2548; x_wconf 86' lang='lat' dir='ltr'>college-</span> 
     </span>
     <span class='ocr_line' id='line_1_42' title="bbox 139 2550 778 2583; baseline 0.003 -3"><span class='ocrx_word' id='word_1_258' title='bbox 139 2555 219 2581; x_wconf 83' lang='lat' dir='ltr'>runt</span> <span class='ocrx_word' id='word_1_259' title='bbox 248 2550 500 2582; x_wconf 87' lang='lat' dir='ltr'>Heindorf.</span> <span class='ocrx_word' id='word_1_260' title='bbox 536 2551 578 2583; x_wconf 86' lang='lat' dir='ltr'>ad</span> <span class='ocrx_word' id='word_1_261' title='bbox 613 2551 647 2582; x_wconf 93' lang='lat' dir='ltr'>h.</span> <span class='ocrx_word' id='word_1_262' title='bbox 678 2551 700 2582; x_wconf 92' lang='lat' dir='ltr'>l.</span> <span class='ocrx_word' id='word_1_263' title='bbox 735 2551 778 2582; x_wconf 83' lang='lat' dir='ltr'>ad</span> 
     </span>
     <span class='ocr_line' id='line_1_43' title="bbox 139 2594 777 2636; baseline 0.002 -10"><span class='ocrx_word' id='word_1_264' title='bbox 139 2595 314 2636; x_wconf 85' lang='lat' dir='ltr'>Protagor.</span> <span class='ocrx_word' id='word_1_265' title='bbox 339 2606 371 2636; x_wconf 91' lang='lat' dir='ltr'>p.</span> <span class='ocrx_word' id='word_1_266' title='bbox 395 2594 472 2628; x_wconf 79' lang='lat'>355.</span> <span class='ocrx_word' id='word_1_267' title='bbox 495 2597 534 2627; x_wconf 89' lang='lat' dir='ltr'>B.</span> <span class='ocrx_word' id='word_1_268' title='bbox 569 2601 602 2628; x_wconf 89' lang='lat' dir='ltr'>et</span> <span class='ocrx_word' id='word_1_269' title='bbox 633 2597 777 2628; x_wconf 83' lang='lat' dir='ltr'>Iacob.</span> 
     </span>
     <span class='ocr_line' id='line_1_44' title="bbox 139 2639 637 2681; baseline 0.002 -10"><span class='ocrx_word' id='word_1_270' title='bbox 139 2639 182 2671; x_wconf 84' lang='lat' dir='ltr'>ad</span> <span class='ocrx_word' id='word_1_271' title='bbox 207 2641 349 2671; x_wconf 84' lang='lat' dir='ltr'>Lucian.</span> <span class='ocrx_word' id='word_1_272' title='bbox 376 2642 502 2674; x_wconf 84' lang='lat' dir='ltr'>Toxar.</span> <span class='ocrx_word' id='word_1_273' title='bbox 527 2651 558 2681; x_wconf 90' lang='lat' dir='ltr'>p.</span> <span class='ocrx_word' id='word_1_274' title='bbox 583 2639 637 2673; x_wconf 84' lang='lat'>63.</span> 
     </span>
    </p>

    <p class='ocr_par' dir='ltr' id='par_1_8' title="bbox 140 2682 630 2773">
     <span class='ocr_line' id='line_1_45' title="bbox 184 2682 630 2723; baseline 0.004 -8"><span class='ocrx_word' id='word_1_275' title='bbox 184 2684 221 2715; x_wconf 89' lang='lat' dir='ltr'>C.</span> <span class='ocrx_word' id='word_1_276' title='bbox 287 2682 448 2716; x_wconf 80' lang='grc' dir='ltr'><em>ταύτὸν</em></span> <span class='ocrx_word' id='word_1_277' title='bbox 496 2682 630 2723; x_wconf 72' lang='grc' dir='ltr'><em>εἶναι,</em></span> 
     </span>
     <span class='ocr_line' id='line_1_46' title="bbox 140 2729 318 2773; baseline 0 -12"><span class='ocrx_word' id='word_1_278' title='bbox 140 2741 179 2761; x_wconf 84' lang='grc' dir='ltr'>τε</span> <span class='ocrx_word' id='word_1_279' title='bbox 212 2729 318 2773; x_wconf 80' lang='grc' dir='ltr'><em>πολ.]</em></span> 
     </span>
    </p>
   </div>
   <div class='ocr_carea' id='block_1_6' title="bbox 363 2685 778 2763">
    <p class='ocr_par' dir='ltr' id='par_1_9' title="bbox 363 2685 778 2763">
     <span class='ocr_line' id='line_1_47' title="bbox 679 2685 778 2716; baseline 0 0"><span class='ocrx_word' id='word_1_280' title='bbox 679 2685 778 2716; x_wconf 83' lang='grc' dir='ltr'><em>ὅσοι</em></span> 
     </span>
     <span class='ocr_line' id='line_1_48' title="bbox 363 2731 778 2763; baseline -0.002 0"><span class='ocrx_word' id='word_1_281' title='bbox 363 2731 468 2763; x_wconf 86' lang='lat' dir='ltr'>Nam</span> <span class='ocrx_word' id='word_1_282' title='bbox 505 2731 653 2763; x_wconf 86' lang='lat' dir='ltr'>eadem</span> <span class='ocrx_word' id='word_1_283' title='bbox 688 2731 778 2763; x_wconf 84' lang='lat' dir='ltr'>fere</span> 
     </span>
    </p>
   </div>
   <div class='ocr_carea' id='block_1_7' title="bbox 845 1738 1489 2537">
    <p class='ocr_par' dir='ltr' id='par_1_10' title="bbox 845 1738 1489 2458">
     <span class='ocr_line' id='line_1_49' title="bbox 847 1738 1486 1779; baseline -0.002 -10"><span class='ocrx_word' id='word_1_284' title='bbox 847 1738 962 1769; x_wconf 86' lang='lat' dir='ltr'>ratio</span> <span class='ocrx_word' id='word_1_285' title='bbox 1006 1741 1071 1769; x_wconf 86' lang='lat' dir='ltr'>est</span> <span class='ocrx_word' id='word_1_286' title='bbox 1111 1748 1277 1778; x_wconf 88' lang='lat' dir='ltr'>eorum,</span> <span class='ocrx_word' id='word_1_287' title='bbox 1326 1738 1399 1779; x_wconf 90' lang='lat' dir='ltr'>qui</span> <span class='ocrx_word' id='word_1_288' title='bbox 1441 1748 1486 1769; x_wconf 90' lang='lat' dir='ltr'>se</span> 
     </span>
     <span class='ocr_line' id='line_1_50' title="bbox 847 1783 1487 1825; baseline -0.002 -11"><span class='ocrx_word' id='word_1_289' title='bbox 847 1784 1124 1825; x_wconf 85' lang='lat' dir='ltr'>profitentur</span> <span class='ocrx_word' id='word_1_290' title='bbox 1170 1783 1383 1814; x_wconf 83' lang='lat' dir='ltr'>civitatis</span> <span class='ocrx_word' id='word_1_291' title='bbox 1430 1793 1487 1814; x_wconf 88' lang='lat' dir='ltr'>re-</span> 
     </span>
     <span class='ocr_line' id='line_1_51' title="bbox 847 1828 1486 1871; baseline -0.002 -11"><span class='ocrx_word' id='word_1_292' title='bbox 847 1828 1012 1871; x_wconf 81' lang='lat' dir='ltr'>gendae</span> <span class='ocrx_word' id='word_1_293' title='bbox 1043 1829 1232 1870; x_wconf 85' lang='lat' dir='ltr'>peritos,</span> <span class='ocrx_word' id='word_1_294' title='bbox 1264 1833 1305 1859; x_wconf 84' lang='lat' dir='ltr'>et</span> <span class='ocrx_word' id='word_1_295' title='bbox 1329 1837 1486 1867; x_wconf 87' lang='lat' dir='ltr'>eorum,</span> 
     </span>
     <span class='ocr_line' id='line_1_52' title="bbox 848 1873 1486 1915; baseline 0 -10"><span class='ocrx_word' id='word_1_296' title='bbox 848 1874 921 1915; x_wconf 87' lang='lat' dir='ltr'>qui</span> <span class='ocrx_word' id='word_1_297' title='bbox 958 1884 1002 1905; x_wconf 86' lang='lat' dir='ltr'>se</span> <span class='ocrx_word' id='word_1_298' title='bbox 1039 1873 1268 1915; x_wconf 82' lang='lat' dir='ltr'>sophistas</span> <span class='ocrx_word' id='word_1_299' title='bbox 1301 1884 1400 1905; x_wconf 89' lang='lat' dir='ltr'>esse</span> <span class='ocrx_word' id='word_1_300' title='bbox 1432 1873 1486 1904; x_wconf 88' lang='lat' dir='ltr'>di-</span> 
     </span>
     <span class='ocr_line' id='line_1_53' title="bbox 848 1916 1486 1957; baseline -0.002 -7"><span class='ocrx_word' id='word_1_301' title='bbox 848 1929 866 1951; x_wconf 93' lang='lat' dir='ltr'>c</span> <span class='ocrx_word' id='word_1_302' title='bbox 878 1930 901 1950; x_wconf 92' lang='lat' dir='ltr'>u</span> <span class='ocrx_word' id='word_1_303' title='bbox 911 1922 964 1950; x_wconf 92' lang='lat' dir='ltr'>nt.</span> <span class='ocrx_word' id='word_1_304' title='bbox 1012 1918 1128 1950; x_wconf 80' lang='lat' dir='ltr'>Verba</span> <span class='ocrx_word' id='word_1_305' title='bbox 1159 1916 1240 1950; x_wconf 79' lang='grc' dir='ltr'><em>κατὰ</em></span> <span class='ocrx_word' id='word_1_306' title='bbox 1272 1916 1307 1949; x_wconf 84' lang='grc' dir='ltr'><em>τὸ</em></span> <span class='ocrx_word' id='word_1_307' title='bbox 1344 1916 1486 1957; x_wconf 78' lang='grc' dir='ltr'><em>νοούμε-</em></span> 
     </span>
     <span class='ocr_line' id='line_1_54' title="bbox 849 1965 1486 2006; baseline 0.003 -12"><span class='ocrx_word' id='word_1_308' title='bbox 849 1976 886 1995; x_wconf 76' lang='grc' dir='ltr'><em>ιό</em></span> <span class='ocrx_word' id='word_1_309' title='bbox 893 1977 910 1994; x_wconf 70' lang='grc' dir='ltr'>ι’</span> <span class='ocrx_word' id='word_1_310' title='bbox 931 1968 1171 2006; x_wconf 82' lang='lat' dir='ltr'>coagmentata</span> <span class='ocrx_word' id='word_1_311' title='bbox 1191 1968 1281 1995; x_wconf 87' lang='lat' dir='ltr'>sunt.</span> <span class='ocrx_word' id='word_1_312' title='bbox 1307 1965 1378 1995; x_wconf 93' lang='lat' dir='ltr'>Aut</span> <span class='ocrx_word' id='word_1_313' title='bbox 1397 1965 1486 1996; x_wconf 88' lang='lat' dir='ltr'>enim</span> 
     </span>
     <span class='ocr_line' id='line_1_55' title="bbox 846 2007 1487 2041; baseline 0 -1"><span class='ocrx_word' id='word_1_314' title='bbox 846 2009 1025 2041; x_wconf 88' lang='lat' dir='ltr'>dicendum</span> <span class='ocrx_word' id='word_1_315' title='bbox 1055 2010 1137 2041; x_wconf 82' lang='lat' dir='ltr'>fuit:</span> <span class='ocrx_word' id='word_1_316' title='bbox 1179 2007 1379 2041; x_wconf 73' lang='grc' dir='ltr'><em>κινδυνεύει</em></span> <span class='ocrx_word' id='word_1_317' title='bbox 1409 2007 1487 2040; x_wconf 81' lang='grc' dir='ltr'><em>ταύ-</em></span> 
     </span>
     <span class='ocr_line' id='line_1_56' title="bbox 846 2049 1487 2092; baseline -0.003 -6"><span class='ocrx_word' id='word_1_318' title='bbox 846 2052 880 2086; x_wconf 84' lang='grc' dir='ltr'><em>τὸ</em></span> <span class='ocrx_word' id='word_1_319' title='bbox 888 2067 905 2085; x_wconf 77' lang='grc' dir='ltr'><em>ν</em></span> <span class='ocrx_word' id='word_1_320' title='bbox 947 2050 1039 2086; x_wconf 72' lang='grc' dir='ltr'><em>εἶναι</em></span> <span class='ocrx_word' id='word_1_321' title='bbox 1078 2052 1114 2087; x_wconf 81' lang='grc' dir='ltr'><em>τὸ</em></span> <span class='ocrx_word' id='word_1_322' title='bbox 1154 2052 1345 2087; x_wconf 71' lang='grc' dir='ltr'><em>πολιτικοὺς</em></span> <span class='ocrx_word' id='word_1_323' title='bbox 1385 2049 1487 2092; x_wconf 66' lang='grc' dir='ltr'><em>εἶναι,</em></span> 
     </span>
     <span class='ocr_line' id='line_1_57' title="bbox 846 2097 1488 2140; baseline 0 -10"><span class='ocrx_word' id='word_1_324' title='bbox 846 2104 919 2131; x_wconf 81' lang='lat' dir='ltr'>aut:</span> <span class='ocrx_word' id='word_1_325' title='bbox 945 2099 1192 2131; x_wconf 66' lang='grc' dir='ltr'><em>κινδυνεύουσι</em></span> <span class='ocrx_word' id='word_1_326' title='bbox 1207 2097 1331 2131; x_wconf 77' lang='grc' dir='ltr'><em>ταύτὸν</em></span> <span class='ocrx_word' id='word_1_327' title='bbox 1346 2098 1488 2140; x_wconf 76' lang='grc' dir='ltr'><em>πάσχειν</em></span> 
     </span>
     <span class='ocr_line' id='line_1_58' title="bbox 845 2143 1488 2186; baseline -0.002 -10"><span class='ocrx_word' id='word_1_328' title='bbox 845 2143 920 2176; x_wconf 81' lang='grc' dir='ltr'><em>ὅσοι</em></span> <span class='ocrx_word' id='word_1_329' title='bbox 946 2156 978 2176; x_wconf 84' lang='grc' dir='ltr'>τε</span> <span class='ocrx_word' id='word_1_330' title='bbox 1004 2157 1035 2176; x_wconf 87' lang='grc' dir='ltr'><em>π.</em></span> <span class='ocrx_word' id='word_1_331' title='bbox 1065 2157 1093 2176; x_wconf 85' lang='grc' dir='ltr'>κ.</span> <span class='ocrx_word' id='word_1_332' title='bbox 1121 2157 1143 2175; x_wconf 87' lang='grc' dir='ltr'><em>τ.</em></span> <span class='ocrx_word' id='word_1_333' title='bbox 1170 2146 1195 2175; x_wconf 80' lang='grc' dir='ltr'>λ.</span> <span class='ocrx_word' id='word_1_334' title='bbox 1245 2144 1312 2176; x_wconf 79' lang='lat' dir='ltr'>Sed</span> <span class='ocrx_word' id='word_1_335' title='bbox 1342 2149 1488 2186; x_wconf 87' lang='lat' dir='ltr'>utraque</span> 
     </span>
     <span class='ocr_line' id='line_1_59' title="bbox 845 2189 1487 2231; baseline -0.002 -10"><span class='ocrx_word' id='word_1_336' title='bbox 845 2191 1055 2222; x_wconf 87' lang='lat' dir='ltr'>constructio</span> <span class='ocrx_word' id='word_1_337' title='bbox 1082 2193 1273 2231; x_wconf 83' lang='lat' dir='ltr'>permutata</span> <span class='ocrx_word' id='word_1_338' title='bbox 1297 2194 1347 2229; x_wconf 85' lang='lat' dir='ltr'>et,</span> <span class='ocrx_word' id='word_1_339' title='bbox 1379 2194 1417 2220; x_wconf 91' lang='lat' dir='ltr'>ut</span> <span class='ocrx_word' id='word_1_340' title='bbox 1439 2189 1487 2229; x_wconf 82' lang='lat' dir='ltr'>fit,</span> 
     </span>
     <span class='ocr_line' id='line_1_60' title="bbox 845 2235 1489 2276; baseline 0 -10"><span class='ocrx_word' id='word_1_341' title='bbox 845 2236 881 2266; x_wconf 92' lang='lat' dir='ltr'>in</span> <span class='ocrx_word' id='word_1_342' title='bbox 905 2246 1012 2266; x_wconf 90' lang='lat' dir='ltr'>unum</span> <span class='ocrx_word' id='word_1_343' title='bbox 1036 2236 1181 2267; x_wconf 79' lang='lat' dir='ltr'>confusa</span> <span class='ocrx_word' id='word_1_344' title='bbox 1203 2241 1263 2266; x_wconf 86' lang='lat' dir='ltr'>est.</span> <span class='ocrx_word' id='word_1_345' title='bbox 1301 2235 1407 2266; x_wconf 90' lang='lat' dir='ltr'>Cuius</span> <span class='ocrx_word' id='word_1_346' title='bbox 1431 2245 1489 2276; x_wconf 85' lang='lat' dir='ltr'>ge—</span> 
     </span>
     <span class='ocr_line' id='line_1_61' title="bbox 846 2280 1486 2322; baseline 0 -12"><span class='ocrx_word' id='word_1_347' title='bbox 846 2280 938 2312; x_wconf 81' lang='lat' dir='ltr'>neris</span> <span class='ocrx_word' id='word_1_348' title='bbox 954 2280 1112 2322; x_wconf 80' lang='lat' dir='ltr'>exempla</span> <span class='ocrx_word' id='word_1_349' title='bbox 1134 2280 1232 2312; x_wconf 84' lang='lat' dir='ltr'>affert</span> <span class='ocrx_word' id='word_1_350' title='bbox 1255 2281 1290 2311; x_wconf 95' lang='lat' dir='ltr'><strong>M</strong></span> <span class='ocrx_word' id='word_1_351' title='bbox 1302 2290 1322 2311; x_wconf 87' lang='lat' dir='ltr'>a</span> <span class='ocrx_word' id='word_1_352' title='bbox 1333 2284 1347 2310; x_wconf 92' lang='lat' dir='ltr'>t</span> <span class='ocrx_word' id='word_1_353' title='bbox 1356 2284 1369 2311; x_wconf 93' lang='lat' dir='ltr'>t</span> <span class='ocrx_word' id='word_1_354' title='bbox 1378 2280 1449 2311; x_wconf 84' lang='lat' dir='ltr'>hia</span> <span class='ocrx_word' id='word_1_355' title='bbox 1458 2290 1486 2311; x_wconf 90' lang='lat' dir='ltr'>e.</span> 
     </span>
     <span class='ocr_line' id='line_1_62' title="bbox 847 2324 1487 2366; baseline 0.002 -10"><span class='ocrx_word' id='word_1_356' title='bbox 847 2326 904 2356; x_wconf 88' lang='lat' dir='ltr'>Gr.</span> <span class='ocrx_word' id='word_1_357' title='bbox 941 2325 1043 2366; x_wconf 85' lang='lat' dir='ltr'>ampl.</span> <span class='ocrx_word' id='word_1_358' title='bbox 1077 2326 1105 2364; x_wconf 65' lang='grc' dir='ltr'>ξ</span> <span class='ocrx_word' id='word_1_359' title='bbox 1141 2324 1217 2359; x_wconf 75' lang='grc'><strong>632.</strong></span> <span class='ocrx_word' id='word_1_360' title='bbox 1283 2325 1360 2357; x_wconf 87' lang='lat' dir='ltr'>Nisi</span> <span class='ocrx_word' id='word_1_361' title='bbox 1401 2326 1487 2357; x_wconf 84' lang='lat' dir='ltr'>forte</span> 
     </span>
     <span class='ocr_line' id='line_1_63' title="bbox 847 2369 1488 2411; baseline 0.002 -11"><span class='ocrx_word' id='word_1_362' title='bbox 847 2370 1038 2411; x_wconf 87' lang='lat' dir='ltr'>simplicius</span> <span class='ocrx_word' id='word_1_363' title='bbox 1076 2374 1127 2402; x_wconf 88' lang='lat' dir='ltr'>est</span> <span class='ocrx_word' id='word_1_364' title='bbox 1163 2374 1241 2402; x_wconf 85' lang='lat' dir='ltr'>ante</span> <span class='ocrx_word' id='word_1_365' title='bbox 1278 2369 1351 2402; x_wconf 82' lang='grc' dir='ltr'><em>ὅσοι</em></span> <span class='ocrx_word' id='word_1_366' title='bbox 1389 2369 1488 2402; x_wconf 84' lang='lat' dir='ltr'>intel—</span> 
     </span>
     <span class='ocr_line' id='line_1_64' title="bbox 846 2415 1117 2467; baseline 0.008 -21"><span class='ocrx_word' id='word_1_367' title='bbox 846 2415 952 2467; x_wconf 87' lang='lat' dir='ltr'>ligere</span> <span class='ocrx_word' id='word_1_368' title='bbox 979 2413 1117 2448; x_wconf 74' lang='grc' dir='ltr'><em>τούτοις.</em></span> 
     </span>
    </p>

    <p class='ocr_par' dir='ltr' id='par_1_11' title="bbox 847 2457 1488 2537">
     <span class='ocr_line' id='line_1_65' title="bbox 892 2457 1488 2502; baseline 0 -11"><span class='ocrx_word' id='word_1_369' title='bbox 892 2458 1068 2500; x_wconf 74' lang='grc' dir='ltr'><em>φάσκοτ</em></span> <span class='ocrx_word' id='word_1_370' title='bbox 1077 2472 1144 2493; x_wconf 80' lang='grc' dir='ltr'>τες</span> <span class='ocrx_word' id='word_1_371' title='bbox 1164 2457 1242 2502; x_wconf 82' lang='grc' dir='ltr'>γὰρ</span> <span class='ocrx_word' id='word_1_372' title='bbox 1261 2459 1317 2501; x_wconf 92' lang='lat'>—]</span> <span class='ocrx_word' id='word_1_373' title='bbox 1345 2460 1397 2491; x_wconf 87' lang='lat' dir='ltr'>De</span> <span class='ocrx_word' id='word_1_374' title='bbox 1413 2470 1488 2491; x_wconf 88' lang='lat' dir='ltr'>sen—</span> 
     </span>
     <span class='ocr_line' id='line_1_66' title="bbox 847 2505 1488 2537; baseline -0.002 -1"><span class='ocrx_word' id='word_1_375' title='bbox 847 2505 955 2536; x_wconf 84' lang='lat' dir='ltr'>tentia</span> <span class='ocrx_word' id='word_1_376' title='bbox 978 2505 1154 2537; x_wconf 87' lang='lat' dir='ltr'>commode</span> <span class='ocrx_word' id='word_1_377' title='bbox 1179 2505 1336 2537; x_wconf 84' lang='lat' dir='ltr'>laudavit</span> <span class='ocrx_word' id='word_1_378' title='bbox 1360 2505 1439 2536; x_wconf 91' lang='lat' dir='ltr'>He&#39;</span> <span class='ocrx_word' id='word_1_379' title='bbox 1431 2515 1488 2536; x_wconf 86' lang='lat'>111-</span> 
     </span>
    </p>
   </div>
   <div class='ocr_carea' id='block_1_8' title="bbox 846 2548 1489 2772">
    <p class='ocr_par' dir='ltr' id='par_1_12' title="bbox 846 2548 1489 2772">
     <span class='ocr_line' id='line_1_67' title="bbox 847 2548 1487 2593; baseline 0 -12"><span class='ocrx_word' id='word_1_380' title='bbox 847 2550 954 2582; x_wconf 87' lang='lat' dir='ltr'>dorf.</span> <span class='ocrx_word' id='word_1_381' title='bbox 986 2550 1177 2593; x_wconf 89' lang='lat' dir='ltr'>Xenoph.</span> <span class='ocrx_word' id='word_1_382' title='bbox 1209 2551 1311 2582; x_wconf 86' lang='lat' dir='ltr'>Mem.</span> <span class='ocrx_word' id='word_1_383' title='bbox 1338 2550 1369 2589; x_wconf 92' lang='lat' dir='ltr'>I,</span> <span class='ocrx_word' id='word_1_384' title='bbox 1394 2548 1431 2590; x_wconf 80' lang='lat'>2,</span> <span class='ocrx_word' id='word_1_385' title='bbox 1457 2549 1487 2581; x_wconf 81' lang='grc'>7.</span> 
     </span>
     <span class='ocr_line' id='line_1_68' title="bbox 847 2593 1487 2637; baseline 0.002 -12"><span class='ocrx_word' id='word_1_386' title='bbox 847 2596 983 2626; x_wconf 87' lang='lat' dir='ltr'>Isocr.</span> <span class='ocrx_word' id='word_1_387' title='bbox 1013 2596 1129 2627; x_wconf 87' lang='lat' dir='ltr'>Contr.</span> <span class='ocrx_word' id='word_1_388' title='bbox 1155 2595 1304 2637; x_wconf 83' lang='lat' dir='ltr'>Sophist.</span> <span class='ocrx_word' id='word_1_389' title='bbox 1337 2595 1367 2633; x_wconf 65' lang='grc' dir='ltr'>ἓ.</span> <span class='ocrx_word' id='word_1_390' title='bbox 1396 2593 1429 2627; x_wconf 80' lang='lat'>5.</span> <span class='ocrx_word' id='word_1_391' title='bbox 1456 2594 1487 2627; x_wconf 88' lang='lat'>6.</span> 
     </span>
     <span class='ocr_line' id='line_1_69' title="bbox 846 2639 1488 2682; baseline -0.003 -10"><span class='ocrx_word' id='word_1_392' title='bbox 846 2641 1051 2682; x_wconf 83' lang='lat' dir='ltr'>Exemplum</span> <span class='ocrx_word' id='word_1_393' title='bbox 1071 2642 1120 2673; x_wconf 90' lang='lat' dir='ltr'>rei</span> <span class='ocrx_word' id='word_1_394' title='bbox 1137 2641 1289 2672; x_wconf 84' lang='lat' dir='ltr'>narravit</span> <span class='ocrx_word' id='word_1_395' title='bbox 1314 2639 1488 2671; x_wconf 82' lang='lat' dir='ltr'>Gellius</span> 
     </span>
     <span class='ocr_line' id='line_1_70' title="bbox 847 2682 1488 2724; baseline 0.002 -8"><span class='ocrx_word' id='word_1_396' title='bbox 847 2686 889 2717; x_wconf 89' lang='lat' dir='ltr'>N.</span> <span class='ocrx_word' id='word_1_397' title='bbox 913 2686 954 2716; x_wconf 90' lang='lat' dir='ltr'>A.</span> <span class='ocrx_word' id='word_1_398' title='bbox 979 2686 1019 2724; x_wconf 85' lang='lat' dir='ltr'>V,</span> <span class='ocrx_word' id='word_1_399' title='bbox 1046 2685 1098 2719; x_wconf 89' lang='lat'>10.</span> <span class='ocrx_word' id='word_1_400' title='bbox 1145 2687 1338 2717; x_wconf 89' lang='lat' dir='ltr'>Pronomen</span> <span class='ocrx_word' id='word_1_401' title='bbox 1362 2682 1488 2717; x_wconf 62' lang='grc' dir='ltr'><em>αὐτοὺς</em></span> 
     </span>
     <span class='ocr_line' id='line_1_71' title="bbox 846 2728 1489 2772; baseline -0.002 -10"><span class='ocrx_word' id='word_1_402' title='bbox 846 2735 924 2772; x_wconf 89' lang='lat' dir='ltr'>post</span> <span class='ocrx_word' id='word_1_403' title='bbox 940 2728 986 2765; x_wconf 74' lang='grc' dir='ltr'>ὥς</span> <span class='ocrx_word' id='word_1_404' title='bbox 1009 2729 1164 2763; x_wconf 80' lang='grc' dir='ltr'><em>ἀδικοῦσι</em></span> <span class='ocrx_word' id='word_1_405' title='bbox 1189 2734 1281 2772; x_wconf 75' lang='grc' dir='ltr'><em>σφᾶς</em></span> <span class='ocrx_word' id='word_1_406' title='bbox 1306 2730 1489 2762; x_wconf 85' lang='lat' dir='ltr'>Bekker.</span> 
     </span>
    </p>
   </div>
  </div>
 </body>
</html>
