1687 2969
231 136 647 180 PHAEDRUS.
683 137 733 179 P.
777 137 857 179 278
890 143 929 176 et
966 138 1045 177 272>
1078 135 1141 179 St.
1306 140 1382 180 221

134 253 239 296 ΣΩ.
315 257 422 297 Τίνα
463 256 649 307 fosnor),-

134 323 265 365 ‹DAL
329 321 560 377 Ἰσοκράτη
596 319 675 364 τὸν
711 320 860 366 καλόν.
898 316 931 375 ᾧ
969 326 1009 363 τιῖ
1046 320 1318 375 ἀπαγγελεῖς,
1355 314 1386 362 ὦ

43 388 292 444 Ῡώκρατεςς
330 387 408 431 τίν’
449 386 588 432 αὐτὸν
624 388 824 448 ᾳήσομεν
856 388 994 439 sium,-

130 455 235 499 ΣΩ.
306 458 420 506 Nelos·
451 458 533 506 ἔτι,
571 449 601 497 ὦ
646 458 827 511 Φαῖδρε,
858 453 1136 510 Ἰσοκροὶτης’
1174 453 1196 497 ὃ
1236 459 1385 511 μέντοι,

26 522 306 578 μαντεύομαι
341 521 430 566 κατ’
473 521 615 566 αὐτοῦ
649 525 783 578 λέγειν
818 525 973 567 ἐθέλω.

135 593 266 634 ΨΑΙ.
320 588 403 651 ηΤὸ
442 598 572 634 ποῖον
608 590 690 642 525,-

130 658 235 701 ΣΩ,
298 661 424 700 Δοκεῖ
468 675 546 712 μοι
586 656 776 712 ἀμείνων
811 654 837 709 ἢ
875 654 988 698 κατὰ
1028 653 1133 705 τοὺς
1173 657 1268 711 περὶ
1294 658 1388 697 Λυ-

25 730 124 769 σίαν
161 723 272 769 εἶναι
306 725 463 776 λόγους
499 722 553 766 τὰ
591 727 668 776 τῆς
707 724 891 782 φύσεως,
927 726 989 766 ἔτι
1025 740 1070 766 τε
1107 720 1215 775 ἤθει
1250 739 1390 774 γεννι-

25 797 195 851 κωτὲρῳ
231 795 504 847 κεκρᾶσθαι·
545 789 650 843 ὧςτε
673 793 802 835 οὐδὲν
826 788 883 834 ἂν
905 797 1076 845 γένοιτο
1107 786 1389 845 θαυμαστόν,

26 859 272 916 προϊούσης
316 861 393 911 τῆς
454 857 619 911 ἡλικίας
669 865 701 903 εὶ
748 862 845 915 περὶ
895 857 1062 908 αὐτούς
1096 874 1140 899 τε
1180 854 1284 907 τοὺς
1316 855 1390 899 λό-

118 1062 160 1092 Τί
185 1061 226 1094 δὲ
252 1060 319 1100 σός
347 1072 383 1095 π.
413 1060 467 1102 m]
498 1060 535 1091 σι)
566 1061 599 1092 δὲ
629 1059 896 1091 1t111)N01³T.
926 1058 1019 1090 xind.
1053 1058 1083 1090 2.
1115 1058 1145 1090 Τ.
1172 1057 1201 1088 iu
1232 1055 1329 1089 vind.
1356 1069 1387 1085 u.

25 1113 78 1140 est
103 1106 141 1139 σι)
170 1106 204 1138 δὲ
229 1108 265 1138 τί
288 1106 459 1148 ποιήσεις-ς

113 1151 342 1195 Ἰσοκράτη
368 1152 445 1184 τὸν
470 1150 618 1194 καλόν]
649 1151 686 1185 V.
707 1149 916 1194 Ἰσοκράτην,
946 1152 1097 1183 Alteram
1115 1148 1258 1180 formam
1286 1158 1387 1189 prue-

27 1201 172 1232 buerunt
201 1198 297 1232 Bodl.
329 1198 579 1230 FAHDGOP.
612 1197 705 1231 vind.
736 1198 763 1230 l.

25 1246 166 1333 aliisqlrie
183 1244 307 1323 {riguis
334 1290 562 1324 emendatum.

25 1474 74 1505 vis
99 1471 326 1515 oppositionis
360 1471 450 1504 facta
480 1471 590 1512 aliqua
620 1480 674 1503 re-

25 1518 197 1551 citationis
238 1517 475 1550 interstitione.
541 1516 672 1549 Deinde

24 1563 102 1596 οὐδὲ
135 1562 202 1606 γὰρ
236 1563 318 1596 οὐδὲ
350 1563 396 1595 ita
421 1562 671 1604 accipiendum,

24 1614 63 1642 ut
79 1610 172 1652 prius
187 1608 230 1641 ad
251 1610 444 1641 universam
465 1609 668 1640 sententiam

24 1657 95 1689 sive
120 1655 162 1687 ad
177 1655 332 1694 verbum,
357 1655 529 1696 posterius
550 1653 592 1686 ad
608 1653 670 1685 τὸν

23 1701 84 1734 σὸν
109 1701 245 1744 ἑταῖρον
269 1701 450 1733 referatur.
471 1710 501 1734 v.
518 1699 559 1732 ad
580 1700 668 1732 Pro-

26 1752 135 1789 tagor.
162 1758 195 1789 p.
220 1745 298 1780 331.
328 1746 366 1780 E.

62 1836 296 1880 Ἰσοκράτη
314 1826 561 1880 forteal-¹62¹]
595 1838 667 1870 Iso-

25 1888 155 1917 cratem
185 1884 291 1917 fuisse
317 1883 520 1916 familiarem
551 1894 592 1916 ac
618 1884 670 1916 di-

19 1931 185 1973 scipulum
219 1930 374 1963 Socratis
415 1933 552 1972 praeter
583 1930 670 1963 alios

19 1981 165 2008 testatur
192 1979 388 2020 Anonymus
421 1976 453 2008 in
482 1975 559 2007 Vita
596 1976 669 2008 lso-

20 2027 104 2054 crat.
145 2021 289 2054 editioni
331 2022 423 2055 Guil.
459 2020 667 2057 Dindorfi

20 2068 208 2110 praemissa
235 2078 269 2110 p.
300 2067 385 2100 VlIl.
413 2067 486 2100 Nec
509 2066 668 2108 profecto

20 2114 135 2155 negari
182 2117 300 2155 potest
335 2113 421 2145 Qum
470 2113 669 2146 Socraticae

20 2159 219 2202 disciplinae
264 2159 470 2192 documenta
514 2159 545 2190 in
586 2160 669 2191 scri-

21 2204 87 2246 ptis
131 2205 199 2237 suis
241 2206 325 2238 satis
368 2204 548 2238 manifesta
590 2205 663 2237 reli-

20 2250 147 2291 quisse.
197 2251 368 2285 Quocirca
386 2251 492 2284 Plato
510 2251 667 2282 iuvenem

20 2299 216 2336 oratorem,
242 2297 285 2329 de
309 2307 378 2339 quo
406 2297 538 2339 optima
563 2306 668 2337 quae-

21 2351 86 2383 que
127 2345 272 2383 propter
309 2341 545 2385 philosophiae
596 2348 669 2374 stu-

21 2387 112 2418 dium
140 2393 309 2429 speraret,
336 2399 401 2420 non
420 2388 589 2420 dubitavit
606 2398 669 2430 op-

23 2443 150 2473 ponere
186 2432 328 2473 Lysiae,
372 2435 426 2475 qui
472 2433 564 2474 quod
610 2434 668 2465 ille

22 2478 146 2510 habere
191 2478 369 2511 videbatur
413 2480 443 2511 in
486 2489 523 2511 se
556 2480 669 2521 utique

21 2523 210 2557 desiderari
251 2534 374 2566 passus
408 2529 472 2557 est.
523 2525 592 2557 Sed
626 2525 669 2557 de

21 2568 69 2601 his
96 2570 180 2601 satis
216 2570 374 2602 videmur
400 2571 602 2613 exposuisse
634 2572 665 2602 in

22 2615 303 2657 Prolegomenis,
347 2626 433 2657 quae
469 2618 661 2655 consulant,

22 2661 48 2692 si
73 2662 129 2702 qui
155 2661 198 2693 de
223 2661 261 2693 iis
288 2662 421 2703 plenius
441 2661 577 2694 edoceri
604 2673 663 2694 cu-

23 2706 125 2747 piant.
166 2707 328 2740 Ceterum
359 2711 471 2740 totum
497 2706 584 2740 hunc
612 2709 662 2740 lo-

311 1245 379 1277 ἴτι
407 1256 450 1276 τε
478 1244 586 1285 ἤθει
610 1241 924 1286 γεννικωτέρῳ]
976 1241 1013 1273 V.
1043 1240 1089 1280 ὸέ,
1115 1240 1206 1281 quod
1242 1250 1260 1271 e
1286 1237 1386 1270 Bodl.

743 1481 818 1502 cum
841 1470 999 1503 Latinum
1027 1468 1105 1499 fecit
1124 1467 1282 1499 Cicero
1300 1464 1390 1497 Ora-

743 1521 810 1548 tor.
835 1527 863 1550 c.
893 1515 945 1549 13.

792 1563 829 1593 Ρ.
870 1562 948 1596 279.
985 1559 1172 1602 ἀμείνων
1216 1556 1235 1598 ἢ
1280 1555 1386 1589 κατὰ

742 1607 845 1642 τούς
870 1606 975 1648 περὶ
999 1606 1066 1648 A.]
1120 1605 1276 1636 Cicero
1312 1604 1332 1635 Ι.
1358 1613 1387 1634 c.

741 1653 909 1686 Maiore
937 1652 1035 1684 milii
1065 1650 1244 1692 ingenio
1268 1648 1388 1680 vide-

741 1704 815 1731 tur
857 1710 982 1736 esse,
1031 1707 1154 1738 quam
1205 1700 1248 1726 ut
1294 1704 1385 1726 cum

742 1745 897 1786 Lysiae
941 1743 1233 1776 orationihus
1274 1750 1388 1772 com—

742 1795 941 1833 paretur.
998 1790 1048 1821 De
1081 1788 1164 1819 κατὰ
1204 1788 1253 1819 ita
1285 1796 1388 1818 usur-

741 1842 826 1879 pato
864 1847 897 1869 v.
925 1834 1140 1869 Matthiae
1167 1833 1226 1865 Gr.
1263 1843 1293 1873 p.
1321 1831 1388 1866 843

742 1893 791 1924 sq.
817 1883 892 1915 Non
921 1882 1030 1916 miuus
1055 1884 1173 1912 notum
1203 1877 1287 1913 τοὺς
1311 1877 1389 1921 περὶ

739 1929 875 1961 Λυσίαν
913 1927 1038 1970 λόγους
1071 1936 1133 1967 per
1178 1923 1388 1967 periphrasin

742 1975 821 2016 poni
864 1985 925 2017 pro
966 1973 1130 2015 Lysiae
1169 1970 1388 2003 orationi-

741 2021 831 2054 bus.
883 2019 988 2054 Quod
1021 2028 1103 2050 vero
1132 2017 1304 2050 isocrates
1341 2015 1392 2047 di-

740 2067 827 2098 citur
854 2077 920 2098 non
948 2076 1025 2098 esse
1050 2074 1127 2095 cum
1154 2063 1280 2104 Lysiae
1309 2061 1392 2093 scri—

741 2113 915 2154 ptionibus
964 2109 1236 2152 comparandus,
1288 2117 1392 2148 quum

741 2159 878 2200 proprie
922 2157 984 2189 dici
1019 2158 1215 2196 oporteret,
1258 2157 1392 2185 tantum

740 2215 818 2236 esse
849 2204 879 2235 in
922 2204 1077 2234 Isocrate
1118 2199 1314 2241 ingenium,
1357 2202 1394 2230 ut

742 2250 814 2282 eius
841 2249 1071 2281 orationes
1097 2246 1294 2286 neutiquam
1316 2254 1393 2276 cum

742 2295 870 2339 Lysiae
923 2293 1138 2325 orationibus
1184 2300 1393 2332 componere

741 2341 857 2380 liceat,
883 2340 1042 2372 miramur
1075 2348 1155 2370 sane
1181 2335 1393 2378 Stephanum

742 2387 774 2418 in
802 2386 865 2418 hoc
890 2395 1019 2428 genere
1049 2382 1206 2425 loquendi
1226 2381 1392 2421 haesisse,

741 2431 834 2473 quod
860 2436 894 2463 et
910 2429 1037 2462 Graeci
1064 2434 1097 2462 et
1118 2428 1229 2461 Latini
1248 2437 1392 2468 magno-

742 2488 825 2520 pere
850 2477 1124 2518 frequentarunt.
1151 2474 1211 2507 cfr.
1234 2474 1279 2506 ad
1303 2473 1393 2505 Pro-

741 2529 855 2565 tagor.
897 2534 928 2565 p.
961 2521 1038 2556 358.
1073 2522 1114 2555 D.
1153 2520 1317 2562 SympoS.
1354 2530 1388 2561 p.

735 2569 813 2603 218.
850 2568 889 2601 E.
928 2567 971 2601 de
995 2568 1085 2610 Rep.
1120 2566 1209 2599 Vm.
1245 2577 1278 2608 p.
1310 2563 1388 2598 554.

734 2616 774 2649 D.
801 2615 852 2647 De
879 2614 1012 2646 Latinis
1043 2617 1181 2656 praeter
1216 2612 1303 2644 alios
1337 2610 1390 2642 di-

733 2661 886 2703 sputavit
912 2659 1178 2700 Heusinger.
1207 2656 1249 2689 ad
1277 2657 1388 2688 Cicer.

734 2706 832 2739 Offic.
855 2705 877 2737 1.
908 2703 964 2746 22,
983 2707 1028 2746 7.,
1058 2704 1114 2747 qui
1138 2713 1215 2736 cum
1232 2703 1390 2735 hocloco

1420 527 1445 557 ⁵)
1451 527 1470 564 T
1476 528 1500 564 §.l
