1687 2969
575 164 615 170 —
685 144 781 182 cxxi
857 167 895 170 --

61 259 306 311 seniore,
347 273 457 313 quae
505 255 709 300 Socrates
742 256 795 299 de
827 258 923 314 ipso
954 266 1002 299 ut
1032 257 1305 300 adolescente
1335 274 1410 299 va-

59 316 280 358 ticinatur.

171 371 576 414 Demonstravimus
617 371 750 428 igitur
788 370 997 414 hactenus
1029 371 1297 428 argumentis
1343 386 1411 411 sa-

57 428 128 481 tis,
161 428 328 483 opinor,
361 428 678 485 probabilibus,
709 426 900 470 Phaedri
930 427 1119 484 origines
1151 427 1206 469 ad
1238 426 1413 484 Olymp.

57 485 278 528 XCVIII.
308 485 364 527 in.
398 484 646 527 referendas
678 499 784 527 esse.
818 484 1026 540 Sequitur
1046 500 1175 538 nunc,
1207 494 1256 526 ut
1286 485 1417 526 etiam

58 542 112 585 de
152 542 205 584 iis
251 541 544 597 quaerendum
574 542 643 596 sit,
677 557 788 596 quae
821 541 922 583 huic
953 541 1111 582 rationi
1142 542 1316 583 officere
1348 542 1414 583 iu-

59 599 203 641 dicata
241 607 363 652 sunt,
407 598 602 653 adeoque
645 598 897 652 effecerunt,
928 605 977 639 ut
1006 598 1178 654 plurimi
1209 598 1346 640 critici
1375 604 1418 640 et

58 657 315 712 interpretes
357 656 464 697 illasv
492 657 636 711 potius
679 654 735 697 ad
774 655 970 698 Platonis
1007 655 1343 697 adolescentiam
1377 661 1419 696 et

56 713 324 755 iuventutem
369 711 542 756 detrudi
593 719 792 769 oportere
851 712 1048 754 arbitrati
1098 712 1196 754 sint.
1292 711 1418 765 Quae

59 769 249 824 quidem,
280 769 355 812 ubi
396 769 720 812 discesserimus
754 786 778 810 a
809 769 1088 826 Diogenis
1120 769 1337 813 Laertii
1369 775 1420 810 et

59 826 460 884 Olympiodori
485 827 759 880 testimoniis,
790 825 974 883 duplicis
993 827 1265 882 potissimum
1286 841 1417 883 gene-

57 884 117 926 ris
147 890 260 928 sunt.
321 883 436 925 Nam
467 884 651 940 primum
682 882 857 938 quidem
876 884 956 925 viri
981 884 1100 925 docti
1130 889 1412 940 putaverunt,

59 940 222 997 Lysiae
261 940 393 981 vitam
431 956 481 983 ac
522 941 739 982 fortunam
767 940 828 981 illi
856 941 1094 983 sententiae
1127 941 1309 982 multum
1340 939 1416 981 ad-

58 997 243 1049 versari3
286 996 442 1040 deinde
481 998 610 1039 etiam
651 997 868 1039 scribendi
908 1014 956 1040 ac
989 997 1242 1053 disputandi
1280 1012 1416 1054 genus

58 1054 104 1096 in
135 1054 219 1096 hoc
257 1054 367 1096 libro
399 1061 654 1111 usurpatum
695 1054 780 1095 tale
833 1070 927 1097 esse
975 1054 1245 1109 iudicarunt,
1300 1053 1418 1108 quod

60 1111 338 1168 scriptionem
387 1111 486 1153 libri
538 1111 724 1152 iuvenile
770 1111 976 1166 quiddam
1035 1111 1195 1153 habere
1247 1118 1417 1168 arguat,

58 1168 173 1210 unde
202 1168 342 1224 possit
372 1167 425 1209 de
458 1174 599 1209 aetate
629 1168 853 1223 scriptoris
894 1169 1142 1211 coniectura
1174 1169 1270 1224 capi
1300 1168 1419 1210 haud

58 1224 190 1266 fallax
201 1233 243 1266 et
254 1224 468 1281 ambigua.
489 1224 644 1279 Itaque
660 1226 844 1281 primum
859 1225 1032 1281 quidem
1054 1225 1108 1267 de
1125 1226 1262 1282 Lysia
1274 1225 1420 1267 adhuc

58 1296 199 1337 pauca
222 1281 554 1337 disputabimus,
582 1281 738 1323 deinde
759 1288 901 1324 autem
926 1282 978 1323 de
995 1298 1152 1339 genere
1174 1282 1344 1324 dicendi
1369 1298 1419 1324 ac

59 1337 302 1381 disserendi
341 1338 384 1380 in
426 1337 627 1380 Phaedro
675 1345 886 1395 regnante
916 1339 1106 1382 breviter
1136 1355 1415 1396 exponemus,

59 1412 144 1451 quo
170 1396 333 1438 clarum
352 1401 395 1437 et
413 1395 690 1452 perspicuum
711 1396 803 1449 fiat,
834 1412 919 1452 quo
945 1397 1036 1438 iure
1059 1397 1140 1438 viri
1171 1397 1289 1438 docti
1318 1396 1420 1438 inde

57 1452 329 1509 collegerint,
371 1452 471 1495 libri
508 1452 746 1509 primordia
791 1454 836 1495 in
867 1453 1135 1496 iuventutem
1166 1453 1420 1510 philosophi

58 1509 324 1552 conferenda
356 1525 465 1553 esse.

170 1566 232 1608 Et
271 1566 325 1608 de
363 1566 502 1623 Lysia
540 1566 715 1621 quidem
755 1566 793 1609 si
823 1567 1068 1622 quaerimus
1101 1567 1206 1622 quid
1237 1567 1290 1610 ab
1332 1567 1417 1610 illis

57 1622 139 1665 hac
177 1623 222 1665 in
262 1638 418 1666 caussa
449 1623 799 1665 animadversum
839 1624 920 1677 sit,
969 1623 1055 1665 duo
1100 1631 1201 1666 sunt
1237 1624 1416 1680 potissi-

58 1695 199 1734 mum,
245 1679 361 1722 unde
402 1681 645 1722 sententiae
687 1695 792 1722 suae
840 1687 1095 1736 argumenta
1137 1681 1416 1737 repetierunt.

58 1736 253 1778 Primum
283 1737 395 1778 enim
438 1737 810 1779 animadversione
863 1736 1164 1794 dignissimum
1204 1754 1300 1780 esse
1351 1737 1416 1778 di-

59 1793 229 1849 ctitant,
263 1793 381 1849 quod
411 1800 557 1836 orator
587 1795 850 1836 clarissimus
882 1795 925 1836 in
944 1793 1145 1836 Phaedro
1171 1802 1220 1837 ut
1247 1794 1417 1850 sophis-

56 1850 240 1892 ticarum
269 1857 437 1893 tantum
471 1857 515 1893 et
545 1851 906 1908 panegyricarum
949 1852 1191 1893 orationum
1231 1852 1418 1907 scriptor

58 1905 344 1962 deformetur,
379 1924 512 1963 quum
541 1916 687 1950 tamen
716 1908 786 1950 ille
817 1908 917 1950 inde
950 1909 1003 1951 ab
1037 1907 1214 1965 Olymp.
1245 1908 1416 1951 XCIV.

62 1966 98 2007 1.
130 1964 340 2021 imprimis
371 1964 647 2008 iudicialibus
679 1965 947 2008 orationibus
972 1965 1223 2008 inclaruerit
1247 1982 1414 2008 earum-

60 2036 144 2075 que
175 2021 410 2078 scriptione
441 2037 651 2065 summam
681 2022 952 2076 eloquentiae
984 2022 1155 2065 laudem
1185 2023 1242 2065 sit
1264 2039 1415 2065 conse-

61 2084 232 2132 quutus.
292 2079 362 2120 Ex
383 2095 468 2135 quo
492 2080 749 2122 necessitate
777 2079 964 2133 quadam
987 2080 1103 2121 effici
1130 2080 1415 2132 contendunt,

59 2142 108 2175 ut
136 2135 363 2178 Phaedrus
395 2142 492 2178 ante
524 2135 699 2194 Olymp.
730 2135 902 2178 XCIV.
935 2139 970 2178 1.
1002 2137 1191 2192 scriptus
1218 2152 1314 2178 esse
1337 2153 1417 2192 pu-

58 2190 213 2233 tandus
245 2193 314 2234 sit.
376 2192 460 2235 Cui
482 2200 736 2250 argumento
759 2193 926 2235 addunt
953 2193 1082 2235 etiam
1109 2193 1240 2235 aliud.
1303 2192 1418 2235 Cen-

63 2254 159 2288 sent
199 2249 311 2291 enim
340 2265 550 2306 perquam
580 2251 734 2292 mirum
775 2266 870 2292 esse
911 2266 960 2292 ac
1000 2266 1136 2306 prope
1175 2250 1417 2306 indignum,

63 2303 181 2357 quod
210 2305 368 2363 Lysias
400 2307 445 2348 in
475 2307 559 2349 hoc
590 2307 728 2361 libro,
764 2306 941 2363 grandis
972 2307 1057 2348 iam
1089 2322 1223 2349 senex
1260 2309 1417 2362 factus,

63 2360 273 2417 neglectis
304 2364 489 2421 egregiis
521 2364 612 2406 eius
645 2364 904 2416 virtutibus,
947 2370 1037 2404 tam
1083 2365 1240 2406 acriter
1287 2365 1420 2406 corri-

61 2417 204 2472 piatur
234 2422 472 2476 acerbeque
517 2422 780 2478 exagitetur3
825 2419 941 2461 unde
984 2421 1273 2476 concludunt,
1318 2422 1420 2463 Pla-

62 2480 208 2515 tonem
240 2475 556 2519 adolescentem
587 2478 733 2534 potius
760 2493 888 2532 quam
919 2477 1058 2519 virum
1086 2478 1169 2520 ista
1199 2478 1252 2520 de
1284 2478 1421 2535 Lysia

64 2531 318 2586 scripsisse,
353 2550 436 2588 quo
471 2541 661 2590 tempore
693 2534 763 2575 ille
795 2533 985 2575 nondum
1007 2535 1137 2577 fuerit
1155 2542 1296 2577 aetate
1319 2552 1420 2591 pro-

61 2588 238 2629 vectior.
312 2589 436 2632 Haec
471 2591 603 2648 igitur
640 2597 744 2634 sunt
784 2591 872 2632 fere
918 2606 1027 2646 quae
1068 2593 1112 2633 in
1155 2593 1417 2635 contrariam

62 2651 226 2700 partem
269 2645 528 2701 afferuntur,
577 2664 661 2703 quo
703 2647 872 2690 scilicet
911 2647 1150 2703 efficiatur,
1196 2650 1291 2691 fieri
1332 2665 1419 2691 non

65 2702 273 2755 potuisse,
322 2709 371 2744 ut
417 2704 641 2747 Phaedrus
690 2720 715 2745 a
764 2703 946 2746 Platone
1000 2707 1233 2748 maturiore
1277 2712 1418 2748 aetate
