<?xml version="1.0" encoding="UTF-8"?>
<!DOCTYPE html PUBLIC "-//W3C//DTD XHTML 1.0 Transitional//EN"
    "http://www.w3.org/TR/xhtml1/DTD/xhtml1-transitional.dtd">
<html xmlns="http://www.w3.org/1999/xhtml" xml:lang="en" lang="en">
 <head>
  <title>
</title>
<meta http-equiv="Content-Type" content="text/html;charset=utf-8" />
  <meta name='ocr-system' content='tesseract 3.04.00' />
  <meta name='ocr-capabilities' content='ocr_page ocr_carea ocr_par ocr_line ocrx_word'/>
</head>
<body>
  <div class='ocr_page' id='page_1' title='image "./n1operaomniarecens04platuoft/n1operaomniarecens04platuoft_0681.png"; bbox 0 0 1687 2969; ppageno 0'>
   <div class='ocr_carea' id='block_1_1' title="bbox 454 180 1487 247">
    <p class='ocr_par' dir='ltr' id='par_1_1' title="bbox 454 180 1487 247">
     <span class='ocr_line' id='line_1_1' title="bbox 454 180 1487 247; baseline -0.005 -29"><span class='ocrx_word' id='word_1_1' title='bbox 454 180 691 219; x_wconf 83' lang='lat' dir='ltr'><strong>GORGIAS.</strong></span> <span class='ocrx_word' id='word_1_2' title='bbox 722 180 764 218; x_wconf 87' lang='lat' dir='ltr'><strong>P.</strong></span> <span class='ocrx_word' id='word_1_3' title='bbox 798 184 894 247; x_wconf 36' lang='lat'><strong>508..</strong></span> <span class='ocrx_word' id='word_1_4' title='bbox 923 184 1012 218; x_wconf 84' lang='lat'><strong>509.</strong></span> <span class='ocrx_word' id='word_1_5' title='bbox 1044 180 1101 218; x_wconf 90' lang='lat' dir='ltr'><strong>ed.</strong></span> <span class='ocrx_word' id='word_1_6' title='bbox 1134 180 1187 217; x_wconf 78' lang='lat' dir='ltr'><strong>St.</strong></span> <span class='ocrx_word' id='word_1_7' title='bbox 1410 181 1487 214; x_wconf 82' lang='lat'><strong>283</strong></span> 
     </span>
    </p>
   </div>
   <div class='ocr_carea' id='block_1_2' title="bbox 148 285 1497 874">
    <p class='ocr_par' dir='ltr' id='par_1_2' title="bbox 148 285 1497 874">
     <span class='ocr_line' id='line_1_2' title="bbox 148 285 1491 342; baseline -0.002 -13"><span class='ocrx_word' id='word_1_8' title='bbox 148 292 266 342; x_wconf 79' lang='grc' dir='ltr'><em>σῶμα</em></span> <span class='ocrx_word' id='word_1_9' title='bbox 303 287 350 329; x_wconf 88' lang='grc' dir='ltr'><em>τὸ</em></span> <span class='ocrx_word' id='word_1_10' title='bbox 391 288 492 342; x_wconf 74' lang='grc' dir='ltr'><em>ἐμὸν</em></span> <span class='ocrx_word' id='word_1_11' title='bbox 522 292 618 330; x_wconf 84' lang='grc' dir='ltr'><em>οὔτε</em></span> <span class='ocrx_word' id='word_1_12' title='bbox 646 289 693 330; x_wconf 88' lang='grc' dir='ltr'><em>τὸ</em></span> <span class='ocrx_word' id='word_1_13' title='bbox 723 289 976 341; x_wconf 72' lang='grc' dir='ltr'><em>βαλάντιον,</em></span> <span class='ocrx_word' id='word_1_14' title='bbox 1017 289 1120 329; x_wconf 79' lang='grc' dir='ltr'><em>ἀλλὰ</em></span> <span class='ocrx_word' id='word_1_15' title='bbox 1148 289 1195 329; x_wconf 88' lang='grc' dir='ltr'><em>τὸ</em></span> <span class='ocrx_word' id='word_1_16' title='bbox 1224 288 1394 328; x_wconf 79' lang='grc' dir='ltr'><em>τύπτειν</em></span> <span class='ocrx_word' id='word_1_17' title='bbox 1421 285 1491 327; x_wconf 79' lang='grc' dir='ltr'><strong>καὶ</strong></span> 
     </span>
     <span class='ocr_line' id='line_1_3' title="bbox 148 352 1491 408; baseline -0.002 -13"><span class='ocrx_word' id='word_1_18' title='bbox 148 353 217 407; x_wconf 82' lang='grc' dir='ltr'><em>ε’μὲ</em></span> <span class='ocrx_word' id='word_1_19' title='bbox 238 353 309 396; x_wconf 82' lang='grc' dir='ltr'><strong>καὶ</strong></span> <span class='ocrx_word' id='word_1_20' title='bbox 331 353 381 395; x_wconf 84' lang='grc' dir='ltr'><em>τὰ</em></span> <span class='ocrx_word' id='word_1_21' title='bbox 404 353 481 408; x_wconf 76' lang='grc' dir='ltr'><strong>ἐμὰ</strong></span> <span class='ocrx_word' id='word_1_22' title='bbox 503 355 658 403; x_wconf 79' lang='grc' dir='ltr'><em>ἀδίκως</em></span> <span class='ocrx_word' id='word_1_23' title='bbox 679 353 749 396; x_wconf 85' lang='grc' dir='ltr'><strong>καὶ</strong></span> <span class='ocrx_word' id='word_1_24' title='bbox 771 352 935 407; x_wconf 82' lang='grc' dir='ltr'><em>τέμνειν</em></span> <span class='ocrx_word' id='word_1_25' title='bbox 956 353 1026 395; x_wconf 81' lang='grc' dir='ltr'><strong>καὶ</strong></span> <span class='ocrx_word' id='word_1_26' title='bbox 1048 354 1212 407; x_wconf 79' lang='grc' dir='ltr'><em>αἴσχιον</em></span> <span class='ocrx_word' id='word_1_27' title='bbox 1236 353 1303 395; x_wconf 84' lang='grc' dir='ltr'><strong>καὶ</strong></span> <span class='ocrx_word' id='word_1_28' title='bbox 1328 354 1491 400; x_wconf 73' lang='grc' dir='ltr'><em>κάκιον,</em></span> 
     </span>
     <span class='ocr_line' id='line_1_4' title="bbox 148 418 1492 473; baseline -0.002 -13"><span class='ocrx_word' id='word_1_29' title='bbox 148 420 218 461; x_wconf 81' lang='grc' dir='ltr'><strong>καὶ</strong></span> <span class='ocrx_word' id='word_1_30' title='bbox 267 418 459 461; x_wconf 80' lang='grc' dir='ltr'><em>κλέπτειν</em></span> <span class='ocrx_word' id='word_1_31' title='bbox 498 434 543 471; x_wconf 72' lang='grc' dir='ltr'><strong>γε</strong></span> <span class='ocrx_word' id='word_1_32' title='bbox 584 419 670 473; x_wconf 77' lang='grc' dir='ltr'><strong>ἅμα</strong></span> <span class='ocrx_word' id='word_1_33' title='bbox 711 419 781 461; x_wconf 83' lang='grc' dir='ltr'><strong>καὶ</strong></span> <span class='ocrx_word' id='word_1_34' title='bbox 821 420 1205 472; x_wconf 69' lang='grc' dir='ltr'><em>ἀνδραποδίζεσθαι</em></span> <span class='ocrx_word' id='word_1_35' title='bbox 1243 434 1312 459; x_wconf 86' lang='grc' dir='ltr'><strong>και</strong></span> <span class='ocrx_word' id='word_1_36' title='bbox 1351 433 1492 471; x_wconf 82' lang='grc' dir='ltr'><em>τοιχω-</em></span> 
     </span>
     <span class='ocr_line' id='line_1_5' title="bbox 149 482 1493 540; baseline -0.003 -13"><span class='ocrx_word' id='word_1_37' title='bbox 149 489 294 539; x_wconf 82' lang='grc' dir='ltr'><em>ουχεῐν</em></span> <span class='ocrx_word' id='word_1_38' title='bbox 343 485 413 527; x_wconf 82' lang='grc' dir='ltr'><strong>καὶ</strong></span> <span class='ocrx_word' id='word_1_39' title='bbox 451 486 694 540; x_wconf 80' lang='grc' dir='ltr'><em>συλλήβδην</em></span> <span class='ocrx_word' id='word_1_40' title='bbox 734 485 879 527; x_wconf 82' lang='grc' dir='ltr'><em>ὁτιοῦν</em></span> <span class='ocrx_word' id='word_1_41' title='bbox 919 486 1080 526; x_wconf 86' lang='grc' dir='ltr'><em>ἀδικεῖν</em></span> <span class='ocrx_word' id='word_1_42' title='bbox 1117 484 1187 526; x_wconf 76' lang='grc' dir='ltr'><strong>καὶ</strong></span> <span class='ocrx_word' id='word_1_43' title='bbox 1226 483 1295 537; x_wconf 80' lang='grc' dir='ltr'><strong>εμὲ</strong></span> <span class='ocrx_word' id='word_1_44' title='bbox 1334 482 1404 525; x_wconf 81' lang='grc' dir='ltr'><strong>καὶ</strong></span> <span class='ocrx_word' id='word_1_45' title='bbox 1442 482 1493 523; x_wconf 77' lang='grc' dir='ltr'><em>τὰ</em></span> 
     </span>
     <span class='ocr_line' id='line_1_6' title="bbox 150 546 1491 604; baseline -0.002 -12"><span class='ocrx_word' id='word_1_46' title='bbox 150 549 228 604; x_wconf 79' lang='grc' dir='ltr'><strong>εμὰ</strong></span> <span class='ocrx_word' id='word_1_47' title='bbox 265 556 322 602; x_wconf 72' lang='grc' dir='ltr'><em>τῷ</em></span> <span class='ocrx_word' id='word_1_48' title='bbox 360 552 578 592; x_wconf 84' lang='grc' dir='ltr'><em>ἀδικουντι</em></span> <span class='ocrx_word' id='word_1_49' title='bbox 619 551 688 592; x_wconf 85' lang='grc' dir='ltr'><strong>καὶ</strong></span> <span class='ocrx_word' id='word_1_50' title='bbox 725 552 875 592; x_wconf 84' lang='grc' dir='ltr'><em>κάκιον</em></span> <span class='ocrx_word' id='word_1_51' title='bbox 912 567 983 592; x_wconf 79' lang='grc' dir='ltr'><strong>και</strong></span> <span class='ocrx_word' id='word_1_52' title='bbox 1014 551 1179 603; x_wconf 78' lang='grc' dir='ltr'><em>αἴσχιον</em></span> <span class='ocrx_word' id='word_1_53' title='bbox 1209 546 1316 590; x_wconf 79' lang='grc' dir='ltr'><em>εἶναι</em></span> <span class='ocrx_word' id='word_1_54' title='bbox 1348 549 1370 602; x_wconf 83' lang='grc' dir='ltr'>ἢ</span> <span class='ocrx_word' id='word_1_55' title='bbox 1402 547 1491 600; x_wconf 72' lang='grc' dir='ltr'><em>ἐμοὶ</em></span> 
     </span>
     <span class='ocr_line' id='line_1_7' title="bbox 149 613 1494 672; baseline -0.002 -15"><span class='ocrx_word' id='word_1_56' title='bbox 149 619 206 672; x_wconf 80' lang='grc' dir='ltr'><em>τῷ</em></span> <span class='ocrx_word' id='word_1_57' title='bbox 232 615 511 671; x_wconf 77' lang='grc' dir='ltr'><em>ἀδικουμένῳ.</em></span> <span class='ocrx_word' id='word_1_58' title='bbox 540 623 672 657; x_wconf 86' lang='grc' dir='ltr'><em>ταῦτα</em></span> <span class='ocrx_word' id='word_1_59' title='bbox 700 617 803 670; x_wconf 76' lang='grc' dir='ltr'><em>ἡμῖν</em></span> <span class='ocrx_word' id='word_1_60' title='bbox 831 620 920 658; x_wconf 82' lang='grc' dir='ltr'><strong>ἀνω</strong></span> <span class='ocrx_word' id='word_1_61' title='bbox 950 616 1035 657; x_wconf 73' lang='grc' dir='ltr'><em>ἐκεῖ</em></span> <span class='ocrx_word' id='word_1_62' title='bbox 1062 615 1107 657; x_wconf 77' lang='grc' dir='ltr'><strong>ἐν</strong></span> <span class='ocrx_word' id='word_1_63' title='bbox 1136 619 1222 663; x_wconf 78' lang='grc' dir='ltr'><em>τοῖς</em></span> <span class='ocrx_word' id='word_1_64' title='bbox 1252 613 1494 668; x_wconf 71' lang='grc' dir='ltr'><em>εἰιπροσθεν</em></span> 
     </span>
     <span class='ocr_line' id='line_1_8' title="bbox 150 662 1493 735; baseline -0.001 -12"><span class='ocrx_word' id='word_1_65' title='bbox 150 662 293 735; x_wconf 76' lang='grc' dir='ltr'><em>λόγοις</em></span> <span class='ocrx_word' id='word_1_66' title='bbox 322 681 432 723; x_wconf 80' lang='grc' dir='ltr'><em>οὕτω</em></span> <span class='ocrx_word' id='word_1_67' title='bbox 462 680 664 735; x_wconf 81' lang='grc' dir='ltr'><em>φανέντα,</em></span> <span class='ocrx_word' id='word_1_68' title='bbox 695 682 752 730; x_wconf 80' lang='grc' dir='ltr'><strong>ὡς</strong></span> <span class='ocrx_word' id='word_1_69' title='bbox 781 681 862 734; x_wconf 76' lang='grc' dir='ltr'><strong>ἐγὼ</strong></span> <span class='ocrx_word' id='word_1_70' title='bbox 890 680 1009 735; x_wconf 77' lang='grc' dir='ltr'><strong>λέγω,</strong></span> <span class='ocrx_word' id='word_1_71' title='bbox 1045 680 1257 734; x_wconf 78' lang='grc' dir='ltr'><em>κατέχεται</em></span> <span class='ocrx_word' id='word_1_72' title='bbox 1286 680 1355 722; x_wconf 82' lang='grc' dir='ltr'><strong>καὶ</strong></span> <span class='ocrx_word' id='word_1_73' title='bbox 1383 680 1493 721; x_wconf 79' lang='grc' dir='ltr'><em>δέδε-</em></span> 
     </span>
     <span class='ocr_line' id='line_1_9' title="bbox 148 745 1496 801; baseline -0.001 -13"><span class='ocrx_word' id='word_1_74' title='bbox 148 763 237 796; x_wconf 74' lang='grc' dir='ltr'><em>ται,</em></span> <span class='ocrx_word' id='word_1_75' title='bbox 277 748 346 789; x_wconf 85' lang='grc' dir='ltr'><strong>καὶ</strong></span> <span class='ocrx_word' id='word_1_76' title='bbox 385 748 420 788; x_wconf 84' lang='grc' dir='ltr'><strong>εἰ</strong></span> <span class='ocrx_word' id='word_1_77' title='bbox 461 748 766 801; x_wconf 76' lang='grc' dir='ltr'><em>ἀγροικότερόν</em></span> <span class='ocrx_word' id='word_1_78' title='bbox 807 763 843 788; x_wconf 86' lang='grc' dir='ltr'><strong>τι</strong></span> <span class='ocrx_word' id='word_1_79' title='bbox 884 748 1016 788; x_wconf 78' lang='grc' dir='ltr'><em>εἰπεῖν</em></span> <span class='ocrx_word' id='word_1_80' title='bbox 1053 746 1159 796; x_wconf 72' lang='grc' dir='ltr'><em>ἐστι,</em></span> <span class='ocrx_word' id='word_1_81' title='bbox 1200 747 1386 800; x_wconf 77' lang='grc' dir='ltr'><em>σιδηροῖς</em></span> <span class='ocrx_word' id='word_1_82' title='bbox 1426 745 1496 786; x_wconf 78' lang='grc' dir='ltr'><strong>καὶ</strong></span> 
     </span>
     <span class='ocr_line' id='line_1_10' title="bbox 149 807 1497 874; baseline -0.001 -20"><span class='ocrx_word' id='word_1_83' title='bbox 149 814 450 867; x_wconf 70' lang='grc' dir='ltr'><em>ἀδαμαντίνοις</em></span> <span class='ocrx_word' id='word_1_84' title='bbox 487 814 654 867; x_wconf 77' lang='grc' dir='ltr'><em>λόγοις,</em></span> <span class='ocrx_word' id='word_1_85' title='bbox 695 814 750 861; x_wconf 81' lang='grc' dir='ltr'><strong>ὡς</strong></span> <span class='ocrx_word' id='word_1_86' title='bbox 789 817 899 866; x_wconf 74' lang='grc' dir='ltr'><em>γοῦν</em></span> <span class='ocrx_word' id='word_1_87' title='bbox 935 813 988 854; x_wconf 71' lang='grc' dir='ltr'><strong>ἂν</strong></span> <span class='ocrx_word' id='word_1_88' title='bbox 1016 813 1174 863; x_wconf 79' lang='grc' dir='ltr'><em>δόξειεν</em></span> <span class='ocrx_word' id='word_1_89' title='bbox 1204 813 1380 874; x_wconf 60' lang='grc' dir='ltr'><em>οὑτωσί,</em></span> <span class='ocrx_word' id='word_1_90' title='bbox 1421 807 1497 861; x_wconf 75' lang='grc' dir='ltr'><strong>οὓς</strong></span> 
     </span>
    </p>
   </div>
   <div class='ocr_carea' id='block_1_3' title="bbox 152 934 1497 969">
    <p class='ocr_par' dir='ltr' id='par_1_3' title="bbox 152 934 1497 969">
     <span class='ocr_line' id='line_1_11' title="bbox 152 934 1497 969; baseline -0.001 0"><span class='ocrx_word' id='word_1_91' title='bbox 152 937 232 969; x_wconf 91' lang='grc' dir='ltr'><strong>ΞΣ.</strong></span> <span class='ocrx_word' id='word_1_92' title='bbox 272 936 374 969; x_wconf 88' lang='lat' dir='ltr'><strong>Vind.</strong></span> <span class='ocrx_word' id='word_1_93' title='bbox 406 935 436 969; x_wconf 95' lang='grc'><strong>1.</strong></span> <span class='ocrx_word' id='word_1_94' title='bbox 468 935 498 969; x_wconf 95' lang='grc'><strong>2.</strong></span> <span class='ocrx_word' id='word_1_95' title='bbox 531 934 562 969; x_wconf 93' lang='lat'><strong>7.</strong></span> <span class='ocrx_word' id='word_1_96' title='bbox 599 937 676 969; x_wconf 87' lang='lat' dir='ltr'><strong>Par.</strong></span> <span class='ocrx_word' id='word_1_97' title='bbox 706 937 880 969; x_wconf 85' lang='lat' dir='ltr'><strong>BCEFI.</strong></span> <span class='ocrx_word' id='word_1_98' title='bbox 919 937 1010 969; x_wconf 81' lang='lat' dir='ltr'><strong>Flor.</strong></span> <span class='ocrx_word' id='word_1_99' title='bbox 1040 936 1070 968; x_wconf 90' lang='lat' dir='ltr'><strong>d.</strong></span> <span class='ocrx_word' id='word_1_100' title='bbox 1102 948 1132 969; x_wconf 92' lang='lat' dir='ltr'><strong>o.</strong></span> <span class='ocrx_word' id='word_1_101' title='bbox 1165 948 1197 968; x_wconf 80' lang='lat' dir='ltr'><strong>x.</strong></span> <span class='ocrx_word' id='word_1_102' title='bbox 1236 936 1333 969; x_wconf 89' lang='lat' dir='ltr'><strong>Bodl.</strong></span> <span class='ocrx_word' id='word_1_103' title='bbox 1357 937 1497 968; x_wconf 80' lang='lat' dir='ltr'><strong>Meerm.</strong></span> 
     </span>
    </p>
   </div>
   <div class='ocr_carea' id='block_1_4' title="bbox 149 981 524 1071">
    <p class='ocr_par' dir='ltr' id='par_1_4' title="bbox 149 981 514 1071">
     <span class='ocr_line' id='line_1_12' title="bbox 149 981 290 1014; baseline 0 0"><span class='ocrx_word' id='word_1_104' title='bbox 149 983 228 1014; x_wconf 86' lang='lat' dir='ltr'><strong>Bas.</strong></span> <span class='ocrx_word' id='word_1_105' title='bbox 259 981 290 1014; x_wconf 90' lang='lat'><strong>1.</strong></span> 
     </span>
     <span class='ocr_line' id='line_1_13' title="bbox 149 1026 524 1071; baseline 0 -11"><span class='ocrx_word' id='word_1_106' title='bbox 149 1029 304 1071; x_wconf 82' lang='lat' dir='ltr'><strong>Sympos.</strong></span> <span class='ocrx_word' id='word_1_107' title='bbox 328 1039 360 1070; x_wconf 89' lang='lat' dir='ltr'><strong>p.</strong></span> <span class='ocrx_word' id='word_1_108' title='bbox 386 1026 462 1061; x_wconf 84' lang='lat'><strong>190.</strong></span> <span class='ocrx_word' id='word_1_109' title='bbox 485 1029 524 1060; x_wconf 92' lang='grc' dir='ltr'><strong>Ε.</strong></span> 
     </span>
    </p>
   </div>
   <div class='ocr_carea' id='block_1_5' title="bbox 322 981 1497 1025">
    <p class='ocr_par' dir='ltr' id='par_1_5' title="bbox 322 981 1497 1025">
     <span class='ocr_line' id='line_1_14' title="bbox 322 981 1497 1025; baseline 0 -11"><span class='ocrx_word' id='word_1_110' title='bbox 322 981 353 1015; x_wconf 91' lang='grc'><strong>2.</strong></span> <span class='ocrx_word' id='word_1_111' title='bbox 384 981 579 1025; x_wconf 72' lang='grc' dir='ltr'><em>βαλάιτιοι</em></span> <span class='ocrx_word' id='word_1_112' title='bbox 613 993 644 1017; x_wconf 86' lang='lat' dir='ltr'><strong>v.</strong></span> <span class='ocrx_word' id='word_1_113' title='bbox 678 982 720 1014; x_wconf 85' lang='lat' dir='ltr'><strong>ad</strong></span> <span class='ocrx_word' id='word_1_114' title='bbox 752 984 869 1025; x_wconf 87' lang='lat' dir='ltr'><strong>Remp.</strong></span> <span class='ocrx_word' id='word_1_115' title='bbox 901 983 927 1014; x_wconf 88' lang='lat' dir='ltr'><strong>I.</strong></span> <span class='ocrx_word' id='word_1_116' title='bbox 960 994 990 1025; x_wconf 92' lang='lat' dir='ltr'><strong>p.</strong></span> <span class='ocrx_word' id='word_1_117' title='bbox 1022 981 1098 1015; x_wconf 85' lang='lat'><strong>348.</strong></span> <span class='ocrx_word' id='word_1_118' title='bbox 1131 983 1174 1014; x_wconf 91' lang='lat' dir='ltr'><strong>D.</strong></span> <span class='ocrx_word' id='word_1_119' title='bbox 1215 983 1275 1014; x_wconf 83' lang='lat' dir='ltr'><strong>IX.</strong></span> <span class='ocrx_word' id='word_1_120' title='bbox 1300 993 1332 1024; x_wconf 90' lang='lat' dir='ltr'><strong>p.</strong></span> <span class='ocrx_word' id='word_1_121' title='bbox 1357 981 1433 1014; x_wconf 88' lang='lat'><strong>575</strong></span> <span class='ocrx_word' id='word_1_122' title='bbox 1459 983 1497 1013; x_wconf 84' lang='lat' dir='ltr'><strong>B.</strong></span> 
     </span>
    </p>
   </div>
   <div class='ocr_carea' id='block_1_6' title="bbox 218 1068 1495 1115">
    <p class='ocr_par' dir='ltr' id='par_1_6' title="bbox 218 1068 1495 1115">
     <span class='ocr_line' id='line_1_15' title="bbox 218 1068 1495 1115; baseline -0.001 -10"><span class='ocrx_word' id='word_1_123' title='bbox 218 1073 285 1105; x_wconf 88' lang='grc' dir='ltr'><strong>καὶ</strong></span> <span class='ocrx_word' id='word_1_124' title='bbox 311 1071 467 1106; x_wconf 82' lang='grc' dir='ltr'><em>κάκιον</em></span> <span class='ocrx_word' id='word_1_125' title='bbox 493 1074 560 1106; x_wconf 80' lang='grc' dir='ltr'><strong>καὶ</strong></span> <span class='ocrx_word' id='word_1_126' title='bbox 588 1074 760 1114; x_wconf 82' lang='grc' dir='ltr'><em>αἱσχιοι</em></span> <span class='ocrx_word' id='word_1_127' title='bbox 785 1068 855 1105; x_wconf 76' lang='grc' dir='ltr'><strong>εἶι</strong></span> <span class='ocrx_word' id='word_1_128' title='bbox 866 1072 923 1115; x_wconf 84' lang='grc' dir='ltr'><strong>αι]</strong></span> <span class='ocrx_word' id='word_1_129' title='bbox 950 1072 1029 1105; x_wconf 83' lang='grc' dir='ltr'><strong>Α]ἰο</strong></span> <span class='ocrx_word' id='word_1_130' title='bbox 1055 1073 1172 1105; x_wconf 81' lang='lat' dir='ltr'><strong>oldine</strong></span> <span class='ocrx_word' id='word_1_131' title='bbox 1197 1073 1252 1104; x_wconf 83' lang='grc' dir='ltr'><strong>καὶ</strong></span> <span class='ocrx_word' id='word_1_132' title='bbox 1279 1074 1415 1114; x_wconf 73' lang='grc' dir='ltr'><em>αἴσχιον</em></span> <span class='ocrx_word' id='word_1_133' title='bbox 1441 1073 1495 1104; x_wconf 81' lang='grc' dir='ltr'><strong>καὶ</strong></span> 
     </span>
    </p>
   </div>
   <div class='ocr_carea' id='block_1_7' title="bbox 150 1114 632 1151">
    <p class='ocr_par' dir='ltr' id='par_1_7' title="bbox 150 1114 632 1151">
     <span class='ocr_line' id='line_1_16' title="bbox 150 1114 632 1151; baseline 0.002 -1"><span class='ocrx_word' id='word_1_134' title='bbox 150 1117 268 1151; x_wconf 78' lang='grc' dir='ltr'><em>κάκιον</em></span> <span class='ocrx_word' id='word_1_135' title='bbox 300 1114 390 1151; x_wconf 76' lang='grc' dir='ltr'><em>εἶπαι</em></span> <span class='ocrx_word' id='word_1_136' title='bbox 433 1120 520 1151; x_wconf 89' lang='lat' dir='ltr'><strong>Ven.</strong></span> <span class='ocrx_word' id='word_1_137' title='bbox 555 1119 632 1151; x_wconf 88' lang='grc' dir='ltr'><strong>ΞΣ.</strong></span> 
     </span>
    </p>
   </div>
   <div class='ocr_carea' id='block_1_8' title="bbox 151 1164 412 1196">
    <p class='ocr_par' dir='ltr' id='par_1_8' title="bbox 151 1164 412 1196">
     <span class='ocr_line' id='line_1_17' title="bbox 151 1164 412 1196; baseline 0 0"><span class='ocrx_word' id='word_1_138' title='bbox 151 1165 290 1196; x_wconf 87' lang='lat' dir='ltr'><strong>Meerm.</strong></span> <span class='ocrx_word' id='word_1_139' title='bbox 314 1164 412 1196; x_wconf 89' lang='lat' dir='ltr'><strong>Bodl.</strong></span> 
     </span>
    </p>
   </div>
   <div class='ocr_carea' id='block_1_9' title="bbox 672 1118 835 1151">
    <p class='ocr_par' dir='ltr' id='par_1_9' title="bbox 672 1118 835 1151">
     <span class='ocr_line' id='line_1_18' title="bbox 672 1118 835 1151; baseline 0.007 -1"><span class='ocrx_word' id='word_1_140' title='bbox 672 1118 774 1150; x_wconf 89' lang='lat' dir='ltr'><strong>Vind.</strong></span> <span class='ocrx_word' id='word_1_141' title='bbox 804 1118 835 1151; x_wconf 90' lang='grc'><strong>2.</strong></span> 
     </span>
    </p>
   </div>
   <div class='ocr_carea' id='block_1_10' title="bbox 868 1117 1498 1161">
    <p class='ocr_par' dir='ltr' id='par_1_10' title="bbox 868 1117 1498 1161">
     <span class='ocr_line' id='line_1_19' title="bbox 868 1117 1498 1161; baseline 0 -11"><span class='ocrx_word' id='word_1_142' title='bbox 868 1117 898 1150; x_wconf 86' lang='grc'><strong>7.</strong></span> <span class='ocrx_word' id='word_1_143' title='bbox 936 1119 1012 1150; x_wconf 85' lang='lat' dir='ltr'><strong>Par.</strong></span> <span class='ocrx_word' id='word_1_144' title='bbox 1046 1119 1114 1151; x_wconf 90' lang='lat' dir='ltr'><strong>IV.</strong></span> <span class='ocrx_word' id='word_1_145' title='bbox 1158 1119 1249 1151; x_wconf 88' lang='lat' dir='ltr'><strong>Flor.</strong></span> <span class='ocrx_word' id='word_1_146' title='bbox 1280 1118 1312 1152; x_wconf 91' lang='lat' dir='ltr'><strong>b.</strong></span> <span class='ocrx_word' id='word_1_147' title='bbox 1345 1118 1376 1149; x_wconf 90' lang='lat' dir='ltr'><strong>d.</strong></span> <span class='ocrx_word' id='word_1_148' title='bbox 1407 1119 1498 1161; x_wconf 87' lang='lat' dir='ltr'><strong>Aug.</strong></span> 
     </span>
    </p>
   </div>
   <div class='ocr_carea' id='block_1_11' title="bbox 217 1207 1498 1252">
    <p class='ocr_par' dir='ltr' id='par_1_11' title="bbox 217 1207 1498 1252">
     <span class='ocr_line' id='line_1_20' title="bbox 217 1207 1498 1252; baseline -0.001 -11"><span class='ocrx_word' id='word_1_149' title='bbox 217 1207 306 1241; x_wconf 79' lang='grc' dir='ltr'><strong>ἅνω</strong></span> <span class='ocrx_word' id='word_1_150' title='bbox 332 1209 427 1241; x_wconf 79' lang='grc' dir='ltr'><strong>ἐκεῖ</strong></span> <span class='ocrx_word' id='word_1_151' title='bbox 448 1209 494 1241; x_wconf 78' lang='grc' dir='ltr'><strong>ἐν</strong></span> <span class='ocrx_word' id='word_1_152' title='bbox 519 1215 609 1243; x_wconf 75' lang='grc' dir='ltr'><em>τοῖς</em></span> <span class='ocrx_word' id='word_1_153' title='bbox 631 1208 908 1252; x_wconf 66' lang='grc' dir='ltr'><em>ἔμπροσθεν]</em></span> <span class='ocrx_word' id='word_1_154' title='bbox 936 1207 1196 1251; x_wconf 70' lang='lat' dir='ltr'><strong>Hirschig.li1·m</strong></span> <span class='ocrx_word' id='word_1_155' title='bbox 1212 1208 1400 1241; x_wconf 55' lang='lat' dir='ltr'><strong>§necdeleri</strong></span> <span class='ocrx_word' id='word_1_156' title='bbox 1413 1209 1498 1240; x_wconf 85' lang='lat' dir='ltr'><strong>vult.</strong></span> 
     </span>
    </p>
   </div>
   <div class='ocr_carea' id='block_1_12' title="bbox 151 1253 859 1295">
    <p class='ocr_par' dir='ltr' id='par_1_12' title="bbox 151 1253 859 1295">
     <span class='ocr_line' id='line_1_21' title="bbox 151 1253 859 1295; baseline 0 -9"><span class='ocrx_word' id='word_1_157' title='bbox 151 1255 268 1287; x_wconf 83' lang='lat' dir='ltr'><strong>Clark.</strong></span> <span class='ocrx_word' id='word_1_158' title='bbox 305 1256 377 1289; x_wconf 80' lang='lat' dir='ltr'><strong>Vat.</strong></span> <span class='ocrx_word' id='word_1_159' title='bbox 405 1253 555 1295; x_wconf 77' lang='grc' dir='ltr'><strong>πρόσθε.</strong></span> <span class='ocrx_word' id='word_1_160' title='bbox 589 1255 692 1287; x_wconf 90' lang='lat' dir='ltr'><strong>Coisl.</strong></span> <span class='ocrx_word' id='word_1_161' title='bbox 718 1255 802 1286; x_wconf 81' lang='lat' dir='ltr'><strong>Ven.</strong></span> <span class='ocrx_word' id='word_1_162' title='bbox 830 1255 859 1286; x_wconf 92' lang='grc' dir='ltr'><em>Ξ</em></span> 
     </span>
    </p>
   </div>
   <div class='ocr_carea' id='block_1_13' title="bbox 870 1254 1496 1288">
    <p class='ocr_par' dir='ltr' id='par_1_13' title="bbox 870 1254 1496 1288">
     <span class='ocr_line' id='line_1_22' title="bbox 870 1254 1496 1288; baseline -0.002 -2"><span class='ocrx_word' id='word_1_163' title='bbox 870 1254 909 1286; x_wconf 88' lang='grc' dir='ltr'><strong>Σ.</strong></span> <span class='ocrx_word' id='word_1_164' title='bbox 947 1254 1049 1286; x_wconf 76' lang='lat' dir='ltr'><strong>Vind.</strong></span> <span class='ocrx_word' id='word_1_165' title='bbox 1065 1254 1095 1286; x_wconf 90' lang='grc'><strong>2.</strong></span> <span class='ocrx_word' id='word_1_166' title='bbox 1115 1255 1146 1287; x_wconf 84' lang='grc'><strong>6.</strong></span> <span class='ocrx_word' id='word_1_167' title='bbox 1170 1256 1246 1288; x_wconf 85' lang='lat' dir='ltr'><strong>Par.</strong></span> <span class='ocrx_word' id='word_1_168' title='bbox 1264 1256 1317 1286; x_wconf 76' lang='lat' dir='ltr'><strong>IV</strong></span> <span class='ocrx_word' id='word_1_169' title='bbox 1328 1255 1382 1287; x_wconf 90' lang='lat' dir='ltr'><strong>W.</strong></span> <span class='ocrx_word' id='word_1_170' title='bbox 1407 1255 1496 1286; x_wconf 86' lang='lat' dir='ltr'><strong>Flor.</strong></span> 
     </span>
    </p>
   </div>
   <div class='ocr_carea' id='block_1_14' title="bbox 150 1298 1499 1389">
    <p class='ocr_par' dir='ltr' id='par_1_14' title="bbox 150 1298 1499 1389">
     <span class='ocr_line' id='line_1_23' title="bbox 151 1298 1499 1342; baseline 0 -11"><span class='ocrx_word' id='word_1_171' title='bbox 151 1299 183 1334; x_wconf 87' lang='lat' dir='ltr'><strong>b.</strong></span> <span class='ocrx_word' id='word_1_172' title='bbox 203 1312 236 1332; x_wconf 80' lang='lat' dir='ltr'><strong>x.</strong></span> <span class='ocrx_word' id='word_1_173' title='bbox 261 1300 358 1333; x_wconf 87' lang='lat' dir='ltr'><strong>Bodl.</strong></span> <span class='ocrx_word' id='word_1_174' title='bbox 376 1298 547 1341; x_wconf 64' lang='grc' dir='ltr'><strong>πρόσθεν.</strong></span> <span class='ocrx_word' id='word_1_175' title='bbox 574 1301 663 1333; x_wconf 86' lang='lat' dir='ltr'><strong>Vett.</strong></span> <span class='ocrx_word' id='word_1_176' title='bbox 680 1300 771 1332; x_wconf 82' lang='lat' dir='ltr'><strong>editt.</strong></span> <span class='ocrx_word' id='word_1_177' title='bbox 791 1301 1006 1342; x_wconf 68' lang='grc' dir='ltr'><strong>ἔμπροσθεν.</strong></span> <span class='ocrx_word' id='word_1_178' title='bbox 1039 1301 1235 1342; x_wconf 83' lang='lat' dir='ltr'><strong>Scripturae</strong></span> <span class='ocrx_word' id='word_1_179' title='bbox 1250 1301 1333 1332; x_wconf 80' lang='lat' dir='ltr'><strong>haec</strong></span> <span class='ocrx_word' id='word_1_180' title='bbox 1350 1300 1499 1332; x_wconf 79' lang='lat' dir='ltr'><strong>varietas</strong></span> 
     </span>
     <span class='ocr_line' id='line_1_24' title="bbox 150 1346 1432 1389; baseline 0 -11"><span class='ocrx_word' id='word_1_181' title='bbox 150 1346 332 1378; x_wconf 84' lang='lat' dir='ltr'>admodum</span> <span class='ocrx_word' id='word_1_182' title='bbox 357 1347 517 1388; x_wconf 84' lang='lat' dir='ltr'><strong>frequens</strong></span> <span class='ocrx_word' id='word_1_183' title='bbox 542 1351 605 1386; x_wconf 88' lang='lat' dir='ltr'><strong>est,</strong></span> <span class='ocrx_word' id='word_1_184' title='bbox 628 1346 669 1378; x_wconf 89' lang='lat' dir='ltr'><strong>de</strong></span> <span class='ocrx_word' id='word_1_185' title='bbox 694 1356 763 1388; x_wconf 85' lang='lat' dir='ltr'><strong>qua</strong></span> <span class='ocrx_word' id='word_1_186' title='bbox 786 1347 854 1378; x_wconf 83' lang='lat' dir='ltr'><strong>iam</strong></span> <span class='ocrx_word' id='word_1_187' title='bbox 878 1347 914 1378; x_wconf 93' lang='lat' dir='ltr'><strong>in</strong></span> <span class='ocrx_word' id='word_1_188' title='bbox 939 1346 1173 1388; x_wconf 86' lang='lat' dir='ltr'><strong>superioribus</strong></span> <span class='ocrx_word' id='word_1_189' title='bbox 1201 1347 1432 1389; x_wconf 79' lang='lat' dir='ltr'><strong>exposuimus.</strong></span> 
     </span>
    </p>
   </div>
   <div class='ocr_carea' id='block_1_15' title="bbox 149 1458 793 2768">
    <p class='ocr_par' dir='ltr' id='par_1_15' title="bbox 149 1458 792 2768">
     <span class='ocr_line' id='line_1_25' title="bbox 151 1458 790 1499; baseline 0.002 -9"><span class='ocrx_word' id='word_1_190' title='bbox 151 1459 306 1491; x_wconf 87' lang='lat' dir='ltr'><strong>Trinum.</strong></span> <span class='ocrx_word' id='word_1_191' title='bbox 341 1459 402 1499; x_wconf 92' lang='lat' dir='ltr'><strong>IV,</strong></span> <span class='ocrx_word' id='word_1_192' title='bbox 429 1458 471 1498; x_wconf 90' lang='grc'><strong>2,</strong></span> <span class='ocrx_word' id='word_1_193' title='bbox 500 1458 555 1493; x_wconf 88' lang='grc'><strong>20.</strong></span> <span class='ocrx_word' id='word_1_194' title='bbox 591 1462 790 1491; x_wconf 78' lang='lat' dir='ltr'><strong>sectores</strong></span> 
     </span>
     <span class='ocr_line' id='line_1_26' title="bbox 149 1504 789 1544; baseline 0.002 -9"><span class='ocrx_word' id='word_1_195' title='bbox 149 1504 482 1544; x_wconf 81' lang='lat' dir='ltr'><strong>zonariosvoeat,</strong></span> <span class='ocrx_word' id='word_1_196' title='bbox 499 1515 530 1536; x_wconf 89' lang='lat' dir='ltr'><strong>v.</strong></span> <span class='ocrx_word' id='word_1_197' title='bbox 548 1504 789 1536; x_wconf 82' lang='lat' dir='ltr'><strong>casaubon.</strong></span> 
     </span>
     <span class='ocr_line' id='line_1_27' title="bbox 153 1549 789 1591; baseline 0 -10"><span class='ocrx_word' id='word_1_198' title='bbox 153 1549 196 1581; x_wconf 82' lang='lat' dir='ltr'><strong>ad</strong></span> <span class='ocrx_word' id='word_1_199' title='bbox 231 1549 356 1581; x_wconf 82' lang='lat' dir='ltr'><strong>Athen.</strong></span> <span class='ocrx_word' id='word_1_200' title='bbox 392 1560 422 1591; x_wconf 92' lang='lat' dir='ltr'><strong>p.</strong></span> <span class='ocrx_word' id='word_1_201' title='bbox 461 1549 534 1582; x_wconf 88' lang='grc'><strong>121.</strong></span> <span class='ocrx_word' id='word_1_202' title='bbox 590 1550 789 1591; x_wconf 86' lang='lat' dir='ltr'><strong>Xenoph.</strong></span> 
     </span>
     <span class='ocr_line' id='line_1_28' title="bbox 151 1592 790 1636; baseline -0.002 -10"><span class='ocrx_word' id='word_1_203' title='bbox 151 1595 308 1636; x_wconf 86' lang='lat' dir='ltr'><strong>Sympos.</strong></span> <span class='ocrx_word' id='word_1_204' title='bbox 329 1595 388 1634; x_wconf 83' lang='lat' dir='ltr'><strong>IV,</strong></span> <span class='ocrx_word' id='word_1_205' title='bbox 408 1593 470 1626; x_wconf 83' lang='grc'><strong>36.</strong></span> <span class='ocrx_word' id='word_1_206' title='bbox 498 1592 540 1626; x_wconf 76' lang='grc' dir='ltr'><strong>δι’</strong></span> <span class='ocrx_word' id='word_1_207' title='bbox 566 1595 704 1626; x_wconf 79' lang='grc' dir='ltr'><em>ε’ἰδειαι</em></span> <span class='ocrx_word' id='word_1_208' title='bbox 727 1595 790 1634; x_wconf 81' lang='grc' dir='ltr'><em>ιιὲι</em></span> 
     </span>
     <span class='ocr_line' id='line_1_29' title="bbox 150 1638 793 1682; baseline -0.002 -10"><span class='ocrx_word' id='word_1_209' title='bbox 150 1639 215 1682; x_wconf 83' lang='grc' dir='ltr'><strong>γὰρ</strong></span> <span class='ocrx_word' id='word_1_210' title='bbox 235 1638 345 1682; x_wconf 83' lang='grc' dir='ltr'><em>δήπου</em></span> <span class='ocrx_word' id='word_1_211' title='bbox 371 1652 403 1671; x_wconf 88' lang='grc' dir='ltr'><strong>οι</strong></span> <span class='ocrx_word' id='word_1_212' title='bbox 429 1641 494 1678; x_wconf 75' lang='grc' dir='ltr'><em>,ιιὲι</em></span> <span class='ocrx_word' id='word_1_213' title='bbox 518 1638 731 1677; x_wconf 75' lang='grc' dir='ltr'><em>κλέπτοισιι,</em></span> <span class='ocrx_word' id='word_1_214' title='bbox 758 1640 793 1672; x_wconf 80' lang='grc' dir='ltr'><strong>οἱ</strong></span> 
     </span>
     <span class='ocr_line' id='line_1_30' title="bbox 153 1683 789 1727; baseline 0.002 -11"><span class='ocrx_word' id='word_1_215' title='bbox 153 1684 191 1717; x_wconf 85' lang='grc' dir='ltr'><strong>δὲ</strong></span> <span class='ocrx_word' id='word_1_216' title='bbox 223 1684 506 1727; x_wconf 77' lang='grc' dir='ltr'><em>τοιχωρυχοῦσιν,</em></span> <span class='ocrx_word' id='word_1_217' title='bbox 538 1685 573 1717; x_wconf 83' lang='grc' dir='ltr'><strong>οἱ</strong></span> <span class='ocrx_word' id='word_1_218' title='bbox 599 1685 636 1717; x_wconf 79' lang='grc' dir='ltr'><strong>δὲ</strong></span> <span class='ocrx_word' id='word_1_219' title='bbox 659 1683 748 1727; x_wconf 81' lang='grc' dir='ltr'><em>ἀιδρ</em></span> <span class='ocrx_word' id='word_1_220' title='bbox 754 1699 789 1717; x_wconf 85' lang='grc' dir='ltr'><strong>α-</strong></span> 
     </span>
     <span class='ocr_line' id='line_1_31' title="bbox 153 1730 791 1771; baseline 0 -9"><span class='ocrx_word' id='word_1_221' title='bbox 153 1730 363 1771; x_wconf 74' lang='grc' dir='ltr'><em>ποδίζονται.</em></span> <span class='ocrx_word' id='word_1_222' title='bbox 394 1732 536 1763; x_wconf 82' lang='lat' dir='ltr'><strong>Memor.</strong></span> <span class='ocrx_word' id='word_1_223' title='bbox 554 1732 579 1770; x_wconf 92' lang='grc' dir='ltr'><strong>Ι,</strong></span> <span class='ocrx_word' id='word_1_224' title='bbox 594 1730 625 1770; x_wconf 89' lang='grc'><strong>2,</strong></span> <span class='ocrx_word' id='word_1_225' title='bbox 643 1730 708 1771; x_wconf 72' lang='grc'><strong>62,</strong></span> <span class='ocrx_word' id='word_1_226' title='bbox 731 1732 791 1763; x_wconf 87' lang='lat' dir='ltr'><strong>ubi</strong></span> 
     </span>
     <span class='ocr_line' id='line_1_32' title="bbox 151 1776 688 1809; baseline 0 -1"><span class='ocrx_word' id='word_1_227' title='bbox 151 1776 268 1808; x_wconf 85' lang='lat' dir='ltr'><strong>eadem</strong></span> <span class='ocrx_word' id='word_1_228' title='bbox 293 1776 435 1808; x_wconf 79' lang='lat' dir='ltr'><strong>erimina</strong></span> <span class='ocrx_word' id='word_1_229' title='bbox 458 1780 688 1809; x_wconf 79' lang='lat' dir='ltr'><strong>recensentur.</strong></span> 
     </span>
     <span class='ocr_line' id='line_1_33' title="bbox 198 1819 789 1862; baseline 0 -9"><span class='ocrx_word' id='word_1_230' title='bbox 198 1819 285 1853; x_wconf 77' lang='grc' dir='ltr'><strong>ἄνω</strong></span> <span class='ocrx_word' id='word_1_231' title='bbox 319 1820 415 1854; x_wconf 78' lang='grc' dir='ltr'><em>ἐκεῖ</em></span> <span class='ocrx_word' id='word_1_232' title='bbox 445 1821 488 1853; x_wconf 82' lang='grc' dir='ltr'><strong>ἐν</strong></span> <span class='ocrx_word' id='word_1_233' title='bbox 522 1827 609 1855; x_wconf 75' lang='grc' dir='ltr'><em>τοῖς</em></span> <span class='ocrx_word' id='word_1_234' title='bbox 636 1822 789 1862; x_wconf 77' lang='grc' dir='ltr'><em>ἔμπρο-</em></span> 
     </span>
     <span class='ocr_line' id='line_1_34' title="bbox 155 1866 791 1910; baseline -0.002 -12"><span class='ocrx_word' id='word_1_235' title='bbox 155 1868 264 1899; x_wconf 71' lang='grc' dir='ltr'><em>σθεν</em></span> <span class='ocrx_word' id='word_1_236' title='bbox 288 1866 335 1910; x_wconf 57' lang='lat' dir='ltr'><strong>L]</strong></span> <span class='ocrx_word' id='word_1_237' title='bbox 360 1867 476 1899; x_wconf 83' lang='lat' dir='ltr'><strong>Nimia</strong></span> <span class='ocrx_word' id='word_1_238' title='bbox 500 1867 584 1899; x_wconf 84' lang='lat' dir='ltr'><strong>haee</strong></span> <span class='ocrx_word' id='word_1_239' title='bbox 609 1868 645 1898; x_wconf 88' lang='lat' dir='ltr'><strong>in</strong></span> <span class='ocrx_word' id='word_1_240' title='bbox 669 1878 704 1898; x_wconf 89' lang='lat' dir='ltr'><strong>re</strong></span> <span class='ocrx_word' id='word_1_241' title='bbox 730 1867 791 1898; x_wconf 89' lang='lat' dir='ltr'><strong>vili</strong></span> 
     </span>
     <span class='ocr_line' id='line_1_35' title="bbox 152 1912 790 1945; baseline 0 -2"><span class='ocrx_word' id='word_1_242' title='bbox 152 1912 310 1944; x_wconf 81' lang='lat' dir='ltr'><strong>dictionis</strong></span> <span class='ocrx_word' id='word_1_243' title='bbox 355 1912 505 1945; x_wconf 84' lang='lat' dir='ltr'><strong>ubertas.</strong></span> <span class='ocrx_word' id='word_1_244' title='bbox 582 1913 790 1944; x_wconf 82' lang='lat' dir='ltr'><strong>Fioinus:</strong></span> 
     </span>
     <span class='ocr_line' id='line_1_36' title="bbox 152 1958 791 1999; baseline 0 -10"><span class='ocrx_word' id='word_1_245' title='bbox 152 1958 256 1990; x_wconf 83' lang='lat' dir='ltr'><strong>haee</strong></span> <span class='ocrx_word' id='word_1_246' title='bbox 278 1959 484 1999; x_wconf 89' lang='lat' dir='ltr'><strong>superius</strong></span> <span class='ocrx_word' id='word_1_247' title='bbox 506 1969 526 1989; x_wconf 90' lang='lat' dir='ltr'>a</span> <span class='ocrx_word' id='word_1_248' title='bbox 546 1958 674 1990; x_wconf 90' lang='lat' dir='ltr'><strong>nobis</strong></span> <span class='ocrx_word' id='word_1_249' title='bbox 698 1968 791 1990; x_wconf 84' lang='grc'>0011-</span> 
     </span>
     <span class='ocr_line' id='line_1_37' title="bbox 153 2003 790 2035; baseline 0.002 -1"><span class='ocrx_word' id='word_1_250' title='bbox 153 2013 198 2034; x_wconf 84' lang='lat' dir='ltr'><strong>ce</strong></span> <span class='ocrx_word' id='word_1_251' title='bbox 211 2013 290 2034; x_wconf 89' lang='lat' dir='ltr'><strong>ssa.</strong></span> <span class='ocrx_word' id='word_1_252' title='bbox 337 2003 420 2035; x_wconf 84' lang='lat' dir='ltr'><strong>Inde</strong></span> <span class='ocrx_word' id='word_1_253' title='bbox 452 2014 522 2034; x_wconf 87' lang='lat' dir='ltr'><strong>non</strong></span> <span class='ocrx_word' id='word_1_254' title='bbox 550 2004 639 2035; x_wconf 82' lang='lat' dir='ltr'><strong>male</strong></span> <span class='ocrx_word' id='word_1_255' title='bbox 663 2003 790 2035; x_wconf 88' lang='lat' dir='ltr'><strong>Find-</strong></span> 
     </span>
     <span class='ocr_line' id='line_1_38' title="bbox 152 2046 792 2089; baseline 0.002 -10"><span class='ocrx_word' id='word_1_256' title='bbox 152 2049 281 2079; x_wconf 87' lang='lat' dir='ltr'><strong>eisen.</strong></span> <span class='ocrx_word' id='word_1_257' title='bbox 313 2048 462 2080; x_wconf 79' lang='lat' dir='ltr'><strong>extudit:</strong></span> <span class='ocrx_word' id='word_1_258' title='bbox 498 2046 519 2079; x_wconf 86' lang='grc' dir='ltr'><strong>α’</strong></span> <span class='ocrx_word' id='word_1_259' title='bbox 533 2060 587 2080; x_wconf 77' lang='lat' dir='ltr'><strong>rw</strong></span> <span class='ocrx_word' id='word_1_260' title='bbox 601 2048 643 2080; x_wconf 80' lang='grc' dir='ltr'><em>τέ</em></span> <span class='ocrx_word' id='word_1_261' title='bbox 659 2061 675 2089; x_wconf 83' lang='grc' dir='ltr'><em>ρ</em></span> <span class='ocrx_word' id='word_1_262' title='bbox 689 2061 714 2080; x_wconf 85' lang='grc' dir='ltr'>ω</span> <span class='ocrx_word' id='word_1_263' title='bbox 747 2048 792 2080; x_wconf 78' lang='grc' dir='ltr'><strong>ὲν</strong></span> 
     </span>
     <span class='ocr_line' id='line_1_39' title="bbox 155 2093 790 2133; baseline 0 -8"><span class='ocrx_word' id='word_1_264' title='bbox 155 2097 245 2127; x_wconf 75' lang='grc' dir='ltr'><em>τοῖς</em></span> <span class='ocrx_word' id='word_1_265' title='bbox 272 2093 391 2133; x_wconf 79' lang='grc' dir='ltr'><strong>ἔμπρ.</strong></span> <span class='ocrx_word' id='word_1_266' title='bbox 418 2095 444 2124; x_wconf 78' lang='grc' dir='ltr'><strong>λ.</strong></span> <span class='ocrx_word' id='word_1_267' title='bbox 493 2093 603 2125; x_wconf 87' lang='lat' dir='ltr'>Simili</span> <span class='ocrx_word' id='word_1_268' title='bbox 634 2094 790 2126; x_wconf 82' lang='lat' dir='ltr'><strong>ubertate</strong></span> 
     </span>
     <span class='ocr_line' id='line_1_40' title="bbox 152 2136 792 2180; baseline 0.002 -10"><span class='ocrx_word' id='word_1_269' title='bbox 152 2149 254 2180; x_wconf 88' lang='lat' dir='ltr'><strong>supra</strong></span> <span class='ocrx_word' id='word_1_270' title='bbox 277 2149 309 2180; x_wconf 91' lang='lat' dir='ltr'><strong>p.</strong></span> <span class='ocrx_word' id='word_1_271' title='bbox 331 2137 407 2171; x_wconf 85' lang='lat'><strong>467.</strong></span> <span class='ocrx_word' id='word_1_272' title='bbox 432 2139 479 2170; x_wconf 90' lang='lat' dir='ltr'><strong>B:</strong></span> <span class='ocrx_word' id='word_1_273' title='bbox 505 2136 579 2179; x_wconf 77' lang='grc' dir='ltr'><em>ἄρτι</em></span> <span class='ocrx_word' id='word_1_274' title='bbox 603 2158 646 2162; x_wconf 95' lang='grc'><strong>-</strong></span> <span class='ocrx_word' id='word_1_275' title='bbox 671 2138 792 2171; x_wconf 75' lang='grc' dir='ltr'><em>τούτου</em></span> 
     </span>
     <span class='ocr_line' id='line_1_41' title="bbox 155 2182 792 2225; baseline 0 -10"><span class='ocrx_word' id='word_1_276' title='bbox 155 2182 327 2225; x_wconf 65' lang='grc' dir='ltr'><strong>πρόσθεν.</strong></span> <span class='ocrx_word' id='word_1_277' title='bbox 380 2184 574 2225; x_wconf 83' lang='lat' dir='ltr'><strong>Respicitur</strong></span> <span class='ocrx_word' id='word_1_278' title='bbox 604 2189 718 2217; x_wconf 85' lang='lat' dir='ltr'><strong>autem</strong></span> <span class='ocrx_word' id='word_1_279' title='bbox 750 2184 792 2216; x_wconf 85' lang='lat' dir='ltr'><strong>ad</strong></span> 
     </span>
     <span class='ocr_line' id='line_1_42' title="bbox 152 2227 789 2271; baseline 0.002 -10"><span class='ocrx_word' id='word_1_280' title='bbox 152 2240 204 2269; x_wconf 86' lang='lat' dir='ltr'><strong>ea,</strong></span> <span class='ocrx_word' id='word_1_281' title='bbox 236 2239 324 2270; x_wconf 83' lang='lat' dir='ltr'><strong>quae</strong></span> <span class='ocrx_word' id='word_1_282' title='bbox 349 2239 423 2271; x_wconf 86' lang='lat' dir='ltr'><strong>cap.</strong></span> <span class='ocrx_word' id='word_1_283' title='bbox 445 2227 499 2263; x_wconf 90' lang='lat'><strong>31</strong></span> <span class='ocrx_word' id='word_1_284' title='bbox 526 2233 560 2260; x_wconf 81' lang='lat' dir='ltr'><strong>et</strong></span> <span class='ocrx_word' id='word_1_285' title='bbox 582 2227 636 2262; x_wconf 85' lang='lat'><strong>43.</strong></span> <span class='ocrx_word' id='word_1_286' title='bbox 662 2241 682 2262; x_wconf 86' lang='lat' dir='ltr'>a</span> <span class='ocrx_word' id='word_1_287' title='bbox 706 2230 789 2262; x_wconf 91' lang='lat' dir='ltr'><strong>Polo</strong></span> 
     </span>
     <span class='ocr_line' id='line_1_43' title="bbox 152 2274 733 2307; baseline 0 -1"><span class='ocrx_word' id='word_1_288' title='bbox 152 2279 186 2307; x_wconf 82' lang='lat' dir='ltr'><strong>et</strong></span> <span class='ocrx_word' id='word_1_289' title='bbox 210 2274 353 2306; x_wconf 81' lang='lat' dir='ltr'><strong>Callicle</strong></span> <span class='ocrx_word' id='word_1_290' title='bbox 377 2278 457 2307; x_wconf 82' lang='lat' dir='ltr'><strong>sunt</strong></span> <span class='ocrx_word' id='word_1_291' title='bbox 481 2284 656 2306; x_wconf 80' lang='lat' dir='ltr'><strong>concessa.</strong></span> <span class='ocrx_word' id='word_1_292' title='bbox 729 2288 733 2289; x_wconf 46' lang='lat'><em>⁷</em></span> 
     </span>
     <span class='ocr_line' id='line_1_44' title="bbox 197 2317 788 2363; baseline 0.002 -12"><span class='ocrx_word' id='word_1_293' title='bbox 197 2320 235 2351; x_wconf 89' lang='lat' dir='ltr'><strong>P.</strong></span> <span class='ocrx_word' id='word_1_294' title='bbox 260 2318 340 2352; x_wconf 80' lang='lat'><strong>509.</strong></span> <span class='ocrx_word' id='word_1_295' title='bbox 395 2320 466 2352; x_wconf 79' lang='grc' dir='ltr'><strong>καὶ</strong></span> <span class='ocrx_word' id='word_1_296' title='bbox 507 2331 545 2351; x_wconf 83' lang='grc' dir='ltr'><strong>ει</strong></span> <span class='ocrx_word' id='word_1_297' title='bbox 585 2317 788 2363; x_wconf 79' lang='grc' dir='ltr'><em>ἀγροικό-</em></span> 
     </span>
     <span class='ocr_line' id='line_1_45' title="bbox 155 2362 790 2407; baseline 0.002 -11"><span class='ocrx_word' id='word_1_298' title='bbox 155 2362 287 2406; x_wconf 79' lang='grc' dir='ltr'><em>τερόν</em></span> <span class='ocrx_word' id='word_1_299' title='bbox 318 2363 371 2407; x_wconf 86' lang='grc' dir='ltr'><strong>τι]</strong></span> <span class='ocrx_word' id='word_1_300' title='bbox 409 2365 519 2407; x_wconf 81' lang='lat' dir='ltr'><strong>Attigi</strong></span> <span class='ocrx_word' id='word_1_301' title='bbox 542 2365 722 2396; x_wconf 83' lang='lat' dir='ltr'><strong>formulam</strong></span> <span class='ocrx_word' id='word_1_302' title='bbox 748 2365 790 2397; x_wconf 83' lang='lat' dir='ltr'><strong>ad</strong></span> 
     </span>
     <span class='ocr_line' id='line_1_46' title="bbox 153 2408 790 2452; baseline 0.002 -11"><span class='ocrx_word' id='word_1_303' title='bbox 153 2421 185 2451; x_wconf 89' lang='lat' dir='ltr'><strong>p.</strong></span> <span class='ocrx_word' id='word_1_304' title='bbox 200 2408 277 2443; x_wconf 89' lang='grc'><strong>462.</strong></span> <span class='ocrx_word' id='word_1_305' title='bbox 294 2410 333 2441; x_wconf 88' lang='grc' dir='ltr'><strong>Ε.</strong></span> <span class='ocrx_word' id='word_1_306' title='bbox 369 2411 509 2442; x_wconf 76' lang='lat' dir='ltr'><strong>Invelso</strong></span> <span class='ocrx_word' id='word_1_307' title='bbox 528 2411 645 2442; x_wconf 86' lang='lat' dir='ltr'>ordine</span> <span class='ocrx_word' id='word_1_308' title='bbox 670 2421 700 2452; x_wconf 90' lang='lat' dir='ltr'><strong>p.</strong></span> <span class='ocrx_word' id='word_1_309' title='bbox 714 2409 790 2443; x_wconf 83' lang='grc'><strong>486.</strong></span> 
     </span>
     <span class='ocr_line' id='line_1_47' title="bbox 155 2453 789 2498; baseline -0.003 -11"><span class='ocrx_word' id='word_1_310' title='bbox 155 2455 201 2487; x_wconf 83' lang='lat' dir='ltr'><strong>C:</strong></span> <span class='ocrx_word' id='word_1_311' title='bbox 234 2455 271 2486; x_wconf 85' lang='grc' dir='ltr'><strong>εἴ</strong></span> <span class='ocrx_word' id='word_1_312' title='bbox 291 2467 318 2486; x_wconf 90' lang='grc' dir='ltr'><strong>τι</strong></span> <span class='ocrx_word' id='word_1_313' title='bbox 342 2456 396 2487; x_wconf 84' lang='grc' dir='ltr'><strong>καὶ</strong></span> <span class='ocrx_word' id='word_1_314' title='bbox 422 2453 670 2498; x_wconf 74' lang='grc' dir='ltr'><em>ἀγροικότερον</em></span> <span class='ocrx_word' id='word_1_315' title='bbox 694 2455 789 2498; x_wconf 77' lang='grc' dir='ltr'><em>εἰρῆ-</em></span> 
     </span>
     <span class='ocr_line' id='line_1_48' title="bbox 157 2500 790 2544; baseline 0.002 -13"><span class='ocrx_word' id='word_1_316' title='bbox 157 2501 249 2538; x_wconf 68' lang='grc' dir='ltr'><em>σθαι,</em></span> <span class='ocrx_word' id='word_1_317' title='bbox 273 2500 363 2531; x_wconf 89' lang='lat' dir='ltr'><strong>unde</strong></span> <span class='ocrx_word' id='word_1_318' title='bbox 389 2501 465 2542; x_wconf 89' lang='lat' dir='ltr'><strong>quis</strong></span> <span class='ocrx_word' id='word_1_319' title='bbox 486 2502 628 2544; x_wconf 79' lang='lat' dir='ltr'><strong>colligat</strong></span> <span class='ocrx_word' id='word_1_320' title='bbox 650 2501 790 2543; x_wconf 81' lang='lat' dir='ltr'><strong>perinde</strong></span> 
     </span>
     <span class='ocr_line' id='line_1_49' title="bbox 154 2545 791 2585; baseline 0.003 -9"><span class='ocrx_word' id='word_1_321' title='bbox 154 2555 240 2585; x_wconf 88' lang='lat' dir='ltr'><strong>esse,</strong></span> <span class='ocrx_word' id='word_1_322' title='bbox 264 2549 379 2577; x_wconf 81' lang='lat' dir='ltr'><strong>utrum</strong></span> <span class='ocrx_word' id='word_1_323' title='bbox 403 2545 438 2577; x_wconf 80' lang='grc' dir='ltr'><strong>εἰ</strong></span> <span class='ocrx_word' id='word_1_324' title='bbox 459 2548 519 2577; x_wconf 79' lang='grc' dir='ltr'><strong>καί</strong></span> <span class='ocrx_word' id='word_1_325' title='bbox 538 2558 582 2578; x_wconf 80' lang='lat' dir='ltr'><strong>an</strong></span> <span class='ocrx_word' id='word_1_326' title='bbox 607 2547 660 2578; x_wconf 81' lang='grc' dir='ltr'><strong>καὶ</strong></span> <span class='ocrx_word' id='word_1_327' title='bbox 686 2546 720 2578; x_wconf 82' lang='grc' dir='ltr'><strong>εἰ</strong></span> <span class='ocrx_word' id='word_1_328' title='bbox 743 2547 791 2578; x_wconf 82' lang='grc'>(11-</span> 
     </span>
     <span class='ocr_line' id='line_1_50' title="bbox 154 2593 791 2632; baseline 0.003 -11"><span class='ocrx_word' id='word_1_329' title='bbox 154 2594 261 2630; x_wconf 83' lang='lat' dir='ltr'><strong>eatur,</strong></span> <span class='ocrx_word' id='word_1_330' title='bbox 287 2601 388 2632; x_wconf 81' lang='lat' dir='ltr'><strong>quam</strong></span> <span class='ocrx_word' id='word_1_331' title='bbox 413 2593 615 2624; x_wconf 85' lang='lat' dir='ltr'><strong>sententiam</strong></span> <span class='ocrx_word' id='word_1_332' title='bbox 641 2593 791 2632; x_wconf 80' lang='lat' dir='ltr'><strong>amplexi</strong></span> 
     </span>
     <span class='ocr_line' id='line_1_51' title="bbox 154 2636 789 2669; baseline 0.002 -2"><span class='ocrx_word' id='word_1_333' title='bbox 154 2640 235 2667; x_wconf 86' lang='lat' dir='ltr'><strong>sunt</strong></span> <span class='ocrx_word' id='word_1_334' title='bbox 279 2636 570 2668; x_wconf 87' lang='lat' dir='ltr'><strong>Heindorfius</strong></span> <span class='ocrx_word' id='word_1_335' title='bbox 614 2637 656 2669; x_wconf 84' lang='lat' dir='ltr'><strong>ad</strong></span> <span class='ocrx_word' id='word_1_336' title='bbox 697 2638 729 2668; x_wconf 91' lang='lat' dir='ltr'><strong>h.</strong></span> <span class='ocrx_word' id='word_1_337' title='bbox 768 2638 789 2668; x_wconf 90' lang='lat'><strong>1.</strong></span> 
     </span>
     <span class='ocr_line' id='line_1_52' title="bbox 153 2680 790 2724; baseline 0.003 -13"><span class='ocrx_word' id='word_1_338' title='bbox 153 2680 383 2713; x_wconf 78' lang='lat' dir='ltr'><strong>Matthiae.</strong></span> <span class='ocrx_word' id='word_1_339' title='bbox 417 2681 474 2713; x_wconf 84' lang='lat' dir='ltr'><strong>Gr.</strong></span> <span class='ocrx_word' id='word_1_340' title='bbox 503 2682 658 2724; x_wconf 87' lang='lat' dir='ltr'><strong>amplior.</strong></span> <span class='ocrx_word' id='word_1_341' title='bbox 683 2683 725 2713; x_wconf 83' lang='lat' dir='ltr'><strong>T.</strong></span> <span class='ocrx_word' id='word_1_342' title='bbox 748 2683 790 2713; x_wconf 94' lang='lat' dir='ltr'><strong>II.</strong></span> 
     </span>
     <span class='ocr_line' id='line_1_53' title="bbox 153 2724 790 2768; baseline 0.003 -11"><span class='ocrx_word' id='word_1_343' title='bbox 153 2736 185 2768; x_wconf 89' lang='lat' dir='ltr'><strong>p.</strong></span> <span class='ocrx_word' id='word_1_344' title='bbox 210 2724 298 2757; x_wconf 84' lang='grc'>1252</span> <span class='ocrx_word' id='word_1_345' title='bbox 322 2736 391 2768; x_wconf 85' lang='lat' dir='ltr'><strong>seq.</strong></span> <span class='ocrx_word' id='word_1_346' title='bbox 415 2726 486 2758; x_wconf 83' lang='lat' dir='ltr'><strong>alii.</strong></span> <span class='ocrx_word' id='word_1_347' title='bbox 527 2728 651 2759; x_wconf 81' lang='lat' dir='ltr'><strong>Verum</strong></span> <span class='ocrx_word' id='word_1_348' title='bbox 677 2731 790 2759; x_wconf 83' lang='lat' dir='ltr'><strong>tamen</strong></span> 
     </span>
    </p>
   </div>
   <div class='ocr_carea' id='block_1_16' title="bbox 859 1459 1501 2137">
    <p class='ocr_par' dir='ltr' id='par_1_16' title="bbox 859 1459 1500 1548">
     <span class='ocr_line' id='line_1_54' title="bbox 859 1459 1500 1501; baseline 0 -10"><span class='ocrx_word' id='word_1_349' title='bbox 859 1459 1006 1491; x_wconf 82' lang='lat' dir='ltr'><strong>tenenda</strong></span> <span class='ocrx_word' id='word_1_350' title='bbox 1052 1463 1130 1491; x_wconf 84' lang='lat' dir='ltr'><strong>sunt</strong></span> <span class='ocrx_word' id='word_1_351' title='bbox 1177 1470 1263 1501; x_wconf 85' lang='lat' dir='ltr'><strong>quae</strong></span> <span class='ocrx_word' id='word_1_352' title='bbox 1304 1459 1500 1491; x_wconf 81' lang='lat' dir='ltr'><strong>acutissimo</strong></span> 
     </span>
     <span class='ocr_line' id='line_1_55' title="bbox 860 1505 1500 1548; baseline 0 -12"><span class='ocrx_word' id='word_1_353' title='bbox 860 1505 1048 1545; x_wconf 84' lang='lat' dir='ltr'><strong>disputavit</strong></span> <span class='ocrx_word' id='word_1_354' title='bbox 1072 1506 1105 1536; x_wconf 94' lang='lat' dir='ltr'>H</span> <span class='ocrx_word' id='word_1_355' title='bbox 1115 1516 1132 1536; x_wconf 93' lang='lat' dir='ltr'><strong>e</strong></span> <span class='ocrx_word' id='word_1_356' title='bbox 1141 1516 1156 1536; x_wconf 90' lang='lat' dir='ltr'><strong>r</strong></span> <span class='ocrx_word' id='word_1_357' title='bbox 1166 1516 1198 1536; x_wconf 87' lang='lat' dir='ltr'><strong>m</strong></span> <span class='ocrx_word' id='word_1_358' title='bbox 1208 1516 1227 1537; x_wconf 85' lang='lat' dir='ltr'>a</span> <span class='ocrx_word' id='word_1_359' title='bbox 1237 1516 1259 1536; x_wconf 90' lang='lat' dir='ltr'><strong>n</strong></span> <span class='ocrx_word' id='word_1_360' title='bbox 1269 1516 1301 1539; x_wconf 89' lang='lat' dir='ltr'><strong>n</strong></span> <span class='ocrx_word' id='word_1_361' title='bbox 1323 1505 1368 1536; x_wconf 77' lang='lat' dir='ltr'><strong>ad</strong></span> <span class='ocrx_word' id='word_1_362' title='bbox 1386 1506 1500 1548; x_wconf 85' lang='lat' dir='ltr'><strong>Viger.</strong></span> 
     </span>
    </p>

    <p class='ocr_par' dir='ltr' id='par_1_17' title="bbox 860 1548 1499 1592">
     <span class='ocr_line' id='line_1_56' title="bbox 860 1548 1499 1592; baseline 0 -10"><span class='ocrx_word' id='word_1_363' title='bbox 860 1562 891 1592; x_wconf 88' lang='lat' dir='ltr'><strong>p.</strong></span> <span class='ocrx_word' id='word_1_364' title='bbox 915 1549 992 1582; x_wconf 85' lang='grc'><strong>832.</strong></span> <span class='ocrx_word' id='word_1_365' title='bbox 1039 1551 1175 1582; x_wconf 87' lang='lat' dir='ltr'><strong>Etenim</strong></span> <span class='ocrx_word' id='word_1_366' title='bbox 1201 1550 1256 1582; x_wconf 80' lang='grc' dir='ltr'><strong>καὶ</strong></span> <span class='ocrx_word' id='word_1_367' title='bbox 1282 1562 1311 1582; x_wconf 82' lang='grc' dir='ltr'><strong>ει</strong></span> <span class='ocrx_word' id='word_1_368' title='bbox 1339 1548 1499 1592; x_wconf 82' lang='grc' dir='ltr'><em>ἀγροικό·</em></span> 
     </span>
    </p>

    <p class='ocr_par' dir='ltr' id='par_1_18' title="bbox 862 1594 1499 1639">
     <span class='ocr_line' id='line_1_57' title="bbox 862 1594 1499 1639; baseline 0.002 -13"><span class='ocrx_word' id='word_1_369' title='bbox 862 1608 905 1627; x_wconf 81' lang='grc' dir='ltr'><em>τε</em></span> <span class='ocrx_word' id='word_1_370' title='bbox 900 1594 940 1625; x_wconf 85' lang='grc' dir='ltr'><strong>1ό</strong></span> <span class='ocrx_word' id='word_1_371' title='bbox 948 1608 964 1625; x_wconf 80' lang='grc' dir='ltr'><strong>ι</strong></span> <span class='ocrx_word' id='word_1_372' title='bbox 1008 1608 1032 1626; x_wconf 80' lang='grc' dir='ltr'><strong>τι</strong></span> <span class='ocrx_word' id='word_1_373' title='bbox 1064 1608 1093 1627; x_wconf 82' lang='grc' dir='ltr'><strong>ει</strong></span> <span class='ocrx_word' id='word_1_374' title='bbox 1102 1600 1176 1627; x_wconf 74' lang='grc' dir='ltr'><strong>πεῖν</strong></span> <span class='ocrx_word' id='word_1_375' title='bbox 1210 1595 1279 1627; x_wconf 66' lang='grc' dir='ltr'><em>ἐστι</em></span> <span class='ocrx_word' id='word_1_376' title='bbox 1311 1596 1499 1639; x_wconf 81' lang='lat' dir='ltr'><strong>signifieat:</strong></span> 
     </span>
    </p>

    <p class='ocr_par' dir='ltr' id='par_1_19' title="bbox 860 1641 1501 2137">
     <span class='ocr_line' id='line_1_58' title="bbox 861 1641 1500 1684; baseline 0.003 -13"><span class='ocrx_word' id='word_1_377' title='bbox 861 1641 929 1673; x_wconf 89' lang='lat' dir='ltr'><strong>vel</strong></span> <span class='ocrx_word' id='word_1_378' title='bbox 950 1645 1047 1680; x_wconf 83' lang='lat' dir='ltr'><strong>tum,</strong></span> <span class='ocrx_word' id='word_1_379' title='bbox 1074 1643 1108 1672; x_wconf 86' lang='lat' dir='ltr'><strong>si</strong></span> <span class='ocrx_word' id='word_1_380' title='bbox 1132 1642 1251 1673; x_wconf 78' lang='lat' dir='ltr'><strong>dictu</strong></span> <span class='ocrx_word' id='word_1_381' title='bbox 1271 1642 1328 1673; x_wconf 83' lang='lat' dir='ltr'><strong>sit</strong></span> <span class='ocrx_word' id='word_1_382' title='bbox 1350 1641 1500 1684; x_wconf 82' lang='lat' dir='ltr'><strong>paullo</strong></span> 
     </span>
     <span class='ocr_line' id='line_1_59' title="bbox 861 1686 1500 1728; baseline 0.003 -11"><span class='ocrx_word' id='word_1_383' title='bbox 861 1687 933 1718; x_wconf 85' lang='grc'>11111</span> <span class='ocrx_word' id='word_1_384' title='bbox 944 1698 959 1717; x_wconf 87' lang='lat' dir='ltr'><strong>r</strong></span> <span class='ocrx_word' id='word_1_385' title='bbox 971 1686 990 1717; x_wconf 89' lang='lat' dir='ltr'><strong>b</strong></span> <span class='ocrx_word' id='word_1_386' title='bbox 1002 1697 1021 1717; x_wconf 86' lang='lat' dir='ltr'>a</span> <span class='ocrx_word' id='word_1_387' title='bbox 1030 1687 1072 1718; x_wconf 84' lang='grc'><strong>111</strong></span> <span class='ocrx_word' id='word_1_388' title='bbox 1083 1698 1103 1718; x_wconf 90' lang='lat' dir='ltr'><strong>u</strong></span> <span class='ocrx_word' id='word_1_389' title='bbox 1113 1698 1145 1726; x_wconf 92' lang='lat' dir='ltr'><strong>s,</strong></span> <span class='ocrx_word' id='word_1_390' title='bbox 1167 1698 1233 1728; x_wconf 89' lang='lat' dir='ltr'><strong>quo</strong></span> <span class='ocrx_word' id='word_1_391' title='bbox 1247 1687 1418 1719; x_wconf 78' lang='lat' dir='ltr'><strong>indicatur</strong></span> <span class='ocrx_word' id='word_1_392' title='bbox 1430 1699 1500 1719; x_wconf 85' lang='lat' dir='ltr'><strong>rem</strong></span> 
     </span>
     <span class='ocr_line' id='line_1_60' title="bbox 861 1733 1500 1765; baseline 0.003 -3"><span class='ocrx_word' id='word_1_393' title='bbox 861 1742 935 1763; x_wconf 81' lang='lat' dir='ltr'><strong>esse</strong></span> <span class='ocrx_word' id='word_1_394' title='bbox 977 1733 1140 1764; x_wconf 76' lang='lat' dir='ltr'><strong>incertam</strong></span> <span class='ocrx_word' id='word_1_395' title='bbox 1180 1737 1239 1764; x_wconf 85' lang='lat' dir='ltr'><strong>aut</strong></span> <span class='ocrx_word' id='word_1_396' title='bbox 1274 1743 1342 1764; x_wconf 82' lang='lat' dir='ltr'><strong>non</strong></span> <span class='ocrx_word' id='word_1_397' title='bbox 1374 1744 1500 1765; x_wconf 82' lang='lat' dir='ltr'><strong>veram.</strong></span> 
     </span>
     <span class='ocr_line' id='line_1_61' title="bbox 860 1777 1501 1818; baseline 0.003 -10"><span class='ocrx_word' id='word_1_398' title='bbox 860 1778 979 1818; x_wconf 84' lang='lat' dir='ltr'><strong>Itaque</strong></span> <span class='ocrx_word' id='word_1_399' title='bbox 1022 1777 1087 1809; x_wconf 82' lang='lat' dir='ltr'><strong>hoc</strong></span> <span class='ocrx_word' id='word_1_400' title='bbox 1125 1778 1201 1809; x_wconf 87' lang='grc' dir='ltr'><strong>10οο</strong></span> <span class='ocrx_word' id='word_1_401' title='bbox 1244 1780 1398 1810; x_wconf 74' lang='lat' dir='ltr'><strong>Socrates</strong></span> <span class='ocrx_word' id='word_1_402' title='bbox 1435 1779 1501 1810; x_wconf 83' lang='lat' dir='ltr'><strong>hoc</strong></span> 
     </span>
     <span class='ocr_line' id='line_1_62' title="bbox 861 1822 1501 1864; baseline 0 -9"><span class='ocrx_word' id='word_1_403' title='bbox 861 1834 961 1855; x_wconf 85' lang='lat' dir='ltr'><strong>suum</strong></span> <span class='ocrx_word' id='word_1_404' title='bbox 993 1822 1033 1854; x_wconf 86' lang='lat' dir='ltr'><strong>de</strong></span> <span class='ocrx_word' id='word_1_405' title='bbox 1061 1823 1291 1864; x_wconf 81' lang='lat' dir='ltr'><strong>disputatione</strong></span> <span class='ocrx_word' id='word_1_406' title='bbox 1316 1824 1425 1855; x_wconf 82' lang='lat' dir='ltr'><strong>adhue</strong></span> <span class='ocrx_word' id='word_1_407' title='bbox 1450 1825 1501 1855; x_wconf 88' lang='lat' dir='ltr'><strong>in-</strong></span> 
     </span>
     <span class='ocr_line' id='line_1_63' title="bbox 862 1867 1500 1911; baseline 0.002 -11"><span class='ocrx_word' id='word_1_408' title='bbox 862 1869 976 1900; x_wconf 76' lang='lat' dir='ltr'><strong>stituta</strong></span> <span class='ocrx_word' id='word_1_409' title='bbox 990 1867 1153 1900; x_wconf 85' lang='lat' dir='ltr'><strong>iudicium</strong></span> <span class='ocrx_word' id='word_1_410' title='bbox 1168 1880 1236 1901; x_wconf 86' lang='lat' dir='ltr'><strong>non</strong></span> <span class='ocrx_word' id='word_1_411' title='bbox 1251 1880 1323 1901; x_wconf 87' lang='lat' dir='ltr'><strong>esse</strong></span> <span class='ocrx_word' id='word_1_412' title='bbox 1337 1881 1500 1911; x_wconf 83' lang='lat' dir='ltr'><strong>arrogans</strong></span> 
     </span>
     <span class='ocr_line' id='line_1_64' title="bbox 861 1913 1501 1956; baseline 0.002 -11"><span class='ocrx_word' id='word_1_413' title='bbox 861 1918 920 1945; x_wconf 80' lang='lat' dir='ltr'><strong>aut</strong></span> <span class='ocrx_word' id='word_1_414' title='bbox 944 1913 1151 1945; x_wconf 79' lang='lat' dir='ltr'><strong>inurbanum</strong></span> <span class='ocrx_word' id='word_1_415' title='bbox 1177 1914 1358 1956; x_wconf 83' lang='lat' dir='ltr'><strong>signifieat.</strong></span> <span class='ocrx_word' id='word_1_416' title='bbox 1405 1916 1501 1947; x_wconf 88' lang='lat' dir='ltr'><strong>Dieit</strong></span> 
     </span>
     <span class='ocr_line' id='line_1_65' title="bbox 861 1959 1501 2002; baseline 0.003 -12"><span class='ocrx_word' id='word_1_417' title='bbox 861 1959 951 1991; x_wconf 88' lang='lat' dir='ltr'><strong>enim</strong></span> <span class='ocrx_word' id='word_1_418' title='bbox 976 1960 1059 1990; x_wconf 81' lang='lat' dir='ltr'><strong>hoe:</strong></span> <span class='ocrx_word' id='word_1_419' title='bbox 1084 1960 1210 2000; x_wconf 84' lang='lat' dir='ltr'><strong>haee,</strong></span> <span class='ocrx_word' id='word_1_420' title='bbox 1236 1971 1346 2002; x_wconf 87' lang='lat' dir='ltr'><strong>quae</strong></span> <span class='ocrx_word' id='word_1_421' title='bbox 1371 1965 1501 1992; x_wconf 79' lang='lat' dir='ltr'><strong>antea</strong></span> 
     </span>
     <span class='ocr_line' id='line_1_66' title="bbox 861 2005 1500 2047; baseline 0.003 -12"><span class='ocrx_word' id='word_1_422' title='bbox 861 2005 1093 2046; x_wconf 78' lang='lat' dir='ltr'><strong>disputata</strong></span> <span class='ocrx_word' id='word_1_423' title='bbox 1151 2010 1255 2037; x_wconf 83' lang='lat' dir='ltr'><strong>sunt</strong></span> <span class='ocrx_word' id='word_1_424' title='bbox 1304 2007 1500 2047; x_wconf 85' lang='lat' dir='ltr'><strong>(etiamsi</strong></span> 
     </span>
     <span class='ocr_line' id='line_1_67' title="bbox 861 2050 1499 2091; baseline 0.005 -11"><span class='ocrx_word' id='word_1_425' title='bbox 861 2050 989 2081; x_wconf 76' lang='lat' dir='ltr'><strong>dictu</strong></span> <span class='ocrx_word' id='word_1_426' title='bbox 1057 2051 1115 2081; x_wconf 90' lang='lat' dir='ltr'><strong>sit</strong></span> <span class='ocrx_word' id='word_1_427' title='bbox 1177 2051 1499 2091; x_wconf 84' lang='lat' dir='ltr'><strong>immodestius,</strong></span> 
     </span>
     <span class='ocr_line' id='line_1_68' title="bbox 862 2094 1500 2137; baseline 0.003 -11"><span class='ocrx_word' id='word_1_428' title='bbox 862 2094 972 2137; x_wconf 85' lang='lat' dir='ltr'><strong>quod</strong></span> <span class='ocrx_word' id='word_1_429' title='bbox 1025 2099 1138 2127; x_wconf 85' lang='lat' dir='ltr'><strong>tame</strong></span> <span class='ocrx_word' id='word_1_430' title='bbox 1152 2107 1174 2127; x_wconf 90' lang='lat' dir='ltr'><strong>n</strong></span> <span class='ocrx_word' id='word_1_431' title='bbox 1222 2107 1307 2127; x_wconf 89' lang='grc'>11011</span> <span class='ocrx_word' id='word_1_432' title='bbox 1364 2099 1500 2137; x_wconf 84' lang='lat' dir='ltr'><strong>puto),</strong></span> 
     </span>
    </p>
   </div>
   <div class='ocr_carea' id='block_1_17' title="bbox 860 2141 1500 2273">
    <p class='ocr_par' dir='ltr' id='par_1_20' title="bbox 860 2141 1500 2265">
     <span class='ocr_line' id='line_1_69' title="bbox 862 2141 1500 2174; baseline 0.006 -4"><span class='ocrx_word' id='word_1_433' title='bbox 862 2141 1015 2172; x_wconf 80' lang='lat' dir='ltr'><strong>vineta</strong></span> <span class='ocrx_word' id='word_1_434' title='bbox 1076 2146 1177 2173; x_wconf 85' lang='lat' dir='ltr'><strong>sunt</strong></span> <span class='ocrx_word' id='word_1_435' title='bbox 1244 2142 1500 2174; x_wconf 82' lang='lat' dir='ltr'><strong>rationibus</strong></span> 
     </span>
     <span class='ocr_line' id='line_1_70' title="bbox 863 2185 1498 2220; baseline 0.005 -4"><span class='ocrx_word' id='word_1_436' title='bbox 863 2185 1022 2217; x_wconf 84' lang='lat' dir='ltr'><strong>ferreis</strong></span> <span class='ocrx_word' id='word_1_437' title='bbox 1083 2190 1128 2218; x_wconf 89' lang='lat' dir='ltr'><strong>et</strong></span> <span class='ocrx_word' id='word_1_438' title='bbox 1180 2186 1498 2220; x_wconf 78' lang='lat' dir='ltr'><strong>adamantinis.</strong></span> 
     </span>
     <span class='ocr_line' id='line_1_71' title="bbox 860 2230 1500 2273; baseline 0.005 -11"><span class='ocrx_word' id='word_1_439' title='bbox 860 2231 966 2262; x_wconf 81' lang='lat' dir='ltr'><strong>Seous</strong></span> <span class='ocrx_word' id='word_1_440' title='bbox 998 2235 1049 2262; x_wconf 82' lang='lat' dir='ltr'><strong>est</strong></span> <span class='ocrx_word' id='word_1_441' title='bbox 1080 2230 1212 2273; x_wconf 81' lang='lat' dir='ltr'><strong>p.486.</strong></span> <span class='ocrx_word' id='word_1_442' title='bbox 1239 2232 1294 2272; x_wconf 92' lang='lat' dir='ltr'><strong>C.,</strong></span> <span class='ocrx_word' id='word_1_443' title='bbox 1330 2232 1390 2264; x_wconf 90' lang='lat' dir='ltr'><strong>ubi</strong></span> <span class='ocrx_word' id='word_1_444' title='bbox 1423 2233 1500 2265; x_wconf 81' lang='lat' dir='ltr'>Cal-</span> 
     </span>
    </p>
   </div>
   <div class='ocr_carea' id='block_1_18' title="bbox 859 2242 1499 2717">
    <p class='ocr_par' dir='ltr' id='par_1_21' title="bbox 859 2242 1499 2496">
     <span class='ocr_line' id='line_1_72' title="bbox 859 2242 1499 2320; baseline 0.005 -13"><span class='ocrx_word' id='word_1_445' title='bbox 859 2276 956 2308; x_wconf 78' lang='lat' dir='ltr'><strong>licles</strong></span> <span class='ocrx_word' id='word_1_446' title='bbox 971 2242 1101 2307; x_wconf 74' lang='lat' dir='ltr'><strong>iudiciip</strong></span> <span class='ocrx_word' id='word_1_447' title='bbox 1107 2277 1159 2308; x_wconf 88' lang='lat' dir='ltr'><strong>sui</strong></span> <span class='ocrx_word' id='word_1_448' title='bbox 1183 2258 1401 2309; x_wconf 74' lang='lat' dir='ltr'><strong>aeeibitatem</strong></span> <span class='ocrx_word' id='word_1_449' title='bbox 1427 2279 1499 2320; x_wconf 85' lang='lat' dir='ltr'><strong>ipse</strong></span> 
     </span>
     <span class='ocr_line' id='line_1_73' title="bbox 860 2322 1498 2366; baseline 0.005 -13"><span class='ocrx_word' id='word_1_450' title='bbox 860 2322 1049 2353; x_wconf 83' lang='lat' dir='ltr'><strong>confitetur.</strong></span> <span class='ocrx_word' id='word_1_451' title='bbox 1075 2323 1193 2363; x_wconf 81' lang='lat' dir='ltr'><strong>Itaque</strong></span> <span class='ocrx_word' id='word_1_452' title='bbox 1210 2323 1287 2354; x_wconf 80' lang='grc' dir='ltr'><em>εἴτι</em></span> <span class='ocrx_word' id='word_1_453' title='bbox 1303 2324 1358 2355; x_wconf 82' lang='grc' dir='ltr'><strong>καὶ</strong></span> <span class='ocrx_word' id='word_1_454' title='bbox 1380 2336 1498 2366; x_wconf 60' lang='lat' dir='ltr'><strong>[typot-</strong></span> 
     </span>
     <span class='ocr_line' id='line_1_74' title="bbox 860 2365 1498 2409; baseline 0.005 -11"><span class='ocrx_word' id='word_1_455' title='bbox 860 2365 1005 2407; x_wconf 79' lang='grc' dir='ltr'><em>κότεροι</em></span> <span class='ocrx_word' id='word_1_456' title='bbox 1020 2367 1189 2409; x_wconf 61' lang='grc' dir='ltr'><em>ειρησθαι</em></span> <span class='ocrx_word' id='word_1_457' title='bbox 1204 2369 1252 2400; x_wconf 91' lang='lat' dir='ltr'><strong>1b1</strong></span> <span class='ocrx_word' id='word_1_458' title='bbox 1276 2369 1388 2401; x_wconf 78' lang='lat' dir='ltr'><strong>valet:</strong></span> <span class='ocrx_word' id='word_1_459' title='bbox 1415 2371 1498 2401; x_wconf 79' lang='lat' dir='ltr'><strong>etsi</strong></span> 
     </span>
     <span class='ocr_line' id='line_1_75' title="bbox 860 2413 1498 2454; baseline 0.005 -10"><span class='ocrx_word' id='word_1_460' title='bbox 860 2413 985 2444; x_wconf 82' lang='lat' dir='ltr'><strong>dictu</strong></span> <span class='ocrx_word' id='word_1_461' title='bbox 1027 2413 1180 2454; x_wconf 84' lang='lat' dir='ltr'><strong>paullo</strong></span> <span class='ocrx_word' id='word_1_462' title='bbox 1224 2414 1498 2447; x_wconf 81' lang='lat' dir='ltr'><strong>inurbanius</strong></span> 
     </span>
     <span class='ocr_line' id='line_1_76' title="bbox 860 2457 1200 2496; baseline 0.003 -7"><span class='ocrx_word' id='word_1_463' title='bbox 860 2461 941 2496; x_wconf 79' lang='lat' dir='ltr'><strong>est,</strong></span> <span class='ocrx_word' id='word_1_464' title='bbox 967 2457 1100 2489; x_wconf 85' lang='lat' dir='ltr'><strong>sicuti</strong></span> <span class='ocrx_word' id='word_1_465' title='bbox 1125 2463 1200 2490; x_wconf 87' lang='lat' dir='ltr'><strong>est.</strong></span> 
     </span>
    </p>

    <p class='ocr_par' dir='ltr' id='par_1_22' title="bbox 859 2501 1498 2717">
     <span class='ocr_line' id='line_1_77' title="bbox 907 2501 1497 2543; baseline 0.002 -9"><span class='ocrx_word' id='word_1_466' title='bbox 907 2502 1110 2543; x_wconf 66' lang='grc' dir='ltr'><em>σιδηροῖς</em></span> <span class='ocrx_word' id='word_1_467' title='bbox 1149 2505 1219 2536; x_wconf 82' lang='grc' dir='ltr'><strong>καὶ</strong></span> <span class='ocrx_word' id='word_1_468' title='bbox 1262 2501 1434 2543; x_wconf 81' lang='grc' dir='ltr'><em>ἀδαμαι·</em></span> <span class='ocrx_word' id='word_1_469' title='bbox 1446 2507 1497 2535; x_wconf 79' lang='grc' dir='ltr'><em>τί-</em></span> 
     </span>
     <span class='ocr_line' id='line_1_78' title="bbox 864 2546 1497 2591; baseline 0.005 -13"><span class='ocrx_word' id='word_1_470' title='bbox 864 2560 881 2578; x_wconf 87' lang='lat'>7</span> <span class='ocrx_word' id='word_1_471' title='bbox 892 2559 955 2580; x_wconf 68' lang='lat' dir='ltr'><strong>ots</strong></span> <span class='ocrx_word' id='word_1_472' title='bbox 995 2546 1141 2590; x_wconf 65' lang='grc' dir='ltr'><em>λόγοις</em></span> <span class='ocrx_word' id='word_1_473' title='bbox 1127 2548 1159 2591; x_wconf 86' lang='lat'>]</span> <span class='ocrx_word' id='word_1_474' title='bbox 1205 2550 1356 2591; x_wconf 83' lang='lat' dir='ltr'><strong>Elegans</strong></span> <span class='ocrx_word' id='word_1_475' title='bbox 1394 2553 1497 2581; x_wconf 84' lang='lat' dir='ltr'><strong>meta—</strong></span> 
     </span>
     <span class='ocr_line' id='line_1_79' title="bbox 859 2590 1499 2636; baseline 0.002 -12"><span class='ocrx_word' id='word_1_476' title='bbox 859 2593 976 2634; x_wconf 84' lang='lat' dir='ltr'><strong>phora.</strong></span> <span class='ocrx_word' id='word_1_477' title='bbox 993 2590 1144 2632; x_wconf 78' lang='grc' dir='ltr'><em>Ἀδαμάι</em></span> <span class='ocrx_word' id='word_1_478' title='bbox 1140 2607 1197 2626; x_wconf 76' lang='lat' dir='ltr'><strong>uz</strong></span> <span class='ocrx_word' id='word_1_479' title='bbox 1201 2606 1243 2625; x_wconf 83' lang='lat'><strong>01</strong></span> <span class='ocrx_word' id='word_1_480' title='bbox 1257 2606 1311 2626; x_wconf 82' lang='grc' dir='ltr'><strong>και</strong></span> <span class='ocrx_word' id='word_1_481' title='bbox 1328 2594 1428 2636; x_wconf 80' lang='grc' dir='ltr'><em>σιδηρ</em></span> <span class='ocrx_word' id='word_1_482' title='bbox 1434 2599 1499 2625; x_wconf 74' lang='lat' dir='ltr'><strong>osi·</strong></span> 
     </span>
     <span class='ocr_line' id='line_1_80' title="bbox 859 2638 1498 2680; baseline 0.005 -12"><span class='ocrx_word' id='word_1_483' title='bbox 859 2638 982 2669; x_wconf 79' lang='lat' dir='ltr'><strong>dieitur</strong></span> <span class='ocrx_word' id='word_1_484' title='bbox 1002 2639 1168 2680; x_wconf 88' lang='lat' dir='ltr'><strong>quidquid</strong></span> <span class='ocrx_word' id='word_1_485' title='bbox 1193 2644 1243 2671; x_wconf 87' lang='lat' dir='ltr'><strong>est</strong></span> <span class='ocrx_word' id='word_1_486' title='bbox 1266 2640 1498 2672; x_wconf 83' lang='lat' dir='ltr'><strong>firmissimum</strong></span> 
     </span>
     <span class='ocr_line' id='line_1_81' title="bbox 859 2683 1498 2717; baseline 0.006 -4"><span class='ocrx_word' id='word_1_487' title='bbox 859 2687 893 2714; x_wconf 88' lang='lat' dir='ltr'><strong>et</strong></span> <span class='ocrx_word' id='word_1_488' title='bbox 908 2683 1159 2716; x_wconf 85' lang='lat' dir='ltr'><strong>indissolubile.</strong></span> <span class='ocrx_word' id='word_1_489' title='bbox 1182 2695 1213 2715; x_wconf 92' lang='lat' dir='ltr'><strong>v.</strong></span> <span class='ocrx_word' id='word_1_490' title='bbox 1235 2686 1429 2717; x_wconf 84' lang='lat' dir='ltr'><strong>Perizon.</strong></span> <span class='ocrx_word' id='word_1_491' title='bbox 1456 2685 1498 2717; x_wconf 85' lang='lat' dir='ltr'><strong>ad</strong></span> 
     </span>
    </p>
   </div>
   <div class='ocr_carea' id='block_1_19' title="bbox 859 2728 1497 2773">
    <p class='ocr_par' dir='ltr' id='par_1_23' title="bbox 859 2728 1497 2773">
     <span class='ocr_line' id='line_1_82' title="bbox 859 2728 1497 2773; baseline 0.006 -13"><span class='ocrx_word' id='word_1_492' title='bbox 859 2728 933 2760; x_wconf 83' lang='lat' dir='ltr'><strong>Ael.</strong></span> <span class='ocrx_word' id='word_1_493' title='bbox 947 2728 1043 2760; x_wconf 81' lang='lat' dir='ltr'><strong>Varr.</strong></span> <span class='ocrx_word' id='word_1_494' title='bbox 1056 2729 1145 2762; x_wconf 82' lang='lat' dir='ltr'><strong>Hist.</strong></span> <span class='ocrx_word' id='word_1_495' title='bbox 1160 2730 1219 2771; x_wconf 87' lang='lat' dir='ltr'><strong>VI,</strong></span> <span class='ocrx_word' id='word_1_496' title='bbox 1241 2729 1292 2762; x_wconf 82' lang='lat'><strong>12.</strong></span> <span class='ocrx_word' id='word_1_497' title='bbox 1308 2734 1340 2762; x_wconf 87' lang='lat' dir='ltr'><strong>et</strong></span> <span class='ocrx_word' id='word_1_498' title='bbox 1352 2731 1497 2773; x_wconf 90' lang='lat' dir='ltr'><strong>interpp.</strong></span> 
     </span>
    </p>
   </div>
  </div>
 </body>
</html>
