1687 2969
215 167 293 202 304
752 163 1011 203 PLATONIS

213 271 498 323 ἀνθρώπους,
544 270 665 320 ὥςτε,
708 271 810 324 πρὶν
839 271 1134 319 ἰδιωτεύοντας
1172 270 1307 312 πολλὰ
1345 271 1422 324 μὲν
1451 270 1565 320 ὅπως

214 335 415 390 ἐτύχομεν
442 342 638 390 ποιῆσαι,
679 336 814 377 πολλὰ
857 337 900 377 δὲ
939 338 1213 389 κατορθῶσαι
1251 336 1321 377 καὶ
1350 337 1564 390 γυμνάσα-

214 405 318 442 offla
347 402 503 450 ἱκανῶς
530 401 608 455 τὴν
635 399 801 454 τέχνην,
832 403 879 442 τὸ
906 402 1138 455 λεγόμενον
1165 400 1217 455 δὴ
1245 407 1396 450 τοῦτο,
1428 400 1474 441 ἐν
1504 402 1563 457 τῷ

213 466 328 521 πίθῳ
356 464 435 519 τὴν
464 466 689 519 κεραμείαν
718 465 939 519 ἐπιχειρεῖν
960 467 1213 518 μανθάνειν,
1242 465 1312 507 καὶ
1334 466 1491 514 αὐτούς
1518 480 1562 506 τε

214 531 479 583 δημοσιεύειν
528 529 749 583 ἐπιχειρεῖν
798 531 868 571 καὶ
917 533 1072 579 ἄλλους
1111 531 1335 579 τοιούτους
1374 544 1562 583 παρακα-

212 598 323 645 λεῖνς
366 597 446 636 οὐκ
475 595 661 649 άνόητόν
698 605 765 636 σοι
807 596 925 636 δοκεῖ
958 595 1012 635 ἂν
1051 591 1159 636 εἶναι
1200 595 1310 636 οὕτω
1340 596 1561 647 πράττειν,·

218 661 353 700 ΚΑΛ.
380 656 565 714 ’Ἐμοιγε
638 662 740 701 ΣΩ.
788 662 889 701 Νῦν
936 659 1004 711 δέ,
1055 655 1087 701 ὦ
1136 660 1320 713 βέλτιστε
1375 661 1560 712 ἀνδρῶν,

214 724 354 778 ἐπειδὴ
385 721 437 766 σὺ
466 724 544 778 μὲν
573 726 700 774 αὐτὸς
728 728 823 778 ἄρτι
851 729 967 779 ἄρχει
995 727 1192 777 πράττειν
1219 726 1270 766 τὰ
1299 731 1372 779 τῆς
1400 726 1562 773 πόλεως

212 791 458 843 πράγματα,
510 789 579 842 ἐμὲ
625 789 669 831 δὲ
717 794 972 842 παρακαλεῖς
1009 790 1080 831 καὶ
1117 790 1352 841 ὀνειδίζεις,
1405 787 1468 832 ὅτι
1510 791 1562 832 οὐ

211 856 402 907 πράττω,
434 855 513 896 οὐκ
542 853 858 909 ἐπισκεψόμεθα
888 856 1122 908 ἀλλήλους,
1158 855 1288 908 Φέρε,
1322 858 1560 909 Καλλικλῆς

213 920 294 974 ἤδη
331 920 425 961 τινὰ
470 921 618 972 βελτίω
667 921 866 974 πεποίηκε
914 924 1000 961 τῶν
1046 923 1249 969 πολιτῶν,·
1299 919 1412 961 ἔστιν
1453 917 1562 969 ὅςτις

212 986 421 1038 πρότερον
462 984 650 1038 πονηρὸς
699 984 760 1026 ὢν
809 987 954 1034 ἄδικός
1002 1000 1043 1026 τε
1093 984 1162 1026 καὶ
1213 986 1445 1034 άκόλαστος
1492 985 1561 1027 καὶ

212 1053 366 1102 ἄφρων
409 1049 478 1090 διὰ
522 1048 758 1091 Καλλικλέα
801 1052 928 1099 καλός
965 1065 1007 1091 τε
1045 1051 1247 1103 ῗκάγαθὸς
1288 1051 1487 1104 γέγονεν,
1535 1051 1560 1104 ἢ

213 1115 330 1165 ξένος
372 1111 398 1168 ἢ
437 1115 584 1163 άστός,
627 1112 655 1168 ἢ
684 1116 836 1164 δοῦλος
875 1112 903 1168 ἢ
933 1114 1178 1168 ἐλεύθερος;
1218 1114 1326 1168 Λέγε
1355 1132 1446 1169 μοι,
1487 1114 1561 1156 έάν

212 1182 273 1229 τίς
302 1190 346 1221 σε
376 1187 508 1221 ταῦτα
538 1180 724 1234 ἐξετάζῃ,
757 1176 790 1222 ὦ
822 1181 1093 1231 Καλλίκλεις,
1123 1182 1162 1221 τί
1192 1179 1320 1233 έρεῖςς
1358 1182 1453 1222 τίνα
1482 1183 1560 1235 φή-

212 1255 296 1294 σεις
323 1246 471 1299 βελτίω
501 1246 776 1299 πεποιηκέναι
811 1249 1048 1299 ἄνθρωπον
1088 1253 1137 1300 τῇ
1167 1247 1376 1301 συνουσίᾳ
1403 1253 1454 1300 τῇ
1484 1253 1559 1300 σῇ,-

211 1335 262 1340 -
292 1311 453 1359 Ὀκνεῐς
488 1311 829 1363 άποκρίνασθαι,
869 1311 984 1363 εἴπερ
1022 1309 1107 1352 ἔστι
1144 1326 1183 1352 τι
1219 1309 1346 1364 ἔργον
1387 1311 1464 1353 σὸν
1503 1309 1562 1352 ἔτι

279 1499 319 1531 Ε.
345 1498 471 1531 δοκεῖ
491 1497 542 1530 ἂν
567 1494 707 1541 εἶναι]
733 1499 775 1531 V.
800 1499 935 1531 soloece
961 1498 1057 1541 δοκῇ.
1104 1500 1206 1531 Recte
1232 1498 1348 1531 Clark.
1372 1500 1449 1534 Vat.
1474 1500 1560 1532 Ven.

215 1544 294 1576 ΞΣ.
321 1544 381 1575 alii
405 1544 544 1586 plurimi
569 1544 672 1577 δοκεῖ.
698 1544 800 1576 vind.
825 1543 855 1577 6.
881 1548 914 1576 et
938 1545 1013 1576 Par.
1039 1544 1095 1576 W.
1121 1544 1238 1584 δοκοῐ;
1263 1544 1322 1577 sed
1347 1542 1389 1576 ἂν
1411 1545 1562 1587 pertinet

211 1589 253 1621 ad
278 1589 497 1621 infinitivum.

277 1657 315 1691 P.
340 1655 417 1689 515.
442 1654 461 1699 ἢ
487 1653 625 1699 ἀστός]
652 1667 717 1688 om.
741 1655 858 1688 Clark.
882 1656 960 1687 Vat.

279 1725 318 1756 B.
352 1725 445 1755 τίνα
473 1722 629 1766 φήσεις
654 1742 698 1747 -
722 1720 969 1764 ἄνθρωπον
995 1727 1038 1766 τῇ
1065 1723 1113 1766 σ.]
1151 1720 1358 1765 ἀνθρώπων
1382 1723 1561 1766 Hirschig.

211 1768 251 1801 de
276 1769 482 1801 coniectura.

279 1837 405 1878 εἴπερ
434 1837 523 1868 ἔστι
555 1848 587 1868 τι
621 1835 769 1879 ἔργον]
803 1835 917 1879 Vulgo
942 1840 1020 1879 post
1053 1836 1121 1867 ἔστι
1151 1836 1378 1879 interponitur
1413 1833 1558 1873 τοιόνδε,

212 2013 298 2057 ἡμᾶς
328 2015 521 2057 generalior
559 2015 725 2057 quaedam
757 2015 850 2047 notio

212 2061 393 2100 inferatur,
432 2071 533 2102 quam
565 2061 767 2093 Germanice
802 2061 850 2092 sic

212 2106 400 2147 exprimere
437 2106 556 2138 liceat:
605 2106 657 2137 Ist
694 2116 726 2138 es
759 2105 851 2138 ‘nicht

211 2150 401 2191 liieherlich,
427 2151 506 2183 dass
532 2151 714 2182 Mensclzen
737 2161 772 2182 so
797 2150 852 2182 toll

211 2196 282 2227 sein
306 2195 463 2228 konnen?
495 2197 710 2237 Quamquam
736 2201 849 2227 autem

212 2245 346 2273 servato
371 2241 436 2272 isto
453 2238 670 2281 ἀνθρώπους
694 2251 753 2283 pro
775 2239 849 2272 ἐτύ-

211 2297 314 2327 χομεν
326 2286 452 2327 requiri
476 2286 581 2317 alicui
594 2286 750 2318 videatur
774 2286 848 2317 ἔτυ-

211 2343 282 2371 χον,
308 2336 421 2362 tamen
455 2342 564 2362 sermo
596 2336 686 2362 recte
718 2331 760 2362 ad
784 2331 849 2372 pri·

212 2387 299 2407 mam
325 2387 504 2417 personam
528 2377 727 2415 revertitur,
751 2376 850 2407 cuius

212 2421 417 2463 significatio
448 2422 482 2451 in
507 2422 676 2452 sententia
709 2431 849 2462 genera-

211 2467 296 2497 liore
344 2466 435 2497 latet.
507 2465 641 2497 Similia
694 2465 850 2507 exempla

212 2521 378 2553 personae
412 2511 459 2542 ita
482 2511 635 2541 variatae
660 2521 691 2541 v.
716 2510 758 2542 ad
781 2511 849 2541 Eu-

212 2556 394 2598 thyphron.
425 2566 456 2596 p.
480 2554 510 2588 5.
536 2556 577 2586 A.
609 2555 698 2587 conf.
723 2557 848 2586 Bern-

212 2601 364 2642 hardy.
395 2600 536 2641 Syntax.
568 2610 600 2641 p.
626 2598 702 2632 423.
738 2600 848 2631 Nihili

213 2650 283 2685 est,
315 2645 404 2686 quod
436 2645 594 2676 Astius
630 2642 846 2684 ἀνθρώπους

213 2701 272 2732 pro
303 2689 388 2733 ἡμᾶς
418 2691 566 2732 positum
597 2689 744 2730 iudicat,
783 2689 848 2720 dis-

919 2014 1094 2046 simillima
1128 2015 1217 2047 inter
1257 2025 1293 2046 se
1333 2015 1556 2047 confundens.

918 2061 1080 2092 Proxima
1125 2061 1175 2091 sic
1228 2060 1445 2102 interpretor:
1502 2064 1556 2098 ut,

918 2106 1175 2147 priusquam
1221 2106 1428 2147 privatim
1483 2105 1556 2136 vel

917 2150 1059 2182 multa
1105 2154 1330 2191 utcunque
1382 2150 1555 2182 fecisse-

918 2206 1007 2227 mus
1050 2195 1117 2227 vel
1158 2195 1293 2227 multa
1335 2195 1555 2226 restituis—

919 2251 1059 2272 semus
1084 2251 1252 2281 nosque
1277 2240 1389 2272 satis
1414 2240 1457 2271 in
1478 2239 1555 2272 hac

918 2290 1012 2317 arte
1055 2286 1429 2325 exercuissemus,
1477 2285 1554 2316 sic-

919 2331 982 2362 uti
1023 2330 1197 2362 scilicet
1239 2330 1280 2360 in
1322 2329 1554 2372 proverbio

919 2375 1110 2415 dicitur,
1134 2375 1176 2406 in
1201 2374 1318 2405 dolio
1344 2375 1552 2416 figlinam

919 2420 1089 2451 discere
1114 2419 1460 2461 aggrederemur.
1502 2419 1554 2450 Ad

918 2464 1010 2498 ὅπως
1027 2464 1189 2505 ἐτύχομεν
1204 2476 1245 2496 ex
1271 2464 1442 2495 infinitivo
1459 2467 1554 2505 ποιῇ·

920 2520 973 2541 σαι
1011 2509 1118 2550 liquet
1156 2509 1415 2551 intelligendum
1453 2509 1554 2540 relin—

918 2556 976 2596 qui
1022 2551 1243 2595 ποιήσαντες,
1289 2565 1353 2585 usu
1392 2554 1575 2595 loquendi?

918 2609 1020 2641 prope
1037 2599 1207 2630 constanti
1226 2603 1260 2630 et
1275 2599 1437 2640 legitimo.
1462 2599 1552 2630 conf.

918 2644 1005 2675 infra
1029 2654 1060 2685 p.
1084 2643 1160 2674 518.
1186 2644 1222 2675 C.
1270 2645 1322 2675 De
1346 2644 1492 2675 formula
1517 2642 1552 2674 τὸ

917 2687 1102 2731 λεγόμενον
1127 2686 1168 2730 δὴ
1195 2693 1291 2720 τοῦτο
1315 2699 1346 2719 v.
1371 2688 1413 2720 ad
1428 2699 1458 2729 p.
1476 2687 1552 2720 508.
