1687 2969
170 1100 212 1141 D

255 121 331 160 158

691 119 1076 165 PLATONIS

251 236 393 290 ¹uo'vov
431 238 525 291 περὶ
563 234 704 290 λόγων
736 235 950 289 ἀκήκοας,
995 236 1049 287 ἃς
1092 242 1136 279 ἐν
1165 235 1272 292 Ἰλίῳ
1307 238 1593 294 σχολάζοντες

181 312 216 351 (j
254 301 606 361 συινεγραψάτην,
644 305 731 346 τῶν
769 305 813 346 δὲ
852 302 1157 359 Παλαμήδους
1176 303 1368 357 ἀνήκοος
1389 310 1593 361 γέγοναςς

353 381 482 423 ΨΑΙ.

555 382 643 423 Καὶ
678 384 750 424 ναὶ
781 380 843 436 μα
879 379 943 424 Δί’
984 385 1112 436 ἔγωγε
1149 384 1235 425 τῶν
1272 386 1514 440 Νέστορος,
1559 387 1593 427 εὶ

249 446 309 501 μὴ
346 450 542 503 Γοργίαν
566 446 768 504 Νέστορα
807 465 904 491 τινα
927 449 1272 503 κατασκευάζεις,
1307 447 1335 503 ἦ
1354 467 1454 493 τινα
1477 452 1594 509 Θρα-

248 513 442 570 σύμαχον
480 531 523 557 τε
558 518 629 557 καὶ
668 513 898 570 Θεόδωρον
929 514 1144 559 Ὀδυσσέα.

350 590 461 651 Cap.
509 590 682 635 XLIV.

765 592 869 635 ΣΩ.
927 591 1065 644 Ἴσως.
1114 592 1227 637 ἀλλὰ
1279 593 1363 651 γὰρ
1412 591 1595 646 τούτους

244 661 400 713 ἐῶμεν·
448 657 498 701 σὺ
545 658 581 702 δ’
625 664 733 709 εἰπέ,
779 665 825 702 ἐν
873 662 1165 717 δικαστηρίοις
1210 665 1251 705 οὶ
1296 661 1509 706 ἀντίδικοι
1553 665 1595 705 τί

245 728 433 782 δρῶσιν,·
473 724 551 769 οὐκ
585 724 860 781 ἀντιλέγουσι
895 733 1066 782 μέντοις
1104 726 1129 781 ἢ
1165 732 1206 771 τί
1240 727 1462 788 φήσομενς

556 802 687 847 Τοῦτ’
730 803 854 847 αὐτό.

351 806 440 847 ΦΑ
445 807 469 846 Ι
473 838 482 848 .

344 871 451 914 ΣΩ.
521 873 634 927 Περὶ
670 874 748 914 τοῦ
782 874 953 916 δικαίου
991 889 1034 915 τε
1070 875 1142 915 καὶ
1177 871 1356 923 ἀδίκους

344 939 473 981 ΦΑΙ.

541 940 647 981 Neci.

346 1016 452 1059 ΣΩ.
526 1015 698 1060 Οὐκοῦν
735 1016 757 1060 ὁ
797 1022 920 1078 τέχνῃ
955 1019 1089 1060 τοῦτο
1116 1018 1230 1073 δρῶν
1252 1014 1425 1069 ποιήσει
1449 1019 1594 1076 φανῆ-

246 1100 315 1125 ναι
354 1081 402 1126 τὸ
439 1080 550 1126 αὐτὸ
590 1092 682 1135 τοῖς
718 1083 873 1135 αὐτοῖς
919 1088 1013 1127 τοτὲ
1048 1087 1128 1138 μὲν
1165 1086 1352 1133 δίκαιον,
1398 1081 1508 1127 ὅταν
1543 1087 1587 1127 δὲ

242 1149 471 1205 βούληται,
509 1147 685 1203 ἄδικονς

346 1230 478 1272 ΦΑΙ.

552 1231 604 1272 Τί
637 1228 726 1285 μήν
740 1249 753 1283 ,·

335 1404 374 1438 C.
422 1402 795 1447 κατασκευάζεις]
829 1404 1078 1449 κατασκευάζῃς
1113 1404 1211 1438 Bodl.
1249 1404 1333 1437 Dein
1365 1418 1400 1438 τε
1425 1416 1494 1439 om.
1519 1406 1593 1440 DN

244 1450 377 1491 OPT3
403 1450 463 1482 sed
492 1450 567 1484 Vat.
593 1449 633 1484 A.
660 1450 742 1484 Ven.
770 1450 817 1485 Π.
841 1451 919 1485 Par.
946 1451 989 1483 G.
1015 1461 1078 1494 pro
1104 1460 1145 1482 eo
1172 1450 1207 1482 δὲ
1229 1451 1388 1483 scribunt.

335 1497 375 1528 D.
425 1494 527 1532 ὦςτε
560 1496 804 1538 φαίνεσθαι
834 1501 931 1535 τοῖς
967 1495 1047 1538 aim]
1079 1496 1138 1528 Sic
1172 1495 1271 1530 Bodl.
1305 1500 1340 1528 et
1369 1497 1488 1540 reliqui
1519 1496 1592 1530 sere

244 1552 375 1575 omnes.
425 1542 497 1574 Soli
524 1541 653 1576 Pariss.
684 1541 752 1574 EF
777 1553 854 1575 cum
884 1542 1001 1584 Steph.
1027 1540 1109 1579 ὥςτε
1133 1541 1243 1573 δοκεῖν
1270 1543 1475 1585 φαίνεσθαιε

1500 1542 1593 1585 quod

244 1599 352 1630 genus
378 1586 534 1629 loquendi
561 1587 623 1620 etsi
648 1597 715 1619 non
740 1593 794 1621 est
816 1588 1031 1630 infrequens,
1065 1591 1102 1619 ut
1130 1587 1280 1622 Fischer.
1314 1587 1356 1621 ad
1381 1588 1517 1623 Weller.
1547 1588 1590 1623 T.

244 1633 300 1668 ΙΙΙ.
326 1634 368 1666 Ρ.
396 1633 436 1667 ll.
461 1644 493 1676 p.
518 1631 573 1668 39.
600 1632 726 1666 Weisk.
753 1633 796 1667 de
819 1634 1015 1669 Pleonasm.
1041 1644 1075 1676 p.
1100 1632 1156 1667 92.
1179 1634 1255 1666 Ast.
1282 1638 1317 1667 et
1341 1633 1521 1667 Heindorf.
1547 1634 1593 1668 ad

240 1746 353 1787 ἔζησεν
381 1747 458 1788 ἔτη·
494 1743 540 1782 ὥς
577 1747 683 1779 δεινοὶ
719 1749 752 1779 οἱ
783 1745 884 1777 ἄλλοι

239 1790 404 1826 Ὀδυσσεῖ.
452 1791 591 1833 Optime
616 1793 786 1825 Astius:
815 1791 883 1823 Fe-

244 1839 331 1870 stive
347 1863 355 1879 ‚
400 1838 524 1879 inquit,
571 1839 653 1870 artis
691 1837 883 1871 rhetoricae

243 1883 430 1926 principes,
469 1883 640 1925 Gorgias,
675 1883 883 1927 Thrasyma-

243 1928 346 1969 chus,
372 1928 597 1969 Theodorus,
622 1930 696 1969 alii,
723 1940 798 1962 cum
825 1928 883 1961 he-

243 1975 359 2007 roibus
396 1978 638 2016 comparantur
675 1974 882 2014 Homericis,

243 2020 403 2060 Nestore,
429 2020 539 2060 Ulixe,
566 2022 609 2054 al.
659 2023 709 2052 Ac
734 2019 884 2061 Gorgias

243 2065 383 2108 quidem
400 2065 587 2098 Leontinus
602 2066 745 2109 propter
768 2065 883 2098 suavi-

243 2116 350 2145 tatem
386 2111 549 2144 orationis
581 2113 771 2154 aetatisque
808 2112 883 2143 lon-

242 2158 465 2200 ginquitatem
492 2157 540 2199 (v.
563 2157 690 2190 Foss.
715 2158 758 2190 de
773 2157 881 2198 Gorg.

243 2204 368 2237 Leont.
400 2214 432 2245 p.
471 2203 542 2246 10.)
591 2204 713 2236 dicitur
746 2202 882 2236 Nestor.

244 2249 352 2281 Ulixis
390 2259 472 2281 vero
514 2249 650 2282 nomine
689 2249 884 2291 designatur

243 2294 516 2335 Thrasymachus
562 2296 616 2328 vel
666 2294 885 2327 Theodorus.

243 2339 441 2381 Praeterea,
451 2351 557 2382 quum
567 2340 788 2374 Palamedem
805 2349 882 2373 ver-

243 2390 355 2417 sutum
403 2390 540 2419 veteres
584 2386 809 2419 tradidissent
843 2383 886 2418 ad

242 2430 384 2462 Troiam
410 2431 468 2463 otii
493 2431 622 2464 ferendi
649 2442 752 2464 causa
777 2432 884 2464 cubo-

243 2486 319 2508 rum
347 2477 621 2518 calculorumque
649 2477 763 2510 ludum
789 2479 884 2510 inve-

242 2522 333 2554 nisse
368 2521 417 2565 (v.
451 2522 563 2554 Plat.
603 2522 654 2556 De
685 2523 774 2565 Rep.
808 2523 881 2557 VH.

242 2578 276 2610 p.
293 2566 371 2601 522.
397 2569 440 2601 D.
467 2567 563 2600 Eust.
588 2567 630 2599 ad
656 2569 692 2603 Il.
720 2569 760 2603 11.
787 2569 830 2602 T.
855 2568 880 2602 l.

243 2624 276 2654 p.
300 2611 378 2647 433.
414 2612 467 2646 ed.
505 2613 597 2646 Flor.
630 2614 746 2656 ibique
780 2615 880 2648 Polit.

242 2658 360 2700 Eurip.
385 2658 509 2701 fragm.
540 2658 571 2690 in
596 2658 695 2694 Stob.
721 2660 812 2693 Flor.
839 2660 880 2694 ΙΙ.

242 2715 275 2746 p-
300 2703 378 2740 335.
406 2704 514 2738 Gaias.
539 2703 661 2739 Foss.
694 2705 735 2737 ad
773 2706 880 2746 Gorg.

950 1745 1075 1780 Leont.
1100 1756 1133 1788 p.
1156 1744 1218 1780 103
1237 1756 1308 1788 sqq.
1335 1746 1373 1778 C.
1400 1745 1500 1779 lahn
1524 1747 1594 1780 Pa-

950 1792 1029 1826 lam.
1054 1802 1087 1833 p.
1104 1791 1261 1832 5—13.),
1286 1791 1348 1824 hos
1373 1790 1495 1825 heroes
1512 1793 1594 1826 Pla-

950 1842 986 1870 to
1011 1836 1123 1879 lepide
1147 1837 1242 1878 fingit
1272 1836 1315 1869 ad
1340 1836 1481 1870 Troiam
1506 1842 1593 1872 tem-

951 1882 1044 1925 poris
1064 1881 1265 1915 traducendi
1280 1893 1380 1915 causa
1395 1887 1487 1915 artes
1509 1894 1593 1917 con-

950 1928 1131 1970 scripsisse
1148 1928 1337 1969 oratorias;
1363 1928 1593 1971 significantur

950 1974 1037 2006 enim
1059 1974 1334 2015 percursationes
1351 1979 1386 2007 et
1403 1974 1594 2017 expeditio-

949 2030 1010 2052 nes
1034 2019 1133 2061 quasi
1156 2019 1188 2051 in
1213 2019 1398 2053 nobiliores
1422 2020 1594 2055 Graeciae

949 2065 1071 2106 urbes,
1103 2073 1186 2107 quas
1213 2069 1248 2098 et
1275 2065 1439 2107 pecuniae
1463 2066 1594 2100 facien-

950 2110 1014 2144 dae
1039 2115 1074 2144 et
1097 2111 1227 2153 gloriae
1242 2111 1489 2154 comparandae
1512 2122 1593 2145 cau-

952 2167 989 2189 sa
1013 2156 1169 2189 rhetores
1195 2161 1230 2189 et
1262 2157 1432 2199 sophistas
1457 2162 1592 2191 constat

951 2202 1078 2235 obisse.
1126 2206 1240 2244 Atque
1257 2202 1329 2235 fieri
1348 2203 1474 2245 potuit,
1499 2208 1538 2237 ut
1557 2204 1592 2237 in

951 2248 1092 2280 urbibus
1138 2247 1284 2280 Graecis
1335 2249 1463 2290 otium,
1521 2259 1590 2291 quo

950 2293 1160 2334 fruerentur,
1192 2293 1235 2325 ad
1264 2299 1449 2337 praecepta
1474 2294 1591 2328 rheto-

950 2340 1021 2371 rica
1040 2338 1260 2372 institutionis
1280 2350 1384 2372 causa
1401 2341 1592 2383 colligenda

950 2389 1108 2426 artesque
1133 2384 1303 2428 (τέχνας),
1328 2396 1413 2428 quas
1428 2386 1592 2428 dicerent,

950 2430 1205 2472 componendas
1237 2431 1440 2464 conferrent.
1494 2432 1593 2465 Haec

950 2477 1052 2518 igitur
1083 2478 1112 2508 A
1130 2486 1146 2508 s
1164 2476 1203 2508 ti
1222 2486 1244 2508 u
1261 2487 1287 2511 s,
1334 2477 1501 2520 Gorgiam
1524 2481 1592 2509 τῶν

946 2525 1070 2562 τεχνῶν
1102 2522 1305 2564 scriptorum
1337 2533 1479 2556 numero
1509 2532 1591 2556 exe-

949 2569 1010 2601 mit
1035 2567 1304 2610 Spengelius
1337 2569 1470 2601 Artium
1495 2567 1590 2600 Scri-

950 2617 1054 2656 ptorr.
1081 2624 1109 2656 p.
1136 2613 1182 2648 82
1207 2624 1280 2656 sqq.
1330 2618 1357 2647 A
1382 2624 1452 2655 quo
1475 2617 1589 2647 tamen

947 2662 1043 2692 recte
1066 2659 1238 2692 ,dissentit
1268 2658 1501 2693 Krischius
1525 2658 1589 2693 'De

947 2703 1106 2737 Phaedro
1145 2705 1234 2738 Plat.
1269 2716 1301 2747 p.
1338 2705 1411 2740 101.
1442 2705 1587 2738 testibus
