1687 2969
404 131 822 176 PHAEDRUS.
856 133 903 173 P.
930 134 1011 174 245
1048 133 1110 176 St.
1382 133 1434 172 33

82 255 155 295 καὶ
191 254 406 308 λατρείας,
437 249 552 294 ὅθεν
585 249 637 302 δὴ
673 251 924 306 καθαρμῶν
953 266 997 293 τε
1033 267 1103 293 και
1138 253 1318 295 τελετῶν
1355 267 1427 293 τυ-

78 321 220 374 χοῦσα
243 317 400 370 ἐξάντη
435 322 607 370 ἐποίησε
639 316 717 360 τὸν
751 318 910 368 ἑαυτῆς
942 321 1099 372 ἔχοντα
1130 320 1238 373 πρός
1274 335 1317 361 τε
1352 317 1430 362 τὸν

81 385 288 442 παρόντα
309 389 380 428 καὶ
418 384 496 428 τὸν
529 388 675 427 ἔπειτα
707 383 883 441 χρόνον,
920 384 1043 426 λύσιν
1082 387 1139 439 τῷ
1177 384 1331 441 ὀρθῶς
1351 403 1435 441 μα-

81 459 199 495 νέντι
234 469 278 495 τε
314 455 386 494 καὶ
419 460 727 507 κατασχομὲνῳ
752 453 839 494 τῶν
861 449 1096 506 παρόντων
1131 455 1275 495 κακῶν
1311 451 1434 508 εὑρο-

78 525 202 574 μὲνη.

279 521 413 573 Τρίτῃ
451 522 493 561 δὲ
530 517 619 560 ἀπὸ
659 520 852 561 ,Μουσῶν
894 517 1118 574 κατοκωχή
1158 536 1199 561 τε
1235 522 1307 561 καὶ
1337 538 1430 575 μα·
1461 532 1542 573 245

167 648 243 681 τὸν
273 650 438 691 ἑαυτῆς
473 649 651 692 ἔχοντα]
692 650 728 683 V.
763 649 824 681 τὸν
860 649 969 690 αὐτὴν
994 651 1136 691 ἔχοντα,
1171 655 1307 693 praeter
1330 652 1431 683 fidem

76 695 241 728 librorum
269 694 341 728 fere
365 696 528 729 omnium.

168 741 209 775 P.
234 740 312 774 245.
360 739 592 782 κιιτοκωχή
625 753 667 772 τε
703 753 730 775 κ.
754 739 810 783 μ.]
853 739 912 772 Sic
936 741 1029 774 Flor.
1055 741 1076 773 b
1115 751 1142 775 c.
1168 753 1200 782 g.
1227 742 1245 776 ἰ.
1276 742 1374 775 Vind.
1402 743 1430 777 l.

75 786 145 820 alii.
194 785 294 819 Bodl.
315 786 526 829 κατοικωχή,
552 790 588 819 et
611 797 714 829 supra
738 797 826 820 verS.
855 786 1046 827 κατακωχή.

11 925 14 927 .
76 898 185 932 mines
233 899 361 941 pariter
405 900 577 941 exagitet,
628 905 723 932 recte

76 954 157 977 sane
193 945 242 976 vis
274 945 351 977 mali
386 944 510 978 dicitnr
536 947 720 988 conspicua

75 1000 153 1023 esse
187 991 218 1022 ἔν
253 1003 323 1022 τισι
353 994 418 1022 τῶν
453 995 569 1034 γενῶν.
616 992 722 1024 Com-

75 1040 173 1078 parat
227 1036 483 1069 Lobeckius
542 1037 720 1071 Pausan.

75 1081 134 1116 IX.
160 1082 192 1115 5.
222 1085 287 1113 τῶν
308 1080 488 1126 Ἐριννύων
513 1087 575 1115 -ιοῦ
600 1084 720 1115 Λαΐου

75 1127 133 1158 καὶ
159 1125 341 1164 Οἰδίποδος
369 1130 541 1170 Τισαμενῷ
567 1133 624 1172 μὲν
657 1128 718 1161 οὐκ

74 1174 201 1216 ἐγένετο
225 1172 372 1217 μήνιμα,
398 1173 592 1206 Αὐτεσίωνι
610 1175 644 1207 δὲ
672 1179 719 1216 τῷ

76 1221 278 1261 Τισαμενοῦ.
327 1219 486 1252 Ceterum
514 1220 564 1252 vir
588 1221 718 1253 doctis-

74 1265 181 1297 simus
204 1268 315 1298 totum
342 1264 428 1298 hunc
452 1267 560 1298 locum
579 1268 630 1298 sic
655 1265 717 1300 de—

74 1311 227 1354 scripsit:
278 1310 362 1342 ἀλλὰ
403 1311 472 1353 μὴν
510 1312 618 1344 νόσων
658 1312 717 1343 καὶ

73 1354 186 1388 πόνων
209 1359 274 1388 τῶν
311 1357 497 1400 μεγίστων,
529 1355 549 1389 (ἳ
585 1357 623 1398 δὴ
651 1371 716 1390 πτι-

74 1402 177 1434 λαιῶν
219 1404 252 1433 ἐκ
289 1401 489 1446 μηνιμάτων
530 1407 640 1435 ποθὲν
687 1405 718 1435 ἕν

72 1459 141 1479 τισι
172 1451 238 1479 τῶν
267 1452 368 1491 γενῶν
400 1447 420 1489 ἡ
455 1451 563 1492 μανίη
587 1451 718 1493 ἐγγενο-

71 1495 152 1536 μένη
176 1493 234 1524 καὶ
258 1492 546 1537 προφητεύσασα,
573 1492 624 1533 οἷς
650 1496 717 1527 ἔδει

73 1538 274 1581 ἀπαλλαγὴν
315 1539 435 1583 εὕρετο
467 1545 717 1583 καταφυγοῦσα

73 1585 159 1625 κτλ,
183 1584 215 1617 in
240 1595 308 1627 quo
326 1586 541 1627 perspicuum
563 1591 616 1619 est
639 1597 714 1619 eum

73 1625 125 1667 οἷς
149 1629 218 1661 ἔδει
239 1641 313 1663 cum
330 1632 617 1672 consequentibus
642 1632 713 1664 iun-

73 1676 188 1716 xisse,
223 1680 260 1707 ut
290 1677 493 1709 intellexerit
516 1676 716 1720 ἀπαλλαγὴν

73 1719 312 1765 &planzo-90¹1.-
350 1722 460 1754 minus
490 1723 611 1764 liquet,
636 1724 716 1765 quid

73 1766 117 1799 de
151 1767 281 1809 reliqua
322 1769 486 1801 enuntiati
518 1773 615 1811 purte
647 1774 717 1802 sta-

72 1812 188 1847 tuerit.

118 1858 159 1904 ΕΞ.
192 1856 253 1889 25¹3
268 1870 310 1890 εν
334 1857 384 1900 δὴ
417 1860 590 1905 καθαρ]
624 1861 715 1895 H.e.

71 1903 105 1940 ἐξ
126 1906 174 1936 ὧν
196 1902 236 1945 δὴ
264 1903 371 1944 εὐχῶν
394 1917 430 1937 τε
456 1907 513 1938 καὶ
527 1907 554 1937 λ.
604 1907 656 1940 De
680 1918 717 1940 re

71 1951 144 1992 ipsa
169 1949 258 1984 conf.
275 1951 403 1995 Cratyl.
417 1962 450 1994 p.
464 1952 543 1986 405.
559 1954 597 1987 Α.
614 1953 714 1997 Reip.

72 1995 113 2029 ll.
139 2006 172 2038 p.
197 1995 275 2030 364.
301 1996 342 2031 B.
369 2007 442 2039 sqq.
477 2002 512 2031 et
547 1997 714 2034 Lobek.

73 2040 238 2083 Aglaoph.
259 2053 291 2085 p.
312 2041 379 2076 726
397 2054 470 2085 sqq.
504 2044 572 2076 Pro
596 2043 715 2087 ἐξάντη

73 2086 225 2128 ἐποίησεν
249 2089 380 2130 Cratyll
399 2090 475 2122 loco
492 2089 576 2122 dixit
599 2093 714 2122 καθα-

72 2132 135 2175 ρὸν
158 2137 328 2177 παρεῖχεν.
376 2134 546 2168 Videlicet
580 2135 716 2179 ἑξάντης

73 2182 127 2210 est
158 2178 217 2212 ἔξω
249 2179 334 2221 ἄτης
367 2190 394 2214 s.
420 2179 550 2223 βλάβης
581 2180 642 2223 ὧν,
677 2188 714 2215 ut

73 2227 168 2256 recte
201 2222 407 2258 Timaeus
431 2226 547 2262 Gloss.
575 2237 607 2269 p.
637 2228 712 2269 10⁵3,

75 2269 131 2301 ubi
159 2279 189 2302 ν.
215 2269 438 2306 Ruhnken.
489 2273 622 2306 Deinde
652 2273 714 2306 τὸν

73 2315 197 2354 ἑαυτῆς
241 2317 378 2358 ἔκοντα,
426 2317 584 2364 ipsius
633 2319 712 2356 ali-

74 2357 183 2406 quid
206 2362 527 2405 possidentem,
558 2363 713 2409 ipsius

74 2403 381 2452 participem,
411 2419 512 2451 quam
546 2410 712 2444 rationem

74 2451 252 2484 illustravit
283 2452 438 2486 Matth.
474 2456 534 2489 Gr.
566 2458 598 2496 ξ.
633 2456 712 2497 323,

73 2497 130 2538 qui
153 2497 241 2529 inter
265 2498 329 2530 alia
353 2501 494 2533 contulit
516 2503 627 2534 locum
646 2503 715 2535 So-

73 2542 203 2585 phoclis
227 2543 327 2584 plane
356 2546 564 2579 consimilem
591 2547 714 2591 Oedip.

73 2588 242 2630 Tyr.709.
259 2586 348 2630 μα’-93
365 2588 469 2622 οὕνεκ’
491 2593 623 2624 ἐστίσοι
632 2593 716 2636 βρό-

73 2646 165 2665 τιιον
188 2633 286 2666 οὐδὲν
311 2639 478 2677 μαντικῆς
490 2639 564 2677 ἕχον
587 2642 716 2680 τέχνης,

77 2680 185 2714 Aliam
218 2683 332 2712 tamen
365 2680 439 2713 iniit
473 2683 643 2717 rationem
662 2686 716 2727 qui

76 2735 181 2767 nuper
214 2726 277 2756 τὸν
308 2726 430 2765 ἔχοντα
471 2729 602 2770 accepit
646 2730 717 2761 ine-

1099 787 1207 830 Vulgo
1234 787 1375 830 κατοχή.

792 904 849 942 pte
876 910 936 942 pro
973 900 1203 940 substantivo,
1231 902 1283 933 cui
1311 901 1431 934 adiun-

792 951 869 978 ctus
892 947 1062 987 genitivus
1088 951 1191 980 esset.

835 1014 890 1058 τῷ
915 1013 1062 1055 ὀρθῶς
1085 1017 1272 1055 μανέντι
1296 1028 1338 1047 τε
1358 1016 1432 1047 καὶ

789 1072 806 1090 κ
820 1073 841 1090 ιι
853 1073 870 1091 τ
881 1074 901 1090 n
914 1074 958 1100 ⁶2
973 1064 1071 1102 ομὲν
1083 1074 1106 1101 ῳ
1124 1060 1134 1102 ]
1206 1062 1432 1102 Κτιτέχεσθαι

786 1107 922 1148 proprie
948 1106 1070 1139 «licitur
1095 1107 1137 1139 de
1163 1107 1213 1146 iis.
1239 1109 1293 1150 qui
1317 1108 1430 1141 divino

786 1152 921 1184 numine
947 1152 1048 1184 afflati
1076 1156 1110 1185 et
1134 1152 1247 1185 surore
1273 1155 1431 1187 concitati

785 1202 872 1229 sunt.
908 1208 933 1227 v.
970 1198 1040 1232 lon.
1066 1209 1096 1240 p.
1124 1199 1200 1233 533.
1229 1199 1266 1231 E.
1292 1200 1429 1235 Menon.

785 1255 816 1286 p.
842 1243 896 1276 99.
924 1244 960 1275 D.
988 1244 1107 1287 Symp.
1129 1256 1159 1287 p.
1181 1244 1259 1279 215.
1286 1246 1323 1280 C.
1349 1246 1429 1279 Xe-

785 1289 908 1332 noph.
934 1289 1094 1333 SympOS.
1118 1290 1142 1325 1.
1165 1291 1214 1325 10.
1243 1291 1356 1334 ibique
1380 1293 1431 1325 in-

783 1340 894 1377 terpp.
959 1336 1116 1368 Aoristus
1163 1340 1278 1370 autern
1330 1338 1430 1372 medii

787 1391 848 1424 pro
866 1382 999 1423 passivo
1015 1382 1231 1424 accipiendus
1249 1387 1314 1424 est,
1329 1394 1429 1426 quem

786 1437 904 1467 usum,
938 1427 1026 1470 epici
1052 1429 1215 1461 sermonis
1241 1430 1428 1472 proprium,

785 1473 817 1505 in
843 1473 947 1505 verbo
981 1474 1066 1512 ἔχειν
1091 1474 1233 1515 eiusque
1256 1477 1430 1518 composi-

784 1519 827 1551 tis
853 1519 955 1551 Attici
981 1529 1116 1561 quoque
1144 1526 1321 1553 servarunt
1345 1522 1429 1554 scri-

785 1568 919 1606 ptores,
969 1564 1158 1606 fugientes,
1205 1571 1242 1598 ut
1285 1567 1428 1607 videtur,

785 1610 942 1649 formam,
968 1620 1035 1641 non
1059 1611 1192 1651 quidem
1219 1612 1427 1652 obsoletam,

784 1656 843 1687 sed
871 1656 1119 1696 pronuntiantis
1138 1658 1187 1688 ori
1206 1658 1314 1690 minus
1331 1669 1426 1691 com-

785 1702 945 1740 modam,
971 1703 1127 1742 ἐσχέθην.
1152 1702 1251 1737 conf.
1279 1703 1427 1739 Matth.

785 1748 845 1779 Gr.
871 1750 901 1788 ξ.
919 1746 995 1780 496.
1016 1748 1047 1780 7.
1071 1758 1102 1789 p.
1118 1748 1200 1782 935.
1228 1749 1350 1784 Rost.
1368 1750 1429 1783 Gr.

785 1792 812 1834 ἕ.
833 1793 904 1826 114.
926 1799 1040 1826 annot.
1058 1795 1090 1826 3.
1109 1805 1140 1836 p.
1159 1794 1235 1829 562.
1253 1795 1305 1829 ed.
1325 1796 1380 1829 lV.

833 1863 871 1896 P.
899 1862 977 1896 245.
1026 1861 1248 1904 καΊοκωχή
1284 1875 1325 1895 τε
1359 1864 1428 1894 καὶ

783 1907 930 1952 μανία]
959 1909 1007 1940 De
1032 1908 1258 1950 originatione
1285 1913 1320 1942 et
1343 1910 1426 1942 scri-

783 1959 879 1998 ptura
911 1954 1057 1987 nominis
1088 1954 1259 1995 κιιιοκωχι)
1288 1956 1429 1998 copiose

783 2001 998 2043 disputarunt
1032 2000 1166 2033 Valck
1179 2010 1235 2032 en.
1268 2002 1312 2033 ad
1346 2004 1428 2034 Am-

784 2057 872 2079 mon.
901 2057 933 2088 p.
958 2046 1001 2080 ⁴23
1027 2057 1075 2087 sq.
1104 2047 1199 2078 Pie
1220 2056 1234 2078 r
1251 2057 1267 2077 s
1287 2058 1306 2079 o
1324 2057 1354 2081 n.
1384 2046 1427 2079 ad

784 2093 892 2125 Moer.
918 2103 957 2134 p.
978 2091 1056 2125 221.
1125 2092 1232 2124 Ducta
1275 2093 1428 2125 nimirum

788 2148 855 2170 vox
883 2142 936 2169 est
960 2138 1002 2169 ab
1027 2138 1160 2178 ὅκωχα,
1187 2137 1276 2169 unde
1304 2137 1432 2179 ὀκωχή,

782 2184 826 2216 de
857 2193 926 2224 quo
957 2183 1033 2215 vide
1079 2184 1326 2216 Buttmann.
1367 2185 1430 2219 (ir.

783 2229 949 2271 Amplior.
976 2231 1008 2269 ἓ.
1033 2227 1089 2262 85.
1110 2238 1185 2261 ann.
1202 2229 1233 2262 5.
1277 2229 1327 2262 De
1351 2240 1430 2272 par-

783 2275 976 2316 ticipiorum
1012 2274 1242 2306 cumulatione
1268 2276 1426 2318 exposui-

783 2330 855 2353 mus
880 2320 944 2352 iam
972 2319 1014 2352 ad
1039 2330 1071 2361 p.
1091 2318 1168 2354 228.
1190 2320 1230 2353 B.
1278 2321 1327 2353 De
1351 2331 1430 2354 sen·

784 2366 889 2398 tentia
915 2375 1020 2403 vero,
1045 2375 1110 2407 qua
1135 2366 1250 2408 poesis
1275 2378 1293 2399 e
1319 2366 1431 2400 divino

782 2411 905 2444 mentis
947 2410 1108 2443 instinctu
1144 2415 1179 2444 et
1210 2411 1325 2445 furore
1351 2414 1429 2446 oriri

780 2456 964 2496 iudicatur,
999 2455 1086 2490 conf.
1110 2456 1194 2490 infra
1218 2469 1249 2501 p.
1275 2457 1354 2494 265.
1387 2460 1434 2492 B-

783 2503 853 2535 ion.
877 2512 910 2544 p.
937 2500 1014 2537 533.
1040 2502 1079 2537 E.
1102 2502 1181 2537 534.
1211 2508 1248 2538 Α.
1277 2506 1433 2547 Apolog-

784 2548 881 2582 Soet.
908 2558 942 2589 p.
957 2547 1012 2581 22.
1039 2547 1080 2581 B.
1131 2549 1282 2583 Eandem
1304 2551 1433 2583 Demo-

784 2593 868 2626 crito
902 2594 1072 2634 placuisse
1118 2599 1263 2630 constat.
1299 2607 1330 2630 v.
1365 2597 1433 2629 Ci-

785 2650 866 2672 cer.
892 2639 942 2671 De
971 2639 1064 2673 Orat.
1094 2641 1135 2673 ll.
1161 2651 1189 2675 c.
1214 2640 1269 2675 46.
1295 2644 1327 2683 ξ.
1357 2642 1432 2675 194.

787 2685 838 2717 De
864 2684 1001 2719 divinat.
1020 2685 1046 2719 l.
1065 2684 1120 2719 37.
1145 2686 1297 2720 Horat.
1325 2687 1433 2730 Epist.

787 2730 827 2761 ad
847 2730 960 2763 Pison.
978 2741 1007 2763 v.
1029 2731 1108 2766 295.
1135 2733 1343 2765 Clement.
1374 2734 1398 2765 A
1413 2735 1431 2766 l.

1031 2788 1107 2824 6,.
