1687 2969
216 150 294 187 272
761 148 1018 186 PLATONIS

644 257 775 297 KAA.
822 252 913 296 Οὐκ
943 251 1023 296 οἷδ’
1063 254 1165 295 ἅττα
1202 252 1357 307 λέγεις,
1400 247 1436 294 ὦ
1465 254 1554 294 Σώ-

208 335 378 373 κρατες,
417 318 502 361 ἀλλ’
532 323 662 362 ἄλλον
692 321 785 362 τινὰ
816 320 961 373 ἐρώτα.
1019 322 1113 361 ΣΩ.
1156 313 1292 367 Οὗτος
1331 319 1439 372 ἀνὴρ
1479 313 1555 372 οὐχ

210 384 409 439 ὑπομένει
447 384 744 439 ὠφελούμενος
782 402 851 427 και
890 386 1020 432 αὐτὸς
1058 389 1185 425 τοῦτο
1224 385 1423 436 πάσχων,
1462 383 1556 435 περὶ

211 453 263 491 οὑ
292 451 314 491 ὁ
343 451 469 503 λόγος
498 450 596 499 ἐστί,
625 452 918 504 κολαζόμενος.
960 451 1095 489 ΚΑΛ.
1130 447 1242 489 Ου’ὄέ
1272 448 1316 503 γέ
1346 464 1418 501 μοι
1446 447 1556 501 μέλει

210 511 339 556 οὐὸεν
369 516 429 556 ὡν
456 515 509 556 oi)
537 514 692 568 λέγεις,
735 517 805 557 καὶ
834 515 966 555 ταῦτά
995 524 1061 555 σοι
1091 516 1278 567 Γοργίου
1306 515 1429 567 χάριν
1458 513 1555 554 άπε-

208 581 430 633 κρινάμην.
487 582 589 622 ΣΩ.
630 577 750 621 Εἶεν.
799 581 838 621 τί
876 583 956 621 οὐν
1005 579 1056 632 δὴ
1099 581 1355 633 ποιήσομεν;
1405 578 1557 630 μεταξὺ

209 647 285 686 τὸν
332 646 460 698 λόγον
510 646 795 698 καταλύομε11;
853 647 987 685 ΚΑΛ.
1040 640 1183 691 Αὐτὸς
1231 645 1395 696 γνώσει.
1453 644 1553 684 ΣΩ.

137 727 177 767 D
207 706 309 751 Ἀλλ’
341 708 440 751 οὐδὲ
482 706 583 758 τοὺς
611 711 782 763 μύθους
820 710 924 761 φασὶ
962 709 1117 762 μεταξὺ
1145 706 1267 760 θέμις
1297 704 1405 748 εἶναι
1433 723 1556 748 κατα-

208 777 387 827 λείπειν,
426 771 511 816 ἀλλ’
541 773 764 823 ἐπιθέντας
791 776 1005 828 κεφαλήν,
1044 774 1114 814 ἵνα
1152 773 1207 827 μὴ
1238 776 1343 814 ἄνευ
1371 776 1557 826 κεφαλῆς

142 262 177 306 C
209 257 261 297 σὶ)
289 262 371 297 νῦν
399 255 450 309 δὴ
481 257 582 309 ᾤου.

277 931 314 962 C.
347 931 413 962 καὶ
449 929 581 965 αὐτὸς
615 934 737 963 τοῦτο
763 930 815 973 m]
865 931 957 963 Male
983 934 1062 962 ante
1087 929 1323 963 Heindorfium
1354 934 1430 972 post
1454 926 1556 963 αὐτὸς

209 981 375 1008 commate
400 976 683 1019 distinguebatur.

278 1064 518 1107 ποιήσομεν
553 1085 596 1089 —
627 1064 920 1108 καταλύομεν]
975 1065 1066 1098 Flor.
1097 1076 1129 1096 x.
1163 1065 1251 1107 Aug.
1283 1065 1379 1097 Bodl.
1415 1066 1491 1097 Par.
1516 1066 1554 1097 F.

209 1109 416 1153 ποιήσωμεν.
453 1112 528 1143 Par.
555 1112 620 1142 IV.
647 1114 807 1149 ποιῶμεν.
856 1112 944 1142 Ι)0111
971 1111 1086 1152 Steph.
1112 1109 1354 1149 καταλύσομεν.
1387 1111 1463 1142 Par.
1490 1111 1556 1142 IV.

208 1156 299 1187 Flor.
325 1155 355 1187 b.
383 1168 415 1188 x.
441 1155 669 1195 καταλύωμεν.
711 1157 795 1190 Ven.
824 1156 903 1187 ΞΣ.
930 1156 1031 1187 Vind.
1055 1154 1084 1187 2.
1112 1154 1142 1187 7.
1167 1155 1264 1187 Bodl.
1290 1157 1556 1195 καταλείψωμεν.

209 1201 275 1232 Sed
300 1205 389 1233 reete
415 1200 625 1240 καταλύομεν
651 1201 765 1233 Clark.
792 1202 868 1233 Vat.
894 1201 998 1232 Coisl.
1024 1200 1126 1232 vind.
1153 1200 1182 1232 1.
1200 1200 1229 1233 6.
1254 1201 1330 1232 Par.
1355 1202 1490 1233 BCEF
1502 1201 1553 1233 W.

209 1246 308 1278 Bodl.
332 1247 423 1278 Flor.
449 1258 477 1281 a.
505 1257 532 1278 e.
559 1247 589 1280 d.
615 1247 636 1278 f.
662 1258 703 1278 m.
730 1258 759 1278 ο.
785 1258 821 1286 s.‚
847 1246 939 1288 quod
964 1250 1056 1277 tenet
1080 1247 1182 1277 etiam
1207 1245 1283 1277 Ald.
1310 1250 1343 1277 et
1366 1247 1444 1278 Bas.
1470 1246 1499 1278 1.
1524 1245 1555 1278 2.

211 1291 395 1323 Coi-narius
419 1291 558 1324 volebat
582 1294 848 1331 καταλείψομεν,
875 1291 934 1322 sed
959 1302 989 1322 v.
1017 1291 1186 1323 Schaefer.
1213 1291 1255 1322 ad
1275 1292 1449 1333 Aristoph.
1466 1291 1555 1323 Plut.

209 1337 260 1367 ed.
284 1337 480 1369 Hemsterh.
505 1337 598 1379 Lips.
631 1348 662 1379 p.
688 1336 763 1370 510.
795 1341 828 1367 et
857 1335 932 1368 550.
965 1336 1007 1368 ad
1039 1337 1133 1368 Poet.
1167 1336 1286 1368 Gnom.
1321 1337 1370 1368 ed.
1404 1337 1555 1368 Brunek.

208 1382 301 1424 Lips.
326 1393 358 1425 p.
384 1381 458 1415 148.
484 1387 517 1414 et
540 1381 691 1414 Lobeek.
717 1381 759 1414 ad
784 1381 971 1423 Phrynieh.
995 1392 1026 1423 p.
1052 1380 1118 1414 713
1142 1392 1210 1422 seq.

253 1515 290 1548 C.
336 1510 474 1549 Οὗτος
514 1513 624 1558 ανὴρ
665 1528 739 1556 ουχ
776 1513 848 1558 ὑπ]

208 1559 321 1592 Etiam
353 1560 407 1592 hic
432 1562 534 1594 οίτος
567 1559 656 1603 ἀ1ήρ
691 1571 768 1592 011111
801 1562 849 1592 111-

207 1606 406 1647 dignatione
420 1605 545 1638 dieitul
558 1606 598 1638 de
614 1617 665 1645 eo,
681 1606 738 1647 qui
754 1617 805 1648 pr
797 1617 850 1637 ae-

207 1662 284 1682 50113
310 1657 370 1682 est.
403 1662 436 1682 v.
466 1652 507 1683 ad
544 1662 575 1693 p.
599 1650 675 1683 467.
710 1652 746 1682 B.
787 1652 848 1683 Ce-

206 1700 314 1727 terum
345 1696 386 1727 de
419 1697 558 1728 notione
584 1696 680 1727 verbi
711 1695 847 1737 noidge-

209 1742 291 1772 σθαι
332 1741 452 1773 audias
489 1742 672 1773 Aristot.
710 1742 848 1773 Rhetor.

210 1787 247 1825 Ι,
273 1785 333 1826 lO,
359 1785 418 1818 17:
456 1786 614 1828 διαφέρει
644 1787 682 1818 δὲ
706 1798 848 1828 remmota

210 1831 264 1862 καὶ
291 1830 446 1865 κόλασις·
480 1829 499 1873 ἡ
524 1832 588 1871 μὲι
620 1829 684 1874 γὰρ
711 1830 847 1865 κόλασις

212 1879 270 1907 ῑοῦ
296 1874 482 1917 πάσχοντος
507 1875 610 1908 εἰεκά
635 1876 737 1908 ἐστιι.
763 1875 782 1931 ἡ
810 1877 847 1909 δὲ

210 1932 352 1961 lincopia
376 1933 433 1953 {Ol
460 1923 737 1959 'lol015'1105'‚l‘'1(1
761 1934 847 1953 ΕΠΟ-

210 1967 389 2008 πληρωθῇ.
452 1967 571 2008 Itaque
613 1978 754 2006 τιμωρια
798 1978 847 1998 re-

210 2012 315 2042 fertur
347 2011 389 2042 ad
421 2012 623 2053 exigendam
662 2012 846 2043 vindictam

206 2055 342 2098 legibus
389 2056 555 2096 debitam,
614 2054 749 2090 κόλασις
805 2057 846 2088 ad

206 2101 477 2133 emendationem
522 2108 554 2134 et
602 2102 846 2133 cohibitionem

207 2147 390 2188 peccantis,
415 2152 453 2178 ut
478 2158 555 2178 vere
579 2148 711 2178 monuit
736 2148 847 2188 Wyt-

208 2192 409 2223 tcnbaeh.
451 2191 493 2223 ad
535 2192 657 2223 Seleet.
701 2193 845 2234 princip.

206 2237 323 2269 histor.
357 2247 387 2278 p.
413 2235 488 2269 372.
546 2237 637 2268 Hine
674 2237 846 2278 expendes

206 2282 274 2312 vim
293 2281 399 2312 additi
417 2282 587 2323 participii
603 2281 844 2322 κολαζόμενος,

206 2326 296 2367 quod
338 2337 445 2367 nuper
486 2327 551 2358 fuit
591 2328 649 2368 qui
696 2327 844 2358 deletum

206 2371 321 2406 vellet.
346 2372 477 2402 seilicet
500 2377 538 2403 ut
563 2373 708 2404 otiosum
735 2377 767 2403 et
792 2383 845 2404 su-

206 2425 466 2458 pervaeaneum.

252 2461 445 2502 Γοργίου
471 2458 618 2502 χάριν]
653 2462 846 2503 Respieitur

205 2505 247 2536 ad
272 2516 301 2546 p.
328 2504 406 2548 497.
430 2506 468 2536 B.
494 2505 568 2538 501.
595 2507 631 2536 U.

253 2551 390 2581 zt'oz'rt·
417 2548 465 2591 δὴ
491 2548 755 2591 ποιήιῑομεν,·
780 2562 844 2588 με·

208 2593 309 2634 tagii
346 2592 418 2625 τὸν
466 2593 597 2636 λόγον
638 2596 843 2626 καταλύο-

205 2639 315 2681 μειτ]
340 2641 483 2671 Prorsus
507 2640 623 2671 eodeni
650 2641 747 2671 modo
764 2642 844 2671 Ger-

205 2685 337 2716 manice
362 2684 473 2716 dicas:
499 2696 568 2716 was
586 2695 658 2716 111111
675 2685 744 2716 also
764 2695 842 2716 wer-

918 1515 983 1547 den
1007 1515 1068 1547 wir
1092 1515 1199 1547 1111111ῗἰ
1231 1514 1385 1547 Breclzen
1408 1515 1470 1547 wir
1493 1515 1556 1548 das

920 1559 1095 1602 Gesprs'ich
1119 1561 1155 1592 in
1179 1560 1239 1592 cler
1264 1560 1359 1592 Mitte
1383 1560 1449 1592 ab?
1491 1562 1556 1592 Fu-

919 1611 1031 1637 turum
1057 1607 1091 1637 in
1107 1605 1173 1637 hae
1198 1605 1344 1637 formula
1361 1610 1554 1648 usurpatur,

917 1651 1053 1692 quando
1097 1650 1202 1693 quid
1249 1651 1447 1682 futurum
1495 1652 1556 1683 sit

918 1697 1108 1737 quael-itum
1154 1696 1396 1727 coniunctivus
1435 1701 1555 1728 contra

916 1741 1141 1773 dubitationis
1175 1741 1341 1772 indicium
1375 1742 1471 1781 facit,
1509 1743 1555 1773 ita

916 1790 953 1818 ut
977 1786 1145 1829 significet
1169 1786 1316 1828 aliquem
1342 1787 1478 1819 consilii
1506 1788 1555 1818 in-

916 1842 1013 1873 opem
1033 1832 1182 1871 haerere,
1200 1831 1299 1873 quid
1322 1843 1396 1873 pro
1415 1842 1554 1863 rerum

917 1877 1177 1908 conditione
1211 1876 1458 1908 faciendum
1485 1878 1551 1908 sit.

916 1923 1033 1962 Itaque
1065 1925 1155 1953 reete
1187 1921 1384 1962 Euripid.
1419 1922 1491 1953 Ion.
1521 1933 1553 1954 v.

916 1965 998 1999 738:
1033 1967 1185 2004 εἰπωμει
1218 1964 1237 2008 ἢ
1272 1970 1437 2008 οιγῶιιε1;
1471 1965 1490 2008 ἢ
1526 1970 1557 1998 τί

916 2010 1108 2051 δράσομεν·
1148 2022 1190 2042 ex
1223 2013 1346 2052 quibus
1385 2012 1470 2042 illud
1504 2017 1555 2043 est

915 2056 1152 2095 deliberantis,
1178 2056 1243 2087 hoe
1268 2056 1319 2096 id,
1351 2057 1440 2097 quod.
1465 2057 1553 2088 futu-

914 2113 988 2133 rum
1014 2106 1084 2141 est,
1108 2102 1298 2143 ignorantis
1323 2107 1423 2142 atque
1448 2102 1488 2132 de
1514 2113 1552 2133 eo

915 2147 1122 2178 dubitantis:
1149 2146 1248 2178 sollen
1272 2147 1334 2178 11τί1·
1354 2147 1453 2177 reden
1474 2147 1553 2178 oder

914 2190 1117 2233 sellu-eiyen?
1141 2191 1220 2223 oder
1244 2202 1312 2222 was
1335 2191 1468 2223 werden
1492 2192 1553 2222 wir

915 2236 1020 2268 1111111ἷί
1073 2237 1257 2268 Diversum
1303 2246 1402 2267 usum
1450 2236 1554 2268 habet

914 2292 1074 2323 praesens
1091 2287 1236 2322 tempus,
1256 2291 1321 2322 quo
1339 2281 1379 2312 de
1394 2292 1432 2312 eo
1451 2292 1553 2322 quae-

914 2328 1016 2366 ritur,
1060 2326 1150 2368 quod
1182 2327 1249 2356 iam
1284 2337 1376 2357 nunc
1415 2326 1470 2365 fit,
1515 2330 1553 2357 ut

914 2372 946 2402 h.
972 2372 994 2403 1.
1020 2382 1051 2403 v.
1083 2370 1125 2402 ad
1158 2371 1312 2411 Sympos.
1346 2382 1376 2412 p.
1411 2370 1484 2402 176.
1512 2373 1551 2403 A.

915 2417 1027 2456 Quum
1052 2417 1156 2457 igitur
1186 2416 1222 2446 in
1246 2426 1285 2447 eo
1311 2417 1354 2447 sit
1379 2416 1552 2456 Callicles,

913 2466 951 2492 ut
990 2461 1253 2502 disputationem
1293 2461 1472 2502 abrumpat
1509 2472 1550 2493 ae

912 2506 1019 2543 finiat,
1044 2505 1146 2536 facile
1161 2509 1311 2547 apparet,
1339 2517 1396 2537 our
1416 2506 1550 2537 dicatur

913 2548 1143 2588 καταλύομεν,
1170 2561 1279 2591 nequo
1304 2549 1548 2589 καταλύσομεν,
1572 2580 1575 2582 .

913 2596 1003 2635 quod
1050 2595 1299 2635 Stephanus
1354 2596 1549 2626 discrimine

912 2640 1072 2671 dictionis
1112 2651 1179 2671 non
1218 2645 1394 2681 perspecto
1431 2641 1547 2671 invitis

911 2685 1007 2716 libris
1046 2686 1207 2726 reposuit.
1269 2686 1404 2716 Erravit
1445 2686 1548 2728 igitur
