1687 2969
376 104 788 162 PHAEDRUS.
820 120 870 160 P.
903 122 983 162 26ss
1015 120 1078 163 st.
1319 121 1394 161 173

54 241 189 300 ὁρᾶν,
246 241 409 284 τοῦτον
457 237 592 282 διώκω
639 238 972 280 κατόπισθε
1026 236 1139 293 μετ’
1202 236 1395 292 ἰ’χνιον

52 307 184 359 ὥςτε
220 308 413 350 θεοῖο.
448 309 522 349 καὶ
555 311 703 362 μέντοι
738 307 810 347 καὶ
845 302 949 355 τοὺς
984 307 1249 360 δυναμένους
1283 301 1394 346 αὐτὸ

51 378 163 432 δρᾶν
207 379 243 418 εὶ
285 377 365 430 μὲν
410 372 564 430 ὀρθῶς
598 369 623 424 ἢ
659 369 717 428 μὴ
760 371 1094 427 προςαγορεύω,
1138 370 1249 421 θεὸς
1295 369 1396 422 οἶδε,

50 443 167 486 καλῶ
204 443 248 484 δὲ
284 435 364 485 οὖν
398 446 520 497 μέχρι
555 442 683 483 τοῦδε
720 437 1025 489 διαλεκτικούς.
1063 436 1117 481 τα
1139 441 1182 481 δὲ
1208 441 1290 482 νῦν
1312 455 1397 482 πα-
1437 444 1474 486 C

51 507 107 566 ρὰ
145 511 224 552 σοῦ
262 525 307 551 τε
343 509 416 551 καὶ
451 507 620 550 Λυσίου
654 505 895 563 μαθόντας
930 509 1018 549 εἰπὲ
1055 509 1097 548 τί
1115 504 1199 562 χρὴ
1228 508 1400 559 καλεῖνς

50 575 77 630 ἢ
115 574 240 619 τοῦτ’
281 572 416 618 ἐκεῖνό
453 579 582 626 ἐστιν,
618 571 644 626 ἡ
681 572 822 629 λόγων
858 580 1006 629 τέχνη,
1052 566 1075 634 ἶ]
1108 571 1402 630 Θρασύμαχός

51 661 96 687 τε
132 645 205 686 καὶ
240 646 283 686 οὶ
316 640 443 685 ἄλλοι
473 640 687 698 χρώμενοι
722 643 856 701 σοᾳοὶ
891 643 970 697 μὲν
1005 641 1133 683 αὐτοὶ
1166 643 1301 693 λέγειν
1335 656 1405 695 γε·

51 709 258 767 γόνασιν,
293 705 455 759 ἄλλους
490 726 535 752 τε
571 711 797 761 ποιοῦσιν,
842 710 883 752 οἳ
927 705 984 751 ἂν
1021 710 1291 767 δωροφορεῖν
1325 706 1405 749 αὑ-

50 786 144 829 τοῖς
178 775 235 828 ὠς
268 778 518 832 βασιλεῦσιν
555 779 764 828 ἐθέλωσι,-

155 846 286 888 ‹DAL
363 844 589 887 Βασιλικοὶ
620 846 698 899 μὲν
732 841 911 900 ἄνδρες,
948 841 999 886 οὐ
1032 845 1112 898 μὲν
1149 839 1198 894 δὴ
1233 839 1408 893 ἐπιστή-

53 915 182 969 μονές
216 929 262 967 γε
302 903 363 954 ὧν
398 913 572 967 ἐρωτᾷς.
610 909 723 954 ἄλλα
760 913 893 955 τοῦτο
930 913 1009 966 μὲν
1037 908 1087 953 τὸ
1114 909 1226 959 εἶδος
1253 907 1408 964 ὀρθῶς

57 982 203 1036 ἔμοιγε
241 981 379 1028 δοκεῖς
413 981 560 1021 καλεῖν
596 975 867 1021 διαλεκτικὸν
903 980 1071 1021 καλῶν·
1108 975 1158 1020 τὸ
1197 978 1241 1019 δὲ
1276 974 1408 1034 ῥητο-

57 1044 182 1106 ρικὸν
215 1047 334 1090 δοκεῖ
367 1063 441 1101 μοι
476 1042 726 1106 διαφεύγειν
762 1044 833 1088 ἔθ’
874 1045 1004 1101 ἡμᾶς.
1436 1047 1480 1087 D

55 1174 154 1209 Vind.
185 1173 218 1209 2.
252 1175 284 1208 7.
317 1174 394 1207 aliis
425 1174 654 1208 emendatum.
714 1175 874 1207 Correxit
899 1176 963 1208 iam
993 1176 1070 1207 oliui
1098 1174 1274 1217 Spalding.
1324 1173 1409 1205 Dein

53 1222 155 1263 vulgo
179 1218 356 1276 πεφυκότα
381 1217 480 1264 ὁρᾶν.
504 1220 605 1252 Bodl.
634 1221 708 1254 Vat.
736 1221 818 1253 ven.
845 1220 928 1255 ΠΞ.
958 1221 1066 1253 Coisl.
1098 1222 1177 1255 Par.
1205 1219 1407 1252 BCGFH.

55 1267 98 1301 al.
134 1266 288 1308 πεφυκὸς
322 1265 427 1310 ὁρᾶν,
460 1270 498 1299 ut
531 1267 669 1309 scripsit
700 1267 849 1300 Bekker.
904 1267 976 1300 Nos
1010 1267 1089 1300 inde
1123 1266 1318 1300 extudimus
1348 1277 1410 1298 πε-

56 1311 190 1357 ‹pund-9³
218 1311 314 1366 ὅροιν.

146 1358 184 1392 C.
233 1357 282 1390 τὰ
320 1357 361 1389 δὲ
395 1360 471 1389 νῦν
502 1370 538 1391 π.
570 1357 620 1401 σ.]
658 1360 698 1392 V
732 1356 772 1390 τὰ
798 1361 858 1390 νῦν
882 1358 938 1400 δέ,
970 1358 1062 1401 quod
1096 1369 1114 1391 e
1140 1358 1240 1392 Bodl.
1269 1357 1409 1399 aliisque

56 1404 207 1438 melioris
231 1408 336 1436 notae
360 1403 452 1436 libris
476 1407 655 1436 mutatum

145 1449 390 1483 Βασιλικοὶ
429 1452 505 1493 μὲν
543 1449 717 1493 ανδρες]
768 1449 915 1484 Bekker.
956 1451 1092 1493 scripsit
1129 1444 1213 1492 οἷὸρε
1220 1462 1245 1485 ς.
1301 1450 1409 1483 Plena

54 1496 165 1530 oratio
190 1495 293 1528 suerit
317 1498 419 1528 οὑτοι
443 1497 520 1550 μέν
528 1496 610 1528 εἰσιν
634 1495 754 1538 ἅιὸρες
777 1496 969 1537 θασιλικοί,
1001 1497 1091 1529 unde
1122 1497 1263 1529 articulo
1298 1497 1410 1529 nullus

56 1542 109 1575 hic
133 1543 230 1575 locus
255 1545 320 1576 est.
368 1542 457 1574 Dein
480 1554 518 1573 το
548 1546 626 1574 ante
650 1540 739 1580 εἶδος
765 1551 839 1574 cum
867 1542 968 1575 Bodl.
991 1553 1059 1576 om.
1084 1543 1228 1586 plurimi.

57 1656 150 1689 mula
172 1651 273 1686 τοῦτ’
300 1650 404 1684 ἐκεῖνό
428 1653 517 1684 ἐστιν
541 1663 572 1686 v.
598 1663 699 1696 supra

60 1701 104 1735 ad
128 1712 162 1744 p.
187 1699 266 1735 241.
290 1699 332 1731 D.
357 1699 474 1741 Symp.
497 1709 530 1740 p,
556 1699 633 1733 210.
659 1699 700 1733 E.

104 1746 262 1781 ἄλλους
303 1756 346 1776 τε
384 1745 611 1787 ποιοῦσιν]
647 1745 702 1777 ln-

59 1794 129 1827 tell.
155 1789 286 1834 σοφοὺς
301 1790 416 1832 λέγειν,
465 1790 596 1823 Eadem
617 1791 702 1823 ratio

61 1842 114 1872 cst
147 1837 233 1870 infra
264 1848 296 1879 p.
320 1835 398 1870 268.
424 1836 465 1870 Β.
499 1847 530 1879 p.
557 1836 635 1870 270.
662 1837 702 1870 D.

59 1885 246 1927 Protagor.
269 1893 302 1925 p.
328 1881 405 1916 312.
432 1882 472 1916 E.
497 1893 529 1924 p.
557 1882 635 1917 348.
662 1882 703 1916 E.

60 1930 221 1973 Sympos.
242 1940 276 1971 p.
298 1927 373 1962 196.
390 1927 429 1962 Ε.
449 1928 557 1970 Gorg.
576 1939 609 1971 p.
623 1928 701 1963 449.

62 1981 104 2010 A.
130 1980 165 2008 et
187 1975 340 2008 centenis
365 1974 438 2007 aliis
462 1975 556 2009 locis.
585 1974 705 2007 Verbis

61 2021 241 2064 proximis:
274 2019 316 2052 οἳ
346 2018 398 2050 ἂν
431 2020 706 2064 δωροφορεῖν

61 2067 132 2102 κτλ.
163 2067 253 2099 inest
298 2066 436 2107 elegans
479 2066 592 2099 irrisio
634 2071 705 2099 tum

64 2114 215 2156 ipsorum
240 2111 481 2154 sophistarum,
507 2112 562 2153 qui
587 2112 706 2154 ingen-

63 2159 108 2192 tis
139 2158 324 2201 sapientiae
363 2158 514 2199 speciem
554 2168 638 2198 prae
669 2168 707 2190 se

63 2204 212 2237 ferentes
251 2212 407 2245 magnam
445 2204 646 2245 plerumque
686 2214 706 2236 a

65 2249 238 2292 discipulis
268 2250 338 2281 suis
377 2249 514 2290 exigere
550 2249 707 2281 solebant

64 2294 284 2328 institutionis
328 2294 524 2327 mercedem
575 2294 623 2337 (ν.
663 2294 706 2327 ad

65 2341 166 2383 Apol.
192 2340 290 2374 Socr.
314 2351 347 2382 p.
372 2340 424 2375 19.
452 2340 477 2371 E
497 2350 571 2382 sqq.
598 2340 705 2382 Hipp.

64 2386 144 2420 mai.
169 2396 202 2428 p.
226 2385 304 2420 282.
330 2386 370 2420 Β.
405 2387 479 2418 coll.
512 2386 705 2419 Boeckh.

66 2433 196 2465 Oecon.
220 2433 290 2465 Att.
315 2431 342 2465 1.
368 2442 400 2473 p.
421 2430 484 2466 133
510 2435 610 2474 sqq.)‚
635 2437 707 2464 tum

67 2487 209 2516 eorum,
251 2476 309 2518 qui
346 2477 423 2509 illos
457 2478 596 2511 credula
630 2487 707 2510 cum

66 2521 257 2557 reverentia
297 2525 467 2555 sectantes
514 2523 593 2555 nihil
640 2533 708 2555 non

66 2570 235 2602 bonorum
270 2577 411 2600 suorum
445 2568 707 2612 profundebant,

68 2614 174 2648 modo
197 2614 331 2647 illorum
355 2612 580 2648 familiaritate
605 2618 708 2656 atque

70 2659 245 2703 disciplina
276 2658 480 2701 gauderent:
517 2660 611 2692 cuius
647 2671 708 2702 ge-

71 2707 160 2740 neris
213 2705 407 2747 exemplum
461 2704 493 2737 in
545 2705 707 2748 principio

768 1653 983 1696 Protagorae
995 1660 1294 1688 commemoratur.
1314 1656 1413 1690 Quo-

770 1700 858 1731 circa
879 1680 1068 1742 ”sophistae
1116 1700 1180 1734 hoc
1219 1703 1295 1733 loco
1336 1712 1413 1735 cum

770 1745 909 1786 regibus
943 1746 1125 1779 Persarum
1160 1752 1415 1792 comparantur,

771 1791 897 1832 quibus
931 1797 1065 1824 constat
1089 1793 1236 1835 ingentia
1261 1794 1417 1836 vectiga-

772 1838 814 1869 lia
842 1842 877 1869 et
902 1838 1029 1870 tributa
1055 1839 1238 1879 quotannis
1256 1850 1333 1872 esse
1357 1850 1417 1872 so-

771 1884 852 1915 luta.
914 1884 1117 1926 Quanquam
1166 1886 1277 1918 Alcib.
1317 1885 1342 1919 1.
1382 1896 1415 1928 p.

774 1929 850 1963 123.
886 1931 927 1961 A.
959 1930 998 1964 B.
1032 1929 1050 1962 ὁ
1085 1930 1263 1972 βασιλικὸς
1307 1930 1416 1975 φόρος

773 1976 874 2008 etiam
906 1975 951 2007 ad
983 1976 1278 2009 Lacedaemonios
1309 1977 1417 2010 refer-

772 2024 848 2060 tur,
889 2022 1010 2062 quibus
1041 2023 1122 2056 item
1152 2033 1277 2065 magna
1317 2022 1418 2055 fuerit

773 2066 950 2109 pendenda
983 2070 1146 2109 pecuniae
1187 2079 1341 2109 summa,
1379 2072 1418 2100 ut

775 2112 921 2154 scriptor
946 2115 1049 2146 etiam
1065 2114 1417 2147 Lacedaemoniorum

774 2168 875 2200 reges
911 2160 944 2190 in
970 2164 1081 2192 mente
1106 2159 1231 2192 habere
1256 2160 1417 2201 potuerit.

773 2205 884 2244 Atque
917 2205 1053 2237 omnino
1086 2215 1186 2246 reges
1210 2206 1243 2236 in
1269 2205 1418 2238 Graecia

772 2248 836 2281 hoc
870 2250 1006 2282 nomine
1041 2261 1166 2283 exosos
1193 2250 1298 2283 fuisse
1323 2254 1418 2294 patet

773 2305 816 2327 ex
839 2294 977 2328 Hesio
991 2295 1022 2330 d.
1048 2296 1137 2338 Opp.
1157 2301 1191 2329 et
1212 2297 1282 2330 DD.
1308 2298 1334 2337 Ι,
1361 2297 1416 2333 38.

773 2340 864 2381 282,
888 2341 945 2372 ubi
971 2346 1048 2373 sunt
1076 2342 1234 2383 βασιλῆες
1258 2342 1417 2386 δωροφά-

772 2398 838 2429 γοι.
886 2386 937 2419 Ex
968 2386 1017 2419 his
1049 2397 1131 2420 vero
1157 2388 1223 2421 loci
1247 2389 1416 2430 elegantia

774 2431 875 2463 facile
906 2433 1034 2474 poterit
1065 2433 1217 2468 iudicari.
1275 2435 1345 2467 Pro
1372 2434 1413 2466 ου’

774 2478 834 2520 μὲν
869 2477 908 2518 δὴ
942 2478 1165 2520 ἐπιστήμονές
1197 2491 1234 2522 γε
1265 2490 1307 2512 ne
1338 2481 1416 2521 quis

775 2521 815 2554 οὗ
834 2522 902 2565 μὴν
918 2523 956 2565 δι]
985 2525 1143 2567 requirat,
1170 2527 1329 2558 consulas
1355 2536 1416 2558 an-

775 2573 845 2602 not.
878 2569 922 2601 ad
956 2570 1184 2613 Euthyphron.
1219 2582 1252 2613 p.
1290 2572 1341 2606 10.
1375 2572 1416 2605 D

776 2614 894 2657 Symp.
923 2626 955 2657 p.
981 2616 1034 2652 90.
1061 2618 1102 2649 al.
1160 2617 1322 2650 Ceterum
1361 2622 1417 2649 to-

775 2663 851 2692 tum
875 2661 931 2702 qui
955 2662 1109 2703 sequitur
1139 2664 1254 2701 locum
1277 2663 1418 2705 respicit

777 2705 929 2740 Cicero
955 2708 1050 2741 Orat.
1077 2708 1131 2750 12,
1156 2708 1211 2743 39.
