1687 2969
413 180 656 220 GORGIAS.
687 181 731 219 P.
764 183 854 219 524.
888 183 977 219 525.
1009 180 1068 219 ed.
1100 180 1156 219 St.
1388 178 1466 216 337

121 299 198 339 σας
223 292 375 331 θεᾶται
410 287 589 331 ἑκάστου
625 288 704 343 τὴν
741 290 910 344 ψυχήν,
951 289 1030 330 οὐκ
1059 288 1179 336 εἰδὼς
1207 286 1312 328 ὅτου
1342 286 1465 336 ἐστίν,

118 354 223 396 α’λλὰ
257 355 458 403 πολλάκις
502 361 580 396 τοῦ
625 355 811 408 μεγάλου
853 352 1055 406 βασιλέως
1099 352 1402 406 ἐπιλαβόμενος
1440 352 1467 405 ἢ

119 422 252 461 ἄλλου
288 419 476 462 ὁτουοῦν
522 419 725 473 βασιλέως
771 419 797 471 ἢ
845 420 1060 461 δυνάστου
1099 419 1291 460 κατεῖδεν
1341 418 1469 459 οὐδὲν

118 485 232 539 ὑγιὲς
260 483 312 526 ὃν
337 491 413 539 τῆς
441 491 594 539 ψυχῆς,
624 485 728 527 άλλὰ
757 483 1204 537 διαμεμαστιγωμένήν
1233 482 1303 525 καὶ
1326 484 1469 524 οὐλῶν

117 549 275 604 μεστὴν
301 550 386 592 ὑπὸ
417 549 645 602 ἐπιορκιῶν
684 550 753 591 καὶ
791 550 980 598 ἀδικίας,
1019 551 1044 589 ἃ
1083 546 1235 602 ἑκάστη
1263 549 1291 602 ἦ
1319 549 1468 601 πρᾶξις
1498 549 1579 592 525

118 617 252 657 αὐτοῦ
281 615 543 669 ἐξωμόρξατο
574 617 630 664 εἰς
657 615 735 669 τὴν
763 617 919 669 ψυχήν.
951 614 1021 655 καὶ
1045 616 1183 655 πάντα
1208 613 1355 655 σκολιὰ
1385 613 1468 654 ὑπὸ

117 681 307 730 ψεύδους
334 681 404 722 καὶ
433 682 678 731 άλαζονειάς
702 679 772 721 καὶ
797 679 923 721 οὐδὲν
953 679 1062 720 εὐθὺ
1083 680 1152 720 διὰ
1173 678 1220 719 τὸ
1244 681 1348 719 ἄνευ
1371 680 1467 732 άλη-

118 747 240 795 &stag
256 747 523 800 τεθράφθαι·
543 746 613 788 καὶ
632 746 716 787 ὑπὸ
730 745 921 796 ἐξουσίας
933 746 1003 786 καὶ
1026 748 1194 798 τρυφῆς
1212 743 1281 784 καὶ
1306 744 1470 797 ὕβρεως

115 812 184 853 καὶ
214 813 417 864 άκρατίας
444 814 530 853 τῶν
558 812 751 864 πράξεων
779 811 1063 864 άσυμμετρίας
1091 825 1133 850 τε
1156 810 1226 850 καὶ
1254 810 1468 863 αἰσχρότη-

117 892 189 926 τος
214 875 432 931 γέμουσαν
466 877 545 931 τὴν
576 878 718 931 ψυχὴν
747 873 868 917 εἶδεν.
910 875 1012 916 ἰδὼν
1051 874 1094 916 δὲ
1124 875 1280 928 άτίμως
1307 875 1468 928 ταύτην

118 940 363 995 ἀπέπεμψεν
401 943 510 983 εὐθὺ
546 949 619 996 τῆς
647 949 867 996 φρουράς,
908 936 950 982 οἷ
985 938 1122 993 μέλλει
1153 941 1339 981 ἐλθοῦσα
1369 941 1468 981 άνα-

118 1011 267 1062 τλῆναι
306 1007 357 1049 τὰ
393 1009 663 1062 προςήκοντα
711 1009 844 1062 πάθη.
918 1007 1024 1065 Cap.
1056 1007 1268 1049 LXXXI.
1332 1009 1467 1060 Προς-

186 1132 223 1163 Ρ.
248 1130 326 1164 525.
372 1128 393 1162 ἃ
426 1129 584 1172 ἑκάστη
625 1129 644 1172 ἡ
686 1132 842 1171 πρᾶξις
881 1128 1035 1172 αὐτοῦ]
1086 1128 1211 1172 ἑκάστη
1245 1130 1359 1163 Clark.
1392 1130 1467 1162 Vat.

120 1176 220 1209 Vind.
247 1177 277 1209 1.
302 1175 334 1209 6.
358 1177 433 1211 Par.
459 1176 661 1208 BCEFW.
686 1187 808 1208 novem
833 1176 1024 1208 Florentini
1049 1181 1083 1207 et
1106 1176 1180 1208 cod.
1198 1177 1340 1208 Eusebii
1356 1176 1466 1208 Oxon.

119 1233 178 1264 pro
212 1222 305 1264 vulg.
337 1219 479 1262 ἑκάστῳ.
527 1221 692 1253 Codicum
724 1222 924 1263 scripturam
957 1219 1082 1264 ἑκάστη
1116 1232 1232 1252 veram
1258 1232 1349 1261 esse,
1385 1222 1470 1252 Her-

119 1278 245 1299 manno
276 1270 453 1307 monente,
494 1278 537 1299 ex
570 1278 609 1298 eo
641 1267 864 1309 intelligitur,
897 1267 987 1308 quod
1021 1267 1061 1298 de
1093 1267 1240 1309 singulis
1273 1266 1470 1299 hominibus

119 1312 249 1344 dictum
272 1316 324 1344 est
346 1313 413 1343 iam
439 1316 555 1351 antea,
582 1317 683 1353 atque
707 1313 818 1354 imago
843 1313 892 1343 rei
917 1312 1023 1343 multo
1048 1312 1214 1344 illustrior
1238 1311 1293 1351 fit,
1318 1313 1378 1343 ubi
1402 1313 1471 1343 sin-

118 1358 278 1400 gulorum
301 1357 493 1390 facinorum
518 1358 616 1398 quasi
642 1358 817 1389 cicatrices
850 1358 884 1388 in
911 1358 1024 1389 animo
1055 1358 1149 1389 cerni
1173 1357 1343 1391 dicuntur.
1392 1357 1469 1389 Fal-

119 1413 177 1434 sus
193 1413 268 1434 sum
284 1402 364 1434 olim
384 1413 435 1442 eo,
460 1402 550 1444 quod
567 1400 702 1444 ἑκάστῃ,
728 1402 890 1442 dativum,
916 1407 1114 1444 putaveram
1139 1403 1175 1433 in
1200 1402 1298 1434 libris
1323 1408 1468 1434 exstare.

120 1448 211 1480 Dein
236 1452 317 1479 vett.
341 1447 433 1479 editt.
461 1445 671 1489 τετράφθαι,
704 1448 793 1489 quod
824 1459 866 1480 ex
892 1448 1007 1479 Clark.
1032 1448 1109 1479 vat.
1133 1449 1219 1480 Ven.
1246 1448 1284 1481 Ξ.
1312 1448 1412 1479 Vind.
1438 1447 1468 1480 2.

120 1491 150 1525 6.
183 1493 259 1523 Par.
291 1492 363 1524 BC.
396 1497 574 1526 mutatum.
635 1493 818 1525 Enimvero
852 1491 1045 1533 τετράφθαι
1081 1493 1124 1524 ad
1154 1493 1297 1525 verbum
1333 1492 1470 1534 τρέπειν

120 1537 354 1577 referendum,
386 1535 590 1579 τεθράφθαι
620 1542 732 1569 autem
766 1549 786 1569 a
812 1537 953 1578 τρέφειν
977 1538 1117 1570 ductum
1143 1543 1203 1570 est.
1253 1539 1469 1580 Quamquam

120 1583 187 1614 hac
210 1583 248 1614 in
270 1593 306 1614 re
331 1582 440 1622 codd,
463 1586 501 1614 ut
523 1582 573 1621 fit,
597 1582 741 1614 multum
766 1584 983 1615 fluctuantur.
1010 1594 1040 1614 ν.
1066 1583 1108 1614 ad
1124 1584 1240 1625 Remp.
1260 1584 1320 1615 III.
1345 1594 1376 1625 p.
1393 1582 1469 1616 405.

120 1628 161 1660 A.
185 1625 262 1660 409.
287 1628 328 1659 Α.
361 1628 502 1659 Theaet.
526 1626 600 1659 172.
633 1628 676 1660 D.
709 1629 799 1660 conf.
832 1629 1030 1660 Buttmann.
1065 1629 1120 1660 Gr.
1154 1630 1182 1669 ξ.
1217 1628 1292 1661 114.
1325 1629 1359 1660 in
1394 1640 1468 1661 voc.

121 1671 239 1715 τρέφω
264 1676 297 1704 et
319 1672 470 1704 Lobeck.
495 1672 643 1714 Paralip.
674 1683 706 1715 p.
730 1672 783 1705 46.

188 1717 258 1750 καὶ
283 1716 516 1760 α’κρατιάς]
543 1718 600 1750 Sic
618 1717 734 1750 Clark.
752 1719 830 1750 Vat.
848 1719 934 1749 Ven.
962 1718 1001 1750 Σ.
1035 1717 1136 1749 Vind.
1162 1717 1193 1750 2.
1219 1718 1249 1751 6.
1276 1717 1305 1751 7.
1337 1719 1414 1751 Par.
1431 1720 1468 1751 B.

119 1762 210 1796 Flor.
241 1774 271 1796 a.
303 1775 337 1796 x.
370 1763 468 1796 Bodl.
499 1764 588 1806 Aug.
613 1764 752 1796 Mcerm.
783 1774 844 1806 pro
871 1764 962 1806 vulg.
994 1760 1173 1804 ἀκρασίας.
1204 1765 1330 1796 Euseb.
1362 1761 1468 1806 α’κρα-

120 1863 275 1905 aliquo
293 1868 531 1906 occupatus
553 1865 648 1896 fuit.
673 1865 760 1896 Nam

121 1906 159 1940 τὰ
190 1908 375 1952 παθήματα
406 1908 426 1941 ἃ
460 1907 516 1941 διὰ
557 1907 615 1952 τὴν
647 1908 760 1952 ἐπιτή-

121 1952 243 1986 δευσιν
266 1955 365 1996 ἔσχεν
388 1952 407 1986 ὁ
432 1952 625 1996 ἅνθρωπος
659 1966 761 1997 oppo-

120 2003 250 2031 nuntur
274 2004 342 2033 τοῖς
368 2003 425 2042 τῆς
452 1998 602 2040 φύσεως.

166 2044 205 2075 Ε.
253 2043 458 2079 ἐκείνους
505 2044 758 2088 ἐπιστήσας]

124 2089 232 2123 Videl.
258 2098 388 2131 prope
413 2100 467 2121 se.

167 2134 379 2166 κατεῖδεν
440 2131 573 2167 οὐδὲν
627 2132 758 2176 ὑγιές]

121 2178 280 2211 Aoristus
311 2179 480 2221 quomodo
516 2180 760 2222 intelligendus

122 2225 176 2263 sit,
202 2224 371 2257 docebunt
394 2226 547 2256 Buttm.
574 2226 601 2264 ἓ.
630 2224 704 2256 1:24.
729 2224 759 2257 6.

123 2274 239 2301 annot.
277 2269 308 2302 4.
346 2269 501 2302 Matth.
543 2271 571 2309 ἕ.
616 2269 690 2302 503.
729 2268 761 2301 3.

121 2314 234 2346 Rost.
266 2316 295 2354 ἓ.
321 2315 395 2348 116.
420 2314 450 2347 8.
483 2319 598 2347 annot.
623 2313 653 2347 4.
679 2315 759 2348 coll.

121 2363 236 2390 annot.
280 2360 322 2391 ad
354 2360 526 2393 Phaedon.
569 2370 600 2401 p.
633 2358 685 2392 73.
718 2361 760 2391 D.

120 2404 249 2436 Eodem
280 2405 379 2437 modo
411 2406 648 2447 accipiendum
681 2416 761 2436 mox

121 2445 180 2491 τὴν
204 2448 318 2493 ψυχὴν
341 2447 439 2482 εἶδεν
470 2456 504 2482 et
529 2449 655 2492 ταύτην
679 2448 760 2482 ἀπέ-

122 2500 267 2533 πεμψεν.

153 2535 255 2571 ἀλλὰ
282 2539 759 2582 διαμεμαστιγωμένην]

121 2584 250 2616 Docuit
273 2584 478 2626 Wyttenb
495 2586 583 2617 ach.
616 2585 658 2616 ad
681 2585 761 2616 Plu-

121 2629 229 2661 tarch.
263 2630 314 2661 De
339 2629 372 2663 S.
399 2630 440 2662 N.
465 2631 505 2661 V.
533 2641 564 2671 p.
592 2629 658 2662 110
689 2640 758 2671 seq.

121 2674 208 2706 hanc
240 2674 395 2706 Platonis
431 2676 653 2715 sententiam,
692 2686 760 2716 qua

120 2720 293 2752 statuebat
315 2720 472 2759 μυθικῶς
496 2720 645 2752 animam
672 2721 759 2753 cica-

184 2787 256 2812 Plat.
275 2787 347 2819 Ορρ.
367 2787 429 2814 Vol.
447 2787 484 2812 11.
503 2786 577 2813 Sect.
595 2788 620 2813 1.

828 1865 931 1896 trices
975 1876 1013 1896 ac
1045 1866 1175 1897 vibices
1215 1866 1413 1907 concipere,
1449 1876 1469 1897 a

829 1911 985 1952 plurimis
1009 1911 1204 1952 posterioris
1230 1912 1305 1942 aevi
1329 1912 1468 1953 scripto-

828 1955 924 1987 ribus
956 1966 1030 1987 esse
1062 1955 1277 1989 celebratam.
1326 1956 1377 1988 Cf.
1411 1958 1467 1988 Ia—

830 2001 942 2032 cobs.
974 2001 1016 2032 ad
1050 2001 1235 2044 Antholog.
1268 2001 1338 2042 VI,
1372 2002 1400 2033 1.
1435 2013 1466 2045 p.

830 2044 883 2077 70.
909 2046 970 2083 ΙΙΙ,
997 2045 1026 2077 1.
1050 2057 1081 2088 p.
1108 2045 1182 2078 144.

874 2091 912 2122 P.
954 2090 1029 2123 525.
1077 2088 1384 2131 ἀσυμμετρίας
1426 2103 1466 2123 τε

829 2135 900 2166 καὶ
949 2135 1102 2178 αἰσχρ]
1173 2136 1466 2176 Quemadmodum

829 2181 920 2211 enim
944 2182 1071 2220 virtus,
1102 2191 1188 2222 quae
1213 2182 1310 2222 quasi
1334 2183 1466 2213 musico

829 2225 975 2266 quodam
1002 2232 1168 2258 concentu
1192 2226 1396 2265 continetur,
1421 2228 1468 2259 ef-

828 2270 909 2309 ficit,
934 2275 972 2302 ut
996 2272 1101 2303 animi
1122 2272 1213 2303 vires
1238 2282 1355 2303 omnes
1379 2273 1468 2304 inter

830 2326 864 2347 se
890 2317 1116 2356 concordent,
1152 2317 1199 2348 ita
1223 2317 1307 2348 vitia
1331 2318 1363 2349 ei
1387 2318 1467 2350 affe-

829 2365 909 2391 runt
931 2362 1186 2403 turpitudinem,
1211 2363 1370 2403 quoniam
1388 2373 1464 2394 eum

831 2416 851 2436 a
876 2407 955 2437 boni
979 2411 1012 2438 et
1034 2408 1167 2438 honesti
1199 2407 1311 2439 studio
1336 2409 1466 2440 abstra-

830 2451 927 2482 hunt.
966 2463 997 2483 v.
1037 2452 1079 2484 ad
1119 2452 1291 2484 Phaedon.
1339 2463 1371 2494 p.
1411 2452 1465 2485 34.

831 2496 964 2538 Quippe
988 2497 1098 2538 pulcri
1121 2502 1222 2539 atque
1247 2498 1327 2529 boni
1351 2509 1392 2529 ea
1416 2503 1468 2529 est

830 2542 1059 2583 necessitudo,
1085 2547 1123 2574 ut
1147 2543 1292 2575 alterum
1316 2544 1358 2574 ab
1385 2543 1466 2574 alte-

829 2597 866 2616 ro
906 2587 1024 2618 divelli
1062 2592 1120 2619 aut
1157 2588 1328 2629 segregari
1367 2588 1464 2619 nullo

828 2631 927 2664 modo
951 2633 1069 2674 possit.
1093 2633 1294 2674 v.Prolegg.
1320 2632 1363 2663 ad
1386 2633 1465 2664 Phi-

828 2676 894 2708 leb.
919 2688 950 2719 p.
974 2678 1064 2710 XCI.
1089 2689 1158 2719 seq.
1183 2696 1226 2701 —-
1255 2675 1370 2709 εὐθὺ
1397 2681 1464 2720 τῆς

829 2725 1057 2764 φρουρᾶς,
1097 2726 1216 2755 recta
1249 2723 1292 2755 in
1325 2727 1464 2755 custo-

1150 2788 1196 2823 22
