1687 2969
617 140 871 177 *v-

71 256 288 313 perfectus
319 260 362 296 et
393 253 548 306 alatus,
580 252 774 293 sublimis
805 252 954 304 fertur,
987 266 1215 306 rerumque
1245 251 1417 292 univer-

70 314 240 356 sitatem
271 312 504 368 gubernat3
536 308 613 351 sed
644 310 721 351 alis
744 308 912 349 amissis
945 307 1061 349 cadit
1092 308 1307 361 deorsum,
1340 307 1418 350 do-

70 385 151 412 nec
192 375 347 423 nactus
388 367 445 409 sit
485 365 660 421 aliquod
692 381 864 421 corpus,
898 365 940 405 111
982 380 1068 419 quo
1109 365 1255 406 sedem
1291 365 1418 420 quasi

72 442 194 468 suam
257 440 307 467 ac
355 423 618 466 domicilium
674 423 795 479 figat.
876 421 1031 475 Itaque.
1080 423 1267 463 animum
1322 438 1419 463 cum

70 498 252 540 corpore
292 482 542 538 copulatum
580 479 738 520 animal
775 478 955 520 mortale
995 479 1296 535 intelligimus3
1342 478 1420 519 sed

70 540 230 582 animal
260 537 500 580 immortale
531 537 810 578 informamus
843 536 1008 588 Deum,
1051 550 1298 590 quanquam
1329 535 1420 577 eius

71 597 296 650 notitiam,
341 595 378 637 si
415 610 564 636 verum
606 594 873 648 qumsrimus,
916 592 1123 634 habemus
1163 593 1325 633 nullam
1357 594 1420 648 (p.

71 656 166 698 ⁴246.
197 654 252 695 A.
285 677 338 683 —
367 652 460 707 D.).

185 710 388 763 Quonam
419 715 560 749 autem
592 706 721 747 modo
754 706 944 758 eveniat,
985 711 1032 746 ut
1072 705 1249 747 humani
1293 705 1421 746 animi

71 775 115 810 et
155 783 243 809 una
283 781 381 808 cum
413 765 494 806 diis
527 763 840 805 immortalibus
881 763 981 804 olim
1012 763 1055 803 in
1086 778 1227 803 rerum
1257 762 1422 803 divina·-

70 841 165 867 rum
213 822 577 879 contemplatione
627 820 787 862 versati
827 821 935 866 sint,
991 826 1031 860 et
1076 819 1353 861 nihilominus
1399 835 1424 860 a

71 882 255 938 pristina
295 880 370 921 illa
410 880 583 920 fortuna
624 893 702 918 sua
742 884 871 931 atque
914 877 1126 932 dignitate
1169 876 1421 929 defecerint,

72 939 117 980 id
149 938 353 981 Socrates
386 936 590 991 deinceps
623 934 853 989 magnifica
885 934 1075 975 declarat
1109 933 1309 989 imagine.

186 995 263 1036 Dii
292 993 569 1045 immortales,
602 992 764 1046 inquit,
798 991 1001 1045 quoniam
1032 991 1094 1031 ita.
1127 997 1226 1031 sunt
1263 990 1422 1032 beatis-

73 1052 192 1103 simi,
241 1058 290 1092 ut
331 1050 532 1092 facillime
573 1064 623 1089 ac
670 1048 920 1103 saepissime
972 1047 1241 1102 conspiciant
1286 1047 1423 1102 ipsam

72 1108 303 1161 iustitiam,
348 1106 628 1162 sapientiam,
668 1104 1003 1160 Iullcritudinem
1053 1105 1097 1144 111
1145 1104 1242 1144 loco
1293 1120 1424 1159 supra

73 1165 240 1207 coelum
272 1172 423 1205 evecto
456 1163 730 1204 collocatam:
773 1160 1002 1203 duodecim
1036 1160 1094 1201 dii
1124 1161 1308 1202 maiores
1338 1176 1424 1201 una

72 1237 171 1265 cum
200 1221 290 1263 suis
324 1219 589 1277 agminibus,
623 1218 783 1259 relictis
814 1217 989 1260 sedibus
1022 1218 1133 1267 suis,
1166 1217 1257 1259 sola
1287 1218 1426 1258 Vesta

74 1280 119 1321 in
160 1278 244 1320 illis
284 1283 557 1329 remanente,
597 1291 808 1316 summum
860 1275 969 1316 coeli
1007 1275 1210 1316 verticem
1249 1280 1423 1329 petunt:

74 1351 161 1391 quo
190 1336 234 1376 in
265 1335 417 1375 itinere
436 1348 618 1389 magnus
648 1332 719 1373 ille
749 1333 790 1373 111
823 1332 945 1373 (0010
977 1331 1064 1372 dux
1081 1331 1276 1386 Iuppiter
1297 1347 1425 1373 curru

75 1393 190 1434 alato
230 1395 393 1448 primus
431 1390 627 1432 vehitur:
670 1390 801 1431 ceteri
841 1388 901 1430 dii
941 1404 1018 1430 suo
1059 1389 1242 1443 quisque
1274 1387 1426 1429 ordine

75 1450 413 1503 subsequuntur.
473 1447 533 1488 Et
565 1447 692 1488 huius
725 1446 899 1501 quidem
930 1445 1168 1501 spectaculi
1199 1446 1324 1501 longe
1350 1446 1424 1487 bc-

74 1506 279 1559 atissimi,
321 1504 524 1560 quoniam
564 1519 589 1544 a
619 1503 701 1544 diis
734 1503 871 1544 omnis
912 1503 1033 1544 abest
1065 1502 1251 1556 invidia,
1299 1503 1426 1543 etiam

76 1563 204 1604 animi
233 1562 409 1604 humani
440 1561 541 1603 olim
558 1560 795 1617 participes
827 1575 923 1601 esse
954 1566 1201 1615 potnerunt.
1264 1558 1426 1612 Quam-

77 1635 206 1674 quam
233 1619 346 1659 inter
374 1618 453 1659 hos
483 1624 612 1671 atque
644 1616 748 1658 deos
777 1617 1006 1672 plurimum
1028 1615 1258 1657 intercedit
1276 1616 1427 1657 discri-

77 1676 217 1717 minis.
307 1675 420 1717 Nam
467 1674 647 1715 deorum
694 1674 790 1728 equi
840 1673 1024 1714 maxima
1071 1673 1277 1714 facilitate
1324 1674 1428 1714 illuc

77 1732 435 1789 proficiscunturg
478 1732 635 1776 ceteri,
688 1732 790 1785 quia
843 1730 1028 1786 disparis
1079 1736 1258 1771 naturae
1310 1737 1425 1783 sunt,

77 1804 235 1846 magno
264 1789 411 1831 labore
442 1794 485 1830 et
513 1788 790 1830 contentione
823 1787 973 1828 codem
1005 1787 1250 1840 enituntur,
1291 1787 1428 1829 feroci

78 1853 122 1888 et
163 1846 378 1888 cotumaci
417 1861 529 1899 equo
568 1845 623 1886 ad
661 1845 865 1885 inferiora
905 1850 1056 1885 ruente
1098 1850 1140 1885 et
1179 1844 1222 1884 vi
1265 1844 1428 1885 alarum

78 1903 319 1944 fatiscente.
377 1902 438 1943 Et
466 1902 496 1942 ii
528 1901 703 1956 quidem
724 1901 867 1954 animi,
897 1900 971 1956 qui
994 1907 1096 1942 sunt
1124 1901 1320 1957 perfecti,
1353 1902 1427 1943 ubi

78 1960 123 2001 in
162 1960 271 2001 coeli
309 1959 484 2001 dorsum
521 1964 833 2014 pervenerunt,
884 1957 1042 1999 ibidem
1083 1958 1350 2011 consistunt,
1387 1966 1429 1999 et

78 2017 123 2058 in
161 2016 309 2058 orbem
340 2016 589 2058 circumacti
618 2030 904 2070 quaecunque
943 2015 987 2056 in
1019 2031 1063 2056 se
1098 2021 1198 2056 sunt
1228 2016 1429 2057 absoluta

80 2083 210 2128 atque
240 2072 385 2114 divina
414 2074 458 2115 in
477 2073 728 2128 regionibus
754 2073 837 2114 illis
867 2072 1163 2128 superioribus
1191 2072 1427 2113 intuentur.

79 2130 248 2171 Locum
289 2137 434 2171 autem
474 2130 619 2183 illum,
662 2130 755 2185 ipso
790 2129 911 2170 coelo
955 2129 1261 2181 excelsiorem,
1303 2145 1428 2170 nemo

81 2185 306 2242 quisquam
336 2194 409 2228 aut
440 2186 582 2228 adhuc
613 2186 856 2242 descripsit,
890 2192 964 2227 aut
993 2186 1080 2227 ullo
1108 2201 1301 2239 unquam
1320 2192 1429 2227 tem-

81 2258 184 2298 pore
233 2259 312 2299 pro
364 2243 576 2300 dignitate
627 2244 922 2285 celebraturus
973 2248 1052 2284 est.
1121 2243 1269 2284 Habet·
1317 2243 1430 2284 enim

84 2314 207 2341 omne
237 2300 307 2353 id,
350 2301 467 2355 quod
498 2315 577 2341 nec
608 2300 796 2342 colorem
828 2306 903 2341 aut
933 2300 1111 2340 formam
1145 2299 1331 2354 aliquam
1363 2316 1430 2341 re-

83 2356 186 2409 fert,
226 2372 367 2411 neque
396 2358 484 2398 ullo
531 2373 660 2399 sensu
692 2357 956 2414 percipitur,
990 2356 1066 2397 sed
1098 2356 1150 2397 ab
1182 2372 1269 2399 11110
1301 2357 1431 2398 animi

83 2412 234 2468 auriga
271 2414 484 2470 conspici,
528 2414 733 2471 cognosci
775 2421 818 2456 et
858 2413 1041 2470 intelligi
1081 2419 1238 2469 potest.
1306 2415 1430 2455 Haec

83 2468 216 2524 igitur
245 2470 318 2511 ubi
348 2472 575 2527 conspexit
607 2472 788 2524 animus,
823 2471 1026 2512 continuo
1058 2471 1110 2511 iis
1142 2471 1323 2512 mirifice
1357 2470 1431 2511 de-

81 2525 290 2579 lectatur,
327 2528 540 2581 nutritur,
575 2528 896 2581 corroboratur,
930 2542 1011 2568 nec
1039 2542 1243 2581 umquam
1274 2529 1326 2570 ab
1358 2543 1430 2568 eo-

82 2597 177 2623 rum
207 2581 552 2626 consideratione
586 2585 808 2636 avertitur,
840 2599 976 2638 usque
1006 2583 1107 2625 dum
1136 2583 1191 2624 ad
1222 2601 1318 2626 eum
1349 2585 1431 2626 cir—

83 2645 305 2681 cumactus
337 2646 403 2682 est
429 2640 595 2696 locum,
628 2640 742 2682 undo
774 2641 943 2682 initium
974 2646 1152 2696 ceperat
1181 2657 1323 2683 rerum
1353 2656 1432 2697 per

84 2710 129 2737 se
151 2702 440 2752 spectatarum
461 2698 588 2740 beata
610 2698 929 2754 contemplatio.
982 2698 1099 2739 Hinc
1130 2714 1231 2740 vero
1256 2705 1431 2740 aeterno
