1687 2969
216 88 293 128 176
697 85 1073 130 PLATONIS

210 203 350 262 σοφὸς
385 206 469 259 γαρ
505 200 630 258 ἁνήρ.
703 206 857 246 Τισίαν
891 206 935 246 δὲ
970 206 1166 260 Γοργίαν
1201 221 1245 247 τε
1277 204 1463 261 ἐάσομεν
1486 203 1556 248 εὕ-

211 273 328 322 δειν;
365 271 406 312 οἳ
440 268 524 326 πρὸ
558 272 646 313 τῶν
680 269 871 323 ἀληθῶν
907 268 961 313 τὰ
984 269 1130 314 εἰκότα
1152 268 1268 315 εἶδον
1293 270 1350 322 ὡς
1375 276 1555 328 τιμητέα

208 339 390 393 μᾶλλον,
428 335 483 378 τά
521 353 565 380 τε
600 330 656 379 αὖ
692 335 850 393 σμικρὰ
888 336 1058 393 μεγάλα
1095 340 1167 381 καὶ
1192 336 1247 380 τα
1273 338 1441 393 μεγάλα
1461 355 1557 396 σμι-

142 415 180 455 Β
210 401 292 460 κρὰ
329 406 577 463 φαίνεσθαι
610 407 785 447 ποιοῦσι
830 403 900 446 δια
947 403 1097 460 ῥώμην
1131 403 1286 459 λόγου,
1331 405 1462 449 καινά
1508 423 1553 449 τε

209 470 400 526 ἀρχαίως
444 470 500 513 τά
541 470 578 514 τ’
623 474 799 515 ἐναντία
836 474 1015 523 καινῶς,
1062 475 1302 527 συντομίαν
1336 490 1380 515 τε
1417 471 1558 528 λόγων

209 540 282 581 καὶ
320 534 479 593 ἄπειρα
527 537 640 595 μήκη
688 541 783 591 περὶ
819 537 998 581 πάντων
1042 538 1244 594 ἀνεῦρον.

1318 541 1466 582 ταῦτα
1513 541 1558 582 δὲ

212 603 387 648 ἀκούων
424 610 527 648 ποτὲ
562 622 646 661 μου
673 605 899 661 Πρόδικος
931 608 1114 661 ἐγέλασε,
1147 609 1220 649 καὶ
1254 605 1394 662 μόνος
1425 604 1561 657 αὐτὸς

305 735 455 767 Τισίαν
492 735 535 767 δὲ
569 734 726 778 sopp]
760 736 818 767 Sic
843 736 942 769 codd.
972 747 1034 779 pro
1056 747 1087 772 v,
1114 738 1237 768 Τισίαν
1261 749 1296 769 τε
1322 738 1426 780 Γοργ.
1476 736 1561 769 Dein

212 779 362 824 ἐάσωμεν
388 781 492 825 Qeisl.
519 785 554 813 et
579 782 661 814 Ven.
688 782 730 814 Σ.
757 781 864 813 minus
890 786 993 814 recte.

309 826 346 860 Β.
394 828 447 857 ὠν
474 826 542 858 δεῖ
565 825 702 868 λόγων
726 827 882 870 τέχνῃ]
918 826 1028 860 Codd.
1054 826 1126 859 sere
1151 837 1270 859 omnes
1295 828 1424 868 τέχνην.
1457 826 1559 860 Male.

215 872 373 904 nativum
399 871 487 904 enim
514 873 667 914 proxima
699 873 855 914 exigunt,
886 878 925 905 ut
956 873 1080 905 frustra
1110 882 1218 914 nuper
1249 874 1481 905 accusativum
1506 883 1562 906 re—

214 918 382 950 tinuerint.

259 1029 418 1061 Τισίαν
457 1029 497 1060 δὲ
530 1027 592 1070 Γ.]
638 1028 678 1061 V.
714 1028 856 1064 Cicer.

214 1076 310 1109 Brut.
346 1073 406 1114 12,
443 1074 493 1108 16.
527 1073 577 1106 De
611 1073 706 1107 Orat.
739 1076 766 1108 1.
800 1074 857 1116 20,

213 1122 268 1156 91.
304 1121 362 1154 ΙΙΙ.
394 1120 450 1154 21.
499 1120 549 1152 De
585 1119 712 1153 invent.
748 1121 790 1154 11.
823 1121 854 1155 2.

213 1166 404 1201 Quintil.
440 1165 481 1199 II.
518 1165 576 1205 17,
606 1166 637 1199 7.
676 1166 801 1207 111.1‚
825 1166 858 1201 8.

213 1212 451 1254 Mongitor.
498 1211 585 1243 Bibl.
617 1210 721 1243 Sicul.
756 1212 798 1246 T.
831 1213 856 1246 1.

215 1271 246 1296 p.
282 1258 357 1292 146.
390 1257 430 1289 ll.
462 1267 495 1299 p.
528 1256 606 1290 267.
656 1257 857 1299 Spengel.

215 1305 346 1337 Artium
366 1302 548 1344 Scriptorr.
562 1302 644 1344 p.23
657 1313 707 1344 sq.
722 1307 756 1335 et
770 1304 858 1336 Pro-

215 1351 304 1391 legg.
342 1348 420 1380 Fuit
444 1350 500 1380 ille
528 1349 691 1390 magister
715 1349 856 1391 Lysiae,

215 1397 309 1428 cuius
332 1395 543 1427 institutione
580 1404 660 1426 usus
685 1399 740 1427 est
763 1395 859 1427 vide-

215 1446 270 1473 tur
301 1451 370 1482 quo
401 1445 555 1482 tempore
588 1439 725 1472 Thuriis
763 1451 857 1472 com—

214 1491 368 1519 moratus
394 1489 459 1526 est,
486 1495 650 1526 quorsum
678 1486 859 1521 etiamTi-

216 1534 285 1564 sias
310 1536 540 1564 concesserat.
566 1541 596 1565 v.
624 1531 742 1566 Suid.
768 1533 801 1564 in
826 1542 858 1566 v.

215 1579 358 1613 Λυσίας.
384 1576 509 1609 Phot.
535 1587 569 1618 p.
587 1576 664 1611 489.
692 1577 745 1609 ed.
765 1578 857 1609 Bek-

215 1625 287 1658 ker.
314 1624 422 1656 Plat.
444 1622 510 1656 vit.
527 1622 570 1655 X.
589 1623 700 1656 Oratt.
729 1623 856 1655 Verba:

216 1668 396 1711 ἐάσομεν
420 1667 561 1700 εὕδειν
577 1669 857 1710 interpretamur:

219 1716 472 1748 sinemusne
527 1715 705 1746 otiosos
755 1725 859 1747 esse

220 1771 356 1802 neque
380 1760 547 1801 aliquid
577 1761 627 1792 ad
664 1760 772 1792 artis
796 1770 858 1792 ra-

221 1808 383 1839 tionem
410 1806 631 1845 conferre,
658 1806 786 1838 scilieet
809 1806 861 1838 in-

218 1853 328 1884 ventis
366 1861 484 1884 eorum
515 1852 648 1884 silentio
683 1852 860 1883 transmis-

220 1899 278 1931 sis.
334 1896 421 1930 Nam
452 1897 643 1930 dormire
685 1900 719 1929 et
751 1895 862 1929 εὕδειν

220 1942 454 1985 metaphorice
495 1942 615 1974 dicitur
647 1941 690 1975 de
725 1942 860 1975 homine

220 1990 346 2030 otioso,
369 1998 505 2028 securo,
528 1999 545 2020 a
565 1988 656 2019 curis
671 1989 784 2020 soluto
809 1992 861 2019 at—

218 2046 284 2077 que
322 2044 441 2068 vacuo,
482 2044 510 2065 v.
551 2033 771 2066 Schaefer.
818 2032 862 2066 ad

220 2080 382 2123 Sophocl.
437 2079 524 2113 Oed.
585 2079 659 2113 Col.
706 2089 736 2113 v,
784 2078 860 2113 307.

218 2126 409 2160 Huschk.
443 2125 486 2157 ad
526 2124 649 2159 Tibull.
683 2124 708 2159 Ι.
741 2135 770 2158 v.
805 2124 859 2158 48.

220 2172 379 2215 intpp.ad
396 2170 586 2204 Theocri
600 2175 622 2204 t.
649 2171 697 2204 Id.
720 2170 762 2203 11.
781 2170 859 2206 126.

219 2219 364 2260 Eurip.
387 2218 521 2251 Hecub.
539 2227 569 2248 v.
590 2216 667 2251 662.
688 2216 740 2249 ed.
761 2217 861 2249 Pors.

221 2264 292 2296 Sed
318 2264 428 2306 lepide
453 2263 553 2297 etiam
581 2262 624 2295 de
652 2262 786 2295 homine
809 2263 861 2295 in-

219 2311 281 2342 erti
326 2314 359 2342 et
402 2309 445 2341 ad
505 2309 669 2351 ignaviam
721 2308 860 2350 proclivi

221 2359 423 2397 usurpatur,
479 2355 574 2387 sicuti
623 2354 863 2387 animadvertit

221 2400 457 2442 Rhodigin.
482 2401 616 2441 Antiqq.
644 2399 754 2432 Lectt.
783 2400 861 2433 Xll.

225 2446 277 2480 10.
333 2446 450 2488 Itaque
481 2445 642 2477 Socrates
683 2445 792 2478 facete
828 2449 864 2477 et

223 2492 350 2524 urbane
375 2493 514 2534 loquens
539 2491 602 2523 hoc
621 2491 718 2523 dicit:
752 2491 862 2523 lVer-

223 2538 300 2570 den
336 2537 412 2569 wir
449 2537 553 2570 aber
590 2537 667 2569 den
707 2536 861 2569 Tisias

223 2583 307 2616 und
363 2582 556 2626 Gorgias
604 2582 862 2622 faullenzcn

225 2631 395 2662 lusson?
441 2629 531 2670 quod
584 2638 658 2661 curn
707 2628 862 2661 irrisione

223 2675 349 2708 dictum
390 2685 467 2709 esse
507 2677 601 2716 patet
646 2673 688 2706 de
725 2673 862 2708 rhetore

926 1041 964 1063 ac
989 1029 1157 1072 sophista,
1191 1030 1247 1071 qui
1280 1030 1331 1062 vel
1359 1030 1504 1062 maxime
1530 1030 1563 1061 in

926 1080 1000 1108 arte
1025 1076 1170 1108 oratoria
1196 1075 1392 1117 praeceptis
1425 1079 1459 1107 et
1483 1075 1564 1107 arti-

925 1122 1008 1153 ficiis
1031 1122 1126 1153 novis
1152 1120 1385 1163 locupletanda
1409 1121 1564 1153 elabora-

925 1168 1042 1200 visset.
1099 1167 1150 1199 Ex
1189 1177 1256 1208 quo
1288 1171 1449 1208 apparet,
1488 1167 1564 1208 opi—

926 1223 1006 1253 nor,
1040 1223 1109 1253 quo
1141 1213 1211 1245 iure
1236 1213 1287 1244 alii
1311 1212 1394 1244 haec
1419 1216 1564 1254 putave-

927 1259 992 1290 rint
1027 1258 1115 1290 dicta
1148 1268 1224 1290 esse
1267 1268 1343 1290 cum
1375 1262 1563 1290 contemtu.

928 1304 1059 1336 Futuro
1086 1304 1193 1336 utitur
1217 1305 1407 1346 significans
1433 1314 1499 1335 non
1515 1305 1564 1335 ita

926 1350 1053 1382 factum
1084 1350 1132 1383 iri.
1186 1350 1278 1382 Male
1318 1359 1424 1391 nuper
1454 1348 1566 1381 ἐάσω-

926 1396 1180 1436 ,ιιειιειίἰῑυτ.-
1209 1394 1259 1426 τὰ
1287 1395 1437 1426 εἰκότα
1461 1405 1566 1437 quor-

927 1451 1002 1473 sum
1035 1441 1245 1483 pertineant,
1285 1441 1400 1473 docuit
1431 1440 1565 1483 Spen—

926 1489 1004 1529 gel.
1031 1488 1056 1521 l.
1081 1497 1109 1520 c.
1137 1498 1167 1528 p.
1193 1486 1247 1520 32.

972 1553 1051 1599 πρὸ
1081 1558 1158 1586 τῶν
1183 1553 1358 1596 ἀληθῶν
1379 1573 1424 1577 -
1448 1552 1567 1596 τιμή-

927 1604 1002 1633 τέα
1043 1599 1230 1643 μᾶλλον]
1272 1599 1311 1632 V.
1350 1599 1566 1633 Matthiae

928 1647 989 1681 Gr.
1015 1646 1042 1688 §.
1060 1647 1137 1680 750.
1160 1647 1188 1679 1.
1218 1647 1269 1678 De
1294 1645 1459 1678 sententia
1475 1645 1567 1678 Gor-

927 1694 1016 1734 giae,
1043 1702 1130 1734 quae
1149 1692 1200 1724 hic
1222 1691 1439 1733 significatur,
1458 1691 1567 1733 Gorg.

928 1750 959 1780 p.
978 1737 1056 1772 453.
1075 1741 1114 1772 Α.
1130 1749 1201 1779 sqq.
1226 1748 1258 1780 p.
1276 1736 1353 1771 454.
1371 1737 1409 1769 B.
1430 1737 1508 1772 455.
1525 1739 1566 1770 A.

929 1784 1060 1817 Philcb.
1087 1794 1119 1826 p.
1144 1785 1200 1818 55.

975 1851 1219 1894 φαίνεσθαι
1241 1849 1435 1893 ποιοῦσι]
1458 1849 1567 1882 Prae—

930 1908 1008 1930 sens
1041 1898 1128 1929 inter
1161 1896 1249 1929 εἶδον
1282 1899 1317 1928 et
1349 1894 1494 1937 ἀνεῦρον
1517 1896 1567 1928 ἰη-

929 1943 1131 1984 terpositum
1157 1953 1199 1975 ne
1224 1941 1374 1978 mireris,
1408 1946 1504 1973 recte
1528 1941 1568 1974 il-

929 1989 988 2021 lud
1016 1993 1101 2021 Ast.
1135 1988 1218 2020 vidit
1249 1987 1289 2020 ad
1321 1987 1426 2019 libros
1450 1986 1568 2019 Tisiae

931 2039 964 2067 et
996 2035 1145 2076 Gorgiae
1179 2035 1237 2066 illo
1271 2037 1426 2075 tempore
1460 2032 1569 2065 adhuc

929 2084 1122 2122 prostantes
1147 2079 1263 2112 referri
1289 2083 1458 2121 oportere.
1508 2078 1568 2110 Ni-

930 2126 1051 2158 mirum
1089 2126 1134 2158 illi
1172 2126 1261 2158 libris
1306 2125 1376 2156 suis
1412 2123 1569 2156 videntur

928 2172 1149 2214 exposuisse,
1191 2170 1364 2212 quomodo
1402 2179 1475 2210 res,
1525 2169 1568 2202 de

927 2228 993 2259 qua
1018 2221 1110 2249 esset
1135 2216 1326 2256 dicendum,
1353 2216 1405 2247 vel
1424 2214 1567 2257 deprimi

928 2267 962 2296 et
997 2263 1192 2304 extenuari,
1226 2262 1279 2294 vel
1308 2261 1423 2303 augeri
1448 2266 1483 2293 et
1507 2271 1566 2294 ex-

926 2310 1000 2341 tolli
1024 2313 1154 2351 posset.

974 2354 1013 2386 B.
1059 2351 1188 2384 καινά
1220 2364 1262 2384 τε
1294 2351 1485 2396 ἀρχαίως
1513 2349 1565 2383 τά

927 2398 960 2431 ’τ’
987 2401 1158 2431 ἐναντία
1182 2398 1349 2441 καινῶς]
1368 2397 1566 2438 Intelligen-

929 2445 1009 2477 dum
1042 2446 1145 2487 λέγειν
1170 2444 1386 2483 διδάσκουσι,
1423 2453 1442 2475 e
1467 2453 1565 2484 prae-

929 2491 1063 2523 cedenti
1086 2494 1227 2523 ποιοῦσι
1243 2490 1298 2523 διὰ
1319 2486 1431 2532 ῥώμην
1447 2487 1566 2530 λόγου.

929 2536 1070 2569 Fallitur
1107 2537 1194 2569 enim
1236 2540 1320 2569 Ast.
1365 2534 1448 2566 haec
1486 2543 1564 2565 cum

927 2583 1135 2624 praegressis
1188 2583 1378 2624 φαίνεσθαι
1428 2581 1566 2611 ποιοῦσι

929 2627 1110 2661 commode
1134 2628 1224 2670 iungi
1249 2637 1352 2671 posse
1375 2628 1478 2657 ratus.
1512 2624 1564 2656 De

929 2674 1095 2707 sententia
1120 2672 1345 2711 Heindorf.
1370 2673 1450 2711 apte
1468 2679 1564 2717 corn-
