1687 2969
263 194 494 275 φήσαντος
527 193 696 248 ἀδόλως
730 194 754 249 ἢ
779 195 1228 252 παιδεραστήσαντος
1269 195 1378 253 μετὰ
1422 200 1602 258 cpdooo-

259 267 381 322 φίας.
417 256 551 306 αὗται
586 265 629 306 δὲ
665 267 787 323 τρίτη
822 264 1008 318 περιόδῳ
1052 265 1103 324 τῆ
1136 266 1330 319 χιλιετεῖ,
1361 262 1438 308 ἐὰν
1475 269 1603 308 ἕλων-

257 347 334 373 ται
372 333 465 385 τρὶς
499 329 650 389 ἑφεξῆς
686 328 764 373 τὸν
798 332 897 385 βίον
935 332 1107 380 τοῦτον,
1154 327 1266 373 οὕτω
1302 335 1599 387 πτερωθεῖσαι

259 398 557 454 τριςχιλιοστῷ
590 401 672 440 ἔτει
707 396 989 451 ἀπέρχονται.
1035 400 1080 439 αἱ
1117 398 1161 439 δὲ
1197 395 1341 448 ἄλλαι,
1378 397 1489 442 ὅταν
1523 398 1603 442 τὸν

260 466 440 519 πρῶτον
472 466 571 519 βίον
605 462 901 514 τελευτήσωσι,
921 467 1093 519 κρίσεως
1122 467 1285 519 ἔτυχον.
1307 468 1530 519 κριθεῖσαι
1560 467 1605 508 δὲ

260 535 306 575 αὶ
343 533 421 586 μὲν
459 536 517 581 εὶς
564 528 616 573 τὰ
662 527 748 573 ὑπὸ
787 532 866 584 γῆς
902 529 1185 586 δικαιωτήρια
1224 534 1445 575 ἐλθοῦσαι
1482 535 1606 585 ὅίκην

256 602 505 649 ἐκτίνουσιν,
543 601 589 640 αὶ
625 596 664 640 δ’
708 602 771 646 εὶς
807 594 885 640 τοῦ
914 596 1109 655 οὐρανοῦ
1140 615 1237 641 τινα
1263 598 1402 643 τόπου
1420 597 1506 642 ὑπὸ
1531 601 1608 652 τῆς

257 667 376 718 δίκης
411 667 722 723 κουφισθεῖσαι
761 663 988 717 διάγουσιν
1024 664 1153 717 ἀξίως
1189 660 1240 708 οὗ
1275 671 1320 708 ἐν
1350 665 1603 722 ἀνθρώπου

255 732 355 780 εὶῖὃει
388 734 575 787 ἐβίωσαν
609 733 724 786 βίου.
778 733 835 785 τῷ
874 734 920 774 ὑὲ
966 734 1169 787 χιλιοστῷ
1206 731 1463 791 ἀμφότεραι
1496 732 1604 790 ἀφι-

253 798 498 854 κνούμεναι
522 800 591 841 ἐπὶ
628 796 843 854 κλήρωσίν
892 816 936 841 τε
970 802 1041 842 καὶ
1079 802 1248 854 αἵρεσιν
1284 801 1362 842 τοῦ
1399 803 1600 856 δευτέρου

345 895 386 931 Ρ.
410 895 488 929 249.
538 897 582 928 Α.

629 895 686 928 εἷς
722 899 796 925 τοῦ
836 894 1050 939 οὐρανοῦ]
1100 894 1276 937 τούρανοῦ
1304 895 1479 928 ADGNO.

346 942 386 977 C.
434 942 495 979 εἰς
519 941 563 973 τὰ
593 940 641 972 ὃν
666 940 814 983 ὅντως]
844 942 881 975 V.
908 942 954 978 εἰς
979 940 1018 973 τὸ
1047 941 1153 979 ὅντως
1177 942 1229 982 ὅν,
1255 943 1366 974 invitis
1384 942 1520 984 optimis
1547 953 1607 975 co-

258 1027 324 1064 tur‚
351 1032 554 1064 quamquam
586 1032 653 1054 non
683 1032 894 1054 commemo-

258 1073 376 1101 rantur
418 1067 536 1100 decem
570 1078 733 1100 annorum
781 1068 893 1100 millia.

256 1116 345 1147 Ante
370 1113 462 1157 ψυχὴ
488 1111 610 1155 ἑκάστη
644 1115 673 1145 in
705 1113 790 1145 libro
816 1113 896 1145 Ste-

256 1159 356 1202 phani
397 1165 431 1192 et
477 1170 532 1201 ap.
569 1159 731 1192 Euseb.
773 1160 896 1201 Praep.

257 1206 321 1240 Ev.
354 1205 446 1239 Xlu.
495 1205 547 1239 14.
587 1206 747 1237 articulus
786 1205 896 1243 abest,

257 1261 323 1284 non
362 1251 574 1293 improbante
613 1250 896 1294 Heindorfio,

257 1307 461 1338 quamquam
487 1297 515 1328 is
541 1306 603 1329 nec
628 1297 798 1337 vulgatam
824 1297 896 1329 lec-

257 1343 384 1376 tionem
419 1346 628 1385 aspernatur.
683 1341 754 1374 Sed
795 1352 894 1383 quem

257 1388 466 1430 comparavit
503 1389 616 1420 iocum
653 1388 798 1429 Apolog.
828 1387 895 1419 So-

255 1439 337 1467 crat.
364 1445 397 1476 p.
421 1433 476 1468 39.
505 1435 544 1467 A.
577 1435 610 1465 ἐν
640 1432 798 1468 ἑκάστοις
823 1436 896 1469 τοῖς

254 1478 437 1520 κινδύνοις,
480 1479 508 1511 is
542 1479 628 1512 alius
659 1483 713 1511 est
746 1479 894 1520 generis,

255 1530 440 1568 propterea
463 1524 554 1566 quod
581 1535 704 1556 nomen
736 1534 810 1556 cum
837 1534 894 1555 ar-

255 1571 358 1604 ticulo
392 1575 443 1603 est
469 1571 710 1613 postpositum.
747 1570 892 1602 Rectius

256 1617 335 1651 talia
361 1616 568 1651 contendas:
604 1617 653 1648 De
690 1616 781 1671 Rep.
805 1616 829 1650 1.
858 1626 890 1658 p.

253 1662 331 1697 339.
357 1663 397 1697 C.
422 1664 454 1693 ἐν
476 1666 552 1699 ταῖς
576 1660 713 1693 πόλεσιι
727 1660 892 1698 ἱκασῖαις.

254 1709 379 1750 CratyL
411 1719 442 1750 p.
477 1708 556 1743 389.
582 1709 620 1741 C
655 1708 700 1743 εἰς
730 1706 769 1739 τὸ
797 1708 893 1750 ἔόγον

252 1753 405 1786 {aaaron
433 1753 521 1786 Thu
538 1753 628 1795 cyd.
657 1753 711 1785 Vl.
733 1753 789 1788 63.
806 1751 890 1785 κατὰ

252 1799 315 1841 τὴν
338 1799 466 1841 ἡμέραν
491 1798 643 1839 ἑκάστην.

300 1846 339 1879 P.
363 1845 440 1879 249.
467 1844 486 1885 ἢ
511 1842 894 1886 παιδεραστήσαν-

252 1903 328 1927 τος
347 1889 455 1933 μετὰ
473 1890 770 1930 φιλοσοφίας]
798 1889 895 1920 Haec

251 1936 329 1979 qnid
356 1937 569 1976 significent,
603 1936 732 1977 optime
761 1934 894 1976 perspi-

251 1983 320 2015 cias
337 1992 378 2015 ex
361 1982 560 2070 pDiotimae
574 1982 728 2013 oratione
751 1980 781 2011 in
793 1980 895 2021 Sym-

251 2039 324 2071 ρος.
387 2028 496 2063 .206.
533 2028 570 2059 B.
587 2026 723 2060 —212
753 2025 790 2057 Β.
818 2035 892 2066 sqq.

252 2079 286 2107 et
312 2085 354 2106 ex
361 2039 457 2115 pipso
475 2072 631 2106 Phaedro
656 2071 738 2104 infra
763 2082 794 2112 p.
815 2070 892 2104 25¹.

257 2125 295 2154 Α.
337 2129 411 2160 sqq.
454 2120 529 2153 coll
580 2119 690 2159 legg.
732 2117 892 2158 V111.p

252 2166 330 2200 837.
368 2165 407 2199 Β.
472 2165 555 2197 Dein
596 2169 717 2202 αὗται,
755 2163 892 2205 pluraiis

252 2215 333 2253 post
357 2210 578 2253 singularem,
603 2210 763 2248 insertur,
797 2213 833 2240 ut
857 2218 890 2249 p.

250 2258 328 2290 231.
354 2259 412 2296 A..
439 2257 493 2290 ubi
528 2267 558 2290 v.
592 2260 708 2288 annot.
756 2254 890 2295 Quippe

251 2299 888 2343 intelligunturanimiphilosophorum,

251 2347 373 2389 quibus
395 2346 611 2389 philosophus
628 2347 809 2379 arbitratur
826 2344 889 2377 boc

253 2393 473 2434 contingere,
510 2397 547 2424 ut
585 2393 743 2425 consecto
786 2392 888 2423 tertio

253 2439 343 2471 milie
374 2448 538 2470 annorum
571 2439 733 2477 circuitu,
778 2436 804 2467 si
838 2439 890 2469 ter

252 2484 412 2525 deinceps
431 2483 570 2516 eandem
591 2484 756 2525 elegerint
772 2482 888 2521 vitam,

251 2531 283 2562 in
306 2529 483 2571 pristinam
510 2529 627 2562 sedem
648 2539 742 2561 suam
773 2537 889 2560 rever-

251 2578 365 2607 tantur
400 2574 512 2615 ibique
549 2575 703 2607 sruantur
747 2574 887 2607 deorum

252 2619 496 2654 consuetudine
521 2630 562 2652 ac
588 2620 762 2652 beatitate.

297 2667 481 2710 κρίσεως
510 2665 689 2707 ἔτυχον]
729 2665 888 2699 Iudicium

964 1022 1006 1054 de
1044 1023 1165 1055 animis
1199 1021 1393 1055 habendum
1431 1023 1609 1065 magnifice

963 1068 1168 1100 describitur
1202 1069 1252 1101 De
1278 1069 1368 1111 Rep.
1393 1068 1436 1103 X.
1471 1080 1503 1111 p.
1529 1068 1608 1104 (514.

965 1114 1004 1147 B.
1037 1125 1110 1155 sqq.
1145 1114 1252 1155 Gorg.
1287 1124 1318 1156 p.
1353 1113 1431 1149 523.
1466 1117 1506 1150 A.
1532 1126 1607 1157 sqq.

965 1159 1139 1193 Phaedon.
1166 1170 1197 1202 p.
1227 1160 1298 1194 107.
1327 1161 1366 1194 Ι).
1393 1171 1486 1202 sqq.‚
1518 1171 1608 1202 quae

964 1206 1151 1238 contulisse
1184 1216 1251 1238 non
1284 1206 1499 1238 iniucundum
1531 1207 1606 1239 erit.

966 1250 1047 1283 Mox
1074 1250 1140 1282 ὑπὸ
1169 1254 1230 1291 τῆς
1256 1252 1345 1292 δίκης
1359 1256 1606 1291 κουφισθεῖσαι

962 1301 1056 1328 recte
1114 1297 1357 1339 interpretatur
1400 1297 1604 1332 Ficinus:

963 1342 1078 1375 aliae
1104 1345 1142 1375 in
1169 1343 1282 1375 coeli
1305 1343 1521 1383 quendam
1549 1345 1606 1376 io·

962 1397 1056 1419 cum
1120 1398 1191 1430 per
1251 1388 1460 1421 iudicium
1521 1390 1607 1422 eie-

962 1437 1067 1465 vata
1081 1444 1109 1465 e.

1009 1479 1047 1513 B.
1069 1479 1336 1515 ἕνθακαὶείς
1360 1480 1527 1520 θηρίου
1545 1479 1606 1523 Β.]

962 1525 1171 1567 Comparata
1198 1525 1280 1557 haec
1304 1536 1382 1558 esse
1402 1526 1444 1558 ad
1473 1526 1605 1558 doctri-

962 1581 1038 1603 nam
1068 1570 1361 1612 Pythagoreorum
1394 1571 1436 1604 de
1470 1572 1607 1604 animo-

962 1627 1034 1649 rum
1060 1616 1330 1658 migrationibus,
1355 1617 1410 1649 vix
1435 1622 1488 1649 est
1513 1616 1605 1659 quod

962 1672 1176 1695 moneamus,
1239 1662 1288 1694 Ad
1324 1662 1466 1696 eandem
1502 1663 1606 1695 etiam

962 1718 1062 1750 supra
1095 1708 1350 1750 respiciebatur.
1416 1709 1486 1741 Pro
1518 1710 1607 1740 ἔνθα

961 1754 1051 1795 quod
1084 1764 1190 1795 nuper
1223 1753 1286 1785 fuit
1325 1754 1381 1795 qui
1415 1755 1606 1796 requireret

961 1801 1081 1839 ἔνθεν,
1110 1808 1174 1831 non
1201 1798 1285 1831 vidit
1311 1799 1387 1840 ine,
1412 1799 1492 1841 quid
1517 1800 1606 1831 ἔνθα

962 1854 1049 1876 nunc
1074 1844 1248 1885 significet

1016 1891 1073 1925 εἰς
1106 1888 1207 1921 τόδε
1241 1888 1284 1931 ι’]’ς
1296 1901 1330 1921 ει
1362 1888 1407 1921 τὸ
1438 1889 1605 1933 σχῆμα]

965 1935 1133 1967 Videiffcet
1157 1934 1196 1966 τὸ
1225 1938 1289 1967 ’τοῦ
1313 1934 1516 1977 ανθοωποι.
1564 1936 1607 1968 Et

963 1991 1102 2013 causam
1136 1981 1296 2034 quidem,
1330 1992 1390 2013 cur
1422 1982 1450 2013 is
1474 1985 1603 2014 tantum

963 2027 1109 2066 animm,
1120 2027 1175 2068 qui
1186 2028 1409 2068 conspexerit
1424 2027 1604 2068 aliquando

962 2077 1136 2105 aeternam
1170 2073 1370 2113 veritatem,
1414 2073 1446 2104 in
1485 2072 1603 2105 buma-

959 2129 1036 2150 num
1064 2128 1189 2160 corpus
1214 2119 1359 2159 migrare
1380 2123 1496 2160 queat.
1522 2129 1605 2160 pro-

958 2164 1057 2196 ximis
1093 2164 1204 2195 verbis
1237 2163 1405 2202 declarat.
1451 2164 1504 2194 δεῖ
1536 2164 1602 2207 γὰρ

957 2210 1147 2251 ἄνθρωπον
1172 2209 1319 2243 ξυνιέναι
1342 2210 1411 2243 κτλ.
1460 2210 1496 2241 ln
1529 2211 1603 2252 qui-

960 2256 1021 2287 bus
1047 2255 1193 2288 ξυνιέναι
1231 2255 1388 2287 absolute
1415 2255 1487 2287 sine
1523 2265 1605 2287 casu

959 2301 1085 2333 obiecti
1119 2300 1290 2342 positum,
1326 2301 1415 2332 sicut
1447 2305 1602 2333 nostrum

959 2347 1226 2384 erkennnen,
1264 2350 1300 2377 ut
1333 2356 1400 2378 non
1436 2357 1524 2389 opus
1559 2347 1603 2382 sit

958 2396 1018 2423 aut
1043 2391 1079 2422 τὸ
1110 2396 1188 2433 post
1212 2392 1353 2427 ξυνιέναι
1370 2393 1521 2425 inserere
1545 2396 1603 2424 aut

956 2436 1127 2477 ἀλήθειαν
1155 2447 1195 2469 ex
1228 2437 1462 2477 superioribus
1501 2448 1601 2478 repe-

956 2488 1039 2516 tere.
1073 2482 1237 2514 Nimirum
1260 2483 1384 2514 obiecti
1399 2483 1491 2514 notio
1515 2492 1600 2514 con-

956 2526 1598 2569 tineturquodammodoinverbisnm'

955 2573 1062 2612 εἶδος,
1099 2573 1142 2605 de
1173 2584 1241 2615 quo
1280 2573 1435 2615 loquendi
1471 2583 1599 2613 genere

956 2619 1115 2652 consulas
1124 2629 1210 2659 quae
1227 2620 1425 2661 scripsimus
1443 2618 1484 2650 ad
1497 2618 1599 2660 Reip.

955 2665 1011 2700 1V.
1042 2675 1073 2707 p.
1099 2664 1177 2700 436.
1204 2667 1244 2699 A.
1271 2664 1398 2698 Phileb.
1424 2675 1457 2706 p.
1484 2662 1538 2698 65.
1557 2666 1597 2697 A.
