1687 2969
579 138 620 143 —
698 118 882 156 cxi-

60 233 287 276 memoriae
316 232 552 289 vproditum
591 231 674 273 fuit
712 231 976 285 antiquitus,
1022 231 1270 273 Phaedrum
1321 232 1408 287 pri-

59 290 173 333 mum
211 289 344 331 fuisse
387 289 633 345 dialogum,
668 303 795 343 quem
824 288 981 341 Plato,
1023 303 1108 342 quo
1140 295 1334 345 tempore
1364 289 1408 330 in

61 347 243 404 patriam
274 346 411 388 redux
443 347 582 388 factus
613 345 801 387 Athenis
832 344 1023 387 scholam
1046 345 1330 399 condidisset,
1364 346 1409 386 in

57 404 280 460 publicum
321 403 545 445 emisisset.
615 401 747 455 Quod
785 408 938 458 postea
977 417 1055 457 per
1097 402 1408 458 malignitatem

58 467 101 503 ct
120 460 379 502 calumniam
400 459 757 511 adversariorum,
779 459 961 500 maxime
998 458 1406 514 Peripateticorum„

57 517 132 573 qui
170 517 215 558 in
256 532 306 559 eo
346 517 494 559 nescio
535 515 640 571 quid
677 516 840 572 puerile
885 515 1218 571 (ιιειρακιώόες)
1261 523 1409 559 notas-

56 580 167 628 sent,
199 574 261 616 sic
290 580 516 630 acceptum
549 579 628 627 est,
659 587 709 614 ac
739 573 774 615 si
804 572 912 614 liber
942 573 1130 614 omnium
1160 573 1323 629 primus
1353 573 1406 615 ab

56 631 378 673 adolescentulo
416 630 569 672 litteris
608 629 887 686 consignatus
926 636 1050 672 esset.
1127 630 1197 671 De
1238 645 1323 685 qua
1361 646 1406 672 re

54 688 250 744 pluribus
290 687 566 730 commentati
606 702 754 729 sumus
784 687 829 728 in
858 687 1026 741 libello,
1061 701 1190 741 quem
1219 687 1403 743 inscrip-

54 745 210 787 simus:
279 745 518 786 Examen
559 744 1018 786 testimoniorum
1060 743 1119 785 de
1157 743 1408 785 Phaedri

53 801 334 844 Platonici
387 807 634 857 tempore
673 800 857 842 natali
905 801 1238 855 antiquitus
1282 816 1407 858 pro-

55 858 313 900 ditorum.
372 858 567 914 Lipsiae,
600 873 637 899 a.
673 859 795 899 1849.
828 858 1048 911 quaternis
1081 858 1297 915 evulgato.

169 914 543 968 Quemadmodum
574 921 716 956 autem
745 914 935 956 universi
956 914 1144 956 Phaedri
1174 931 1402 971 argumen—

56 979 146 1014 tum
188 972 273 1013 talc
313 979 402 1024 est,
452 971 566 1013 unde
609 971 829 1027 dialogum
872 978 1080 1027 appareat
1121 978 1262 1013 aetate
1302 988 1402 1028 pro-

55 1029 252 1070 vectiore>
294 1044 320 1070 a
356 1028 616 1085 philosopho
678 1029 885 1084 scriptum
917 1043 1035 1082 esse,
1066 1029 1128 1069 ita
1158 1029 1286 1070 etiam
1315 1030 1402 1071 sin-

54 1086 219 1142 gularia
259 1085 470 1140 quaedam
507 1085 635 1127 huius
684 1086 746 1127 rei
784 1086 828 1126 in
867 1100 917 1127 eo
956 1085 1228 1140 reperiuntur
1269 1086 1402 1128 docu-

53 1148 198 1184 menta
228 1157 462 1197 sanequam
491 1142 844 1184 luculentissima.
905 1143 1109 1184 Testatur
1140 1144 1252 1184 enim
1272 1143 1400 1184 huius

55 1199 297 1240 sententiae
325 1199 549 1240 veritatem
580 1199 764 1254 primum
792 1198 966 1254 quidem
1002 1199 1123 1252 illud,
1157 1200 1274 1254 quod
1306 1200 1402 1255 plu-

51 1255 147 1297 rimi
176 1260 327 1297 extant
356 1256 447 1298 eius
487 1271 736 1310 sermones,
778 1256 852 1311 qui
900 1272 1042 1312 neque
1083 1256 1138 1298 ad
1177 1256 1401 1299 doctrinae

53 1313 367 1354 absolutionem
404 1327 544 1367 neque
587 1312 643 1354 ad
680 1313 786 1356 artis
836 1319 878 1355 et
927 1314 1253 1371 compositionis
1302 1330 1401 1370 per-

52 1369 283 1411 fectionem
316 1383 417 1411 cum
458 1385 508 1411 eo
548 1370 827 1426 comparandi
866 1381 981 1412 sunt.
1050 1370 1270 1424 Quorsum
1308 1372 1400 1413 sine

51 1426 141 1468 ulla
169 1425 437 1468 dubitatione
466 1427 685 1469 referendi
713 1434 815 1469 sunt
844 1427 999 1484 Lysis,
1031 1428 1228 1483 Laches,
1263 1426 1401 1470 Char-

52 1482 206 1538 mides,
236 1483 450 1539 Hippias,
480 1483 588 1538 Ion,
621 1485 782 1540 Meno,
814 1485 1099 1542 Euthyphro,
1132 1484 1268 1540 Crito,
1303 1486 1399 1537 alii3

51 1555 160 1594 quos
191 1540 266 1595 qui
294 1546 369 1581 aut
398 1555 496 1581 cum
535 1540 1050 1584 Schleiermachero
1081 1559 1159 1599 pro
1189 1544 1401 1586 maiorum

52 1612 231 1653 operum
273 1603 493 1651 tamquam
536 1598 766 1640 comitibus
808 1605 849 1640 et
892 1598 1164 1642 adiutoribus
1197 1606 1270 1641 aut
1300 1616 1399 1643 cum

51 1653 219 1695 Astio
260 1669 339 1709 pro
369 1654 524 1695 libellis
557 1654 800 1697 subditiciis
833 1655 1015 1709 habent,
1054 1657 1083 1697 ii
1113 1657 1295 1699 multum
1326 1673 1399 1699 ve-

51 1725 197 1751 remur
234 1726 290 1752 ne
329 1710 514 1765 nodum,
556 1727 682 1766 quem
722 1712 888 1754 solvere
928 1712 1011 1754 isto
1050 1713 1180 1755 modo
1220 1714 1399 1756 studue-

49 1775 176 1821 runt,
217 1767 467 1823 neutiquam
506 1767 828 1824 expediverint,
871 1768 948 1811 sed
991 1771 1125 1812 multo
1166 1771 1295 1813 etiam
1331 1772 1398 1814 in-

49 1823 311 1866 tricatiorem
349 1823 631 1866 reddiderint.
698 1826 913 1867 Nimirum
954 1833 1054 1868 sunt
1094 1827 1139 1868 hi
1176 1828 1275 1870 libri
1307 1845 1397 1871 om-

50 1895 126 1922 nes
167 1881 259 1922 sine
300 1880 432 1923 dubio
474 1896 499 1922 a
539 1881 724 1924 Platone
770 1898 821 1924 ea
863 1890 1004 1925 aetate
1046 1885 1221 1941 scripti,
1255 1901 1342 1940 qua
1371 1902 1397 1929 a

49 1936 279 1993 disciplina
330 1936 554 1980 Socratica
604 1940 825 1995 profectus
875 1941 1098 1996 paullatim
1141 1942 1196 1983 ad
1244 1943 1397 1985 altiora

50 1995 194 2050 coepit
232 1995 518 2049 contendere,
568 1996 754 2038 necdum
795 1996 1017 2039 doctrinae
1058 1999 1270 2041 rationem
1301 2016 1395 2042 eain

50 2050 268 2093 conditam
294 2051 459 2105 habuit,
493 2068 621 2107 quam
650 2059 803 2110 postea
821 2060 887 2096 est
907 2056 1142 2111 professus.
1201 2055 1255 2098 Id
1277 2056 1393 2112 quod

52 2107 179 2149 etiam
220 2123 273 2149 ex
310 2124 361 2151 eo
399 2109 677 2166 intelligitur,
712 2111 829 2166 quod
858 2112 903 2152 in
931 2112 1016 2153 illis
1048 2111 1246 2154 doctrina
1275 2113 1393 2155 idea-

50 2178 145 2205 rum
182 2165 374 2207 nondum
417 2181 622 2222 expressa
668 2168 878 2221 cernitur,
937 2183 1047 2222 quae
1093 2169 1138 2210 in
1190 2170 1392 2212 Phaedro

52 2219 135 2261 iam
191 2221 372 2264 habetur
443 2223 775 2267 absolutissima.
873 2225 943 2265 Ex
1009 2240 1094 2279 quo
1163 2227 1391 2281 consequi—

52 2280 146 2330 tur,
201 2278 334 2321 falsos
385 2293 479 2322 esse
535 2280 696 2323 indicio
750 2297 854 2335 suo,
913 2281 986 2336 qui
1044 2282 1391 2326 absolutissimae

51 2332 156 2374 artis
194 2340 237 2375 et
274 2335 495 2378 doctrinae
535 2353 644 2392 opus
684 2339 922 2394 puerilibus
971 2353 1105 2394 prope
1140 2340 1392 2396 philosophi

52 2389 176 2453 annis
213 2392 523 2447 attribuerunt,
568 2395 734 2437 scilicet
772 2396 873 2437 boni
913 2394 1310 2453 Olympiodori
1348 2405 1391 2440 et

52 2445 324 2502 Dlogenis
369 2451 615 2492 narratione
655 2452 701 2492 in
755 2451 950 2493 fraudem
996 2452 1176 2495 inducti.
1250 2455 1388 2497 Porro

51 2517 140 2544 non
176 2507 536 2559 praetereundum
577 2508 748 2550 silentio
789 2514 875 2562 est,
917 2509 1034 2563 quod
1074 2525 1175 2552 sane
1207 2527 1293 2552 non
1324 2512 1389 2553 in-

52 2558 230 2623 dignum
282 2572 348 2602 est
393 2563 590 2621 diligenti
634 2565 1024 2619 animadversione,
1082 2568 1388 2624 philosophum

53 2615 118 2661 bls
157 2632 298 2658 rerum
339 2619 707 2676 Aegyptiacarum
748 2622 809 2663 ita
856 2622 1054 2665 iniecisse
1112 2625 1385 2679 mentionem,

51 2679 99 2714 ut
136 2673 180 2714 id
219 2673 456 2717 deliberato
494 2678 674 2720 consilio
704 2679 860 2721 fecisse
888 2679 1111 2735 videatur,
1144 2681 1196 2723 do
1228 2697 1313 2737 qua
1342 2697 1387 2723 re
