1687 2969
225 177 300 212 106
767 176 1025 214 PLATONIS

220 280 305 322 ἔστι
332 297 417 332 τις,
460 276 493 323 ὦ
522 285 563 323 Γ
560 284 701 336 οργία,
743 285 879 332 πίστις
917 282 1078 336 ψευδὴς
1113 282 1184 324 καὶ
1212 283 1395 336 ἄληθής;
1435 283 1563 336 φαίης

220 349 298 396 ἄν,
338 348 394 395 ὡς
422 346 503 400 ἐγὼ
532 344 661 424 οἶμαι.
719 351 843 391 ΓΟΡ.
877 350 978 389 Ναί.
1035 349 1130 388 ΣΩ.
1178 348 1227 388 Τί
1255 346 1319 397 δέ;
1360 347 1562 402 ἐπιστήμη

221 410 305 453 ἐστὶ
334 410 495 486 ψευδης
523 411 593 453 καὶ
621 414 804 467 οἷληθήςς
848 415 971 454 ΓΟΡ.
1007 412 1227 465 Οὐδαμῶς.
1285 415 1386 453 ΣΩ.
1416 417 1563 466 Δῆλον

218 477 300 530 γὰρ
340 473 414 525 αὖ,
454 471 521 518 ὅτι
559 478 610 519 οὐ
649 479 807 520 ταύτόν
844 478 966 519 ἐστιν.
1047 479 1172 517 ΓΟΡ.
1212 479 1379 531 Ἀληθῆ
1418 476 1560 531 λέγεις.

219 543 321 582 ΣΩ.
347 537 479 582 Ἀλλὰ
507 542 592 594 μὴν
631 543 677 583 οἴ
709 542 752 584 τέ
786 558 832 596 γε
876 542 1164 596 μεμαθηκότες
1191 542 1458 596 πεπεισμένοι
1488 542 1563 583 εἰσι

219 605 288 648 καὶ
317 606 358 647 οῖ
383 608 713 655 πεπιστευκότες.
773 611 802 649 Ι
805 610 897 649 ὈΡ.
914 604 1033 648 ’Ἐστι
1060 613 1203 648 ταῦτα.
1275 609 1375 647 ΣΩ.
1407 609 1560 648 Βούλει

219 668 299 712 οὖν
328 672 405 712 δύο
429 671 517 725 εἴδη
535 675 681 725 θῶμεν
703 677 890 721 πειθοῦς,
920 674 967 712 τὸ
996 672 1073 725 μὲν
1102 673 1242 712 πίστιν
1271 673 1561 726 παρεχόμενον

218 739 322 777 ἄνευ
351 743 428 777 τοῦ
457 734 624 786 εἰδέναι,
654 738 701 777 τὸ
724 738 758 777 δ’
784 737 1036 791 ἐπιστήμηνς
1068 739 1190 778 ΓΟΡ.
1224 739 1351 777 Πάνυ
1370 752 1428 790 γε.
1459 739 1560 779 ΣΩ.

220 800 417 854 Ποτέραν
444 798 524 842 οὖν
550 803 577 855 ή
606 801 806 856 ῥητορικὴ
835 802 971 844 πειθὼ
1000 805 1113 842 ποιεῖ
1140 800 1185 842 ἐν
1207 802 1490 856 δικαστηρίοις
1517 817 1561 843 τε

217 866 287 907 καὶ
313 870 401 915 τοῖς
430 869 572 914 ἄλλοις
599 869 737 919 ὄχλοις
764 867 857 920 περὶ
884 870 970 908 τῶν
998 867 1172 908 δικαίων
1210 882 1252 907 τε
1280 866 1351 908 καὶ
1379 868 1560 916 οέδίκωνς

219 930 260 981 ἐξ
289 924 338 985 ἧς
365 933 413 972 τὸ
442 932 652 973 πιστεύειν
691 933 876 985 γίγνεται
914 935 1019 973 ἄνευ
1048 939 1125 972 τοῦ
1166 932 1341 982 εἰδέναι,
1381 932 1407 985 ἢ
1446 931 1486 983 ἐξ
1512 925 1564 986 ἧς

292 1032 341 1064 Τι’
363 1030 426 1069 6⁴55,-
459 1030 672 1074 ἐπιστήμη
696 1032 750 1075 -]
784 1032 844 1064 δαί
865 1032 980 1064 Clark.
1006 1042 1049 1063 ex
1075 1042 1149 1073 em„
1181 1032 1257 1063 Par.
1282 1034 1306 1064 I.
1315 1057 1323 1072 ,
1358 1032 1448 1074 quod
1472 1033 1564 1065 dedit

218 1077 365 1108 Bekker
398 1077 504 1109 Coisl.
529 1075 661 1119 νειδγῗ·
694 1090 726 1109 τε
758 1078 812 1109 καὶ
847 1076 896 1109 ἀλ.
944 1078 1034 1109 Dein
1064 1088 1124 1119 pro
1162 1075 1329 1117 Ostama
1354 1078 1458 1120 vulgo
1492 1082 1564 1110 erat

225 1120 274 1154 Οὐ
300 1123 393 1165 δῆτα,
419 1123 509 1164 quod
534 1133 622 1154 unus
646 1124 723 1154 Par.
748 1124 787 1154 E.
812 1124 980 1162 servavit,
1011 1123 1115 1154 ceteri
1148 1134 1216 1154 non
1248 1128 1450 1165 agnoscunt.
1496 1124 1562 1155 Pro

218 1167 311 1209 vulg
339 1168 459 1209 Δῆλοι
482 1165 547 1210 γὰρ
575 1180 639 1199 021
663 1168 795 1200 restitui
814 1169 934 1210 Δῆλοι
958 1166 1023 1210 γὰρ
1040 1162 1082 1199 αὖ
1107 1179 1148 1199 ex
1167 1167 1281 1199 Clark.
1299 1169 1375 1200 vat.
1396 1169 1439 1199 A.
1459 1168 1563 1200 Coisl.

217 1213 302 1244 Ven.
330 1212 408 1244 ΞΣ.
434 1213 536 1244 vind.
546 1211 573 1243 1.
585 1212 615 1245 6.
641 1214 716 1245 Par.
740 1214 970 1245 BCFIVW.
996 1214 1084 1255 Aug.
1103 1214 1241 1245 Meerm.
1264 1213 1360 1245 BodL
1380 1213 1471 1245 Flor.
1488 1224 1516 1245 a.
1533 1223 1563 1245 c.

218 1257 248 1289 d.
274 1268 316 1289 m.
342 1269 371 1289 o.
396 1269 429 1288 x.
455 1262 487 1289 et
510 1258 589 1289 edit.
612 1259 692 1290 Bas.
717 1257 748 1290 2.

285 1302 390 1333 οῖ’τὲ
421 1314 465 1345 γε
497 1303 664 1346 [terrast]
706 1315 743 1346 γε
774 1302 926 1334 additum
956 1313 973 1334 e
1006 1302 1121 1334 Clark.
1152 1303 1230 1334 Vat.
1263 1302 1367 1335 Coisl.
1400 1303 1485 1335 Ven.
1520 1303 1560 1335 Σ.

217 1347 320 1379 Vind.
345 1346 374 1379 1.
399 1346 430 1379 2.
456 1347 485 1381 6.
511 1346 541 1380 7.
565 1349 641 1380 Par.
665 1349 871 1380 BCFVW.
898 1348 995 1380 Bodl.
1020 1349 1108 1390 Aug.
1135 1349 1274 1380 Meerm.
1299 1349 1391 1380 Flor.
1423 1360 1451 1380 a.
1477 1349 1508 1382 b.
1535 1359 1561 1380 c.

218 1393 249 1425 d.
273 1404 316 1424 m.
343 1403 372 1424 o.
398 1404 431 1424 x.

284 1439 323 1470 E.
344 1438 388 1478 ἐξ
414 1431 458 1480 ἧς
484 1436 525 1469 τὸ
552 1437 671 1480 mon]
697 1438 812 1472 Clark.
838 1438 893 1470 hic
918 1441 951 1470 et
975 1449 1053 1470 mox
1071 1437 1162 1480 ἑξῆς,
1189 1437 1278 1479 quod
1298 1437 1425 1480 ubique
1450 1449 1563 1470 emen-

218 1483 312 1515 davit
334 1494 455 1514 manus
478 1484 656 1515 recentior.

929 1570 963 1603 τὸ
998 1572 1090 1603 ἰδεῖν
1130 1570 1166 1602 τὰ
1202 1569 1398 1613 ὑπάρχοντα
1431 1570 1561 1604 πιθανὰ

928 1618 1007 1656 περὶ
1042 1618 1196 1649 ἕκαστον.
1262 1617 1361 1657 Quod
1400 1617 1563 1650 adversus

923 1663 1102 1694 Platonem
1142 1662 1232 1703 apud
1265 1663 1427 1704 Gorgiam
1461 1663 1562 1705 dirigi

217 1719 308 1739 nem
339 1708 639 1750 persuadendi
681 1720 722 1740 se
756 1709 854 1740 arti·
924 1713 1021 1739 notat
1044 1709 1242 1739 Muretus
1269 1708 1364 1739 Varr.
1386 1709 1479 1739 Lect.
1502 1709 1561 1739 XI.

217 1754 346 1785 ficem
378 1754 420 1784 in
460 1753 646 1785 iudiciis
680 1758 719 1785 et
750 1754 854 1785 aliis
925 1751 997 1785 18.''
1044 1753 1203 1784 Corae-s
1243 1763 1302 1793 pro
1349 1757 1560 1795 πιοτεντικῆς

923 1798 1106 1840 legendum
1144 1798 1338 1838 suspicatur
1384 1802 1562 1850 nemum-75.

262 1574 301 1605 Ε.
348 1570 390 1604 ‘H
412 1570 626 1615 ῥητορικὴ
664 1569 762 1613 ι’ἶρα,
804 1570 857 1605 οἷς

218 1618 336 1650 ἔοικε
360 1617 415 1660 -]
450 1619 639 1658 Quintil.
672 1620 779 1650 Instit.
812 1619 855 1657 ΙΙ,

218 1662 278 1695 15:
328 1663 514 1705 Gorgias
564 1664 671 1705 apud
719 1664 855 1695 Plato-

218 1798 423 1830 eoetibus
455 1809 553 1830 esse
592 1799 670 1836 ait;
711 1799 759 1830 de
798 1799 855 1830 iu-

218 1845 297 1875 stis
322 1854 489 1884 quoque
514 1847 553 1874 et
572 1844 758 1875 iniustis
774 1848 854 1875 tra-

218 1892 355 1920 ctare:
403 1890 471 1919 cui
516 1889 721 1920 Socrates
766 1899 854 1930 per-

217 1933 451 1973 suadendi,
522 1944 604 1965 non
666 1933 853 1965 docendi

217 1978 430 2010 concedit
454 1979 726 2010 facultatem.
752 1980 854 2010 Rou—

217 2024 336 2055 thius
369 2023 411 2055 ad
440 2023 472 2053 h.
505 2023 545 2054 l.:
588 2024 755 2065 „Gorgias
789 2024 853 2055 hoe

214 2068 352 2110 dialogo
377 2068 485 2100 veluti
510 2073 648 2100 coactus
673 2080 693 2100 a
716 2069 854 2100 Socrate

215 2114 335 2145 statuit
380 2113 583 2145 rhetoricam
636 2114 703 2144 vim
759 2124 853 2145 esse

215 2158 403 2190 dicendo
443 2158 749 2199 persuadendi.
803 2159 855 2190 Ita

215 2203 398 2242 Quintil.
431 2204 474 2243 II,
508 2203 576 2242 15,
615 2203 675 2234 ubi
706 2204 853 2234 maxime

214 2248 366 2280 illustres
391 2248 670 2290 philosophorum
688 2248 854 2280 definitio-

215 2304 276 2324 nes
302 2297 559 2332 enumerantur,
591 2293 625 2324 id
659 2293 749 2335 quod
774 2294 855 2325 feeit

215 2339 330 2370 Sext.
355 2339 508 2380 Empir.
542 2339 580 2370 L.
606 2339 647 2369 II.
674 2338 749 2369 adV.
781 2339 854 2370 Ma-

214 2383 336 2422 them.,
366 2384 520 2415 Platonis
545 2384 651 2414 nostri
675 2384 854 2425 praecipue

215 2428 280 2459 hac
304 2428 344 2459 de
375 2439 409 2460 rc
434 2429 637 2460 sententiam
669 2439 853 2470 exponens.

214 2473 316 2504 Hanc
362 2477 474 2504 autem
519 2474 713 2514 opinionem
756 2473 853 2504 Plato

215 2529 284 2549 non
301 2518 378 2556 sibi,
403 2519 431 2549 si
451 2518 705 2557 Quintilianum
722 2518 854 2557 audias,

216 2562 275 2594 sed
302 2563 449 2605 Gorgiae
482 2563 627 2594 adscribi
659 2563 778 2594 voluit.
812 2581 854 2586 -—

215 2609 268 2639 Ab
308 2607 553 2639 Aristotele
594 2608 730 2649 quidem
768 2609 855 2640 Rhe-

215 2657 278 2684 tor.
303 2654 336 2692 I,
362 2651 399 2693 1,
433 2651 484 2684 14.
517 2653 642 2684 dicitur
675 2652 708 2685 τὸ
743 2657 855 2685 πεῖσαι

216 2695 280 2730 οὐκ
305 2698 410 2741 ἔργον
437 2695 617 2740 ῥητορικῆς
641 2694 747 2736 εἶναι,
773 2695 855 2731 ἀλλὰ

924 1844 1027 1875 Male.
1051 1844 1137 1875 Nam
1154 1842 1360 1884 intelligitur
1376 1845 1563 1884 persuasio,

924 1887 961 1928 ἐξ
987 1889 1025 1929 η’..
1052 1886 1088 1918 τὸ
1114 1885 1286 1918 πιστεύνειι
1310 1890 1455 1929 γίγπεται
1480 1886 1561 1920 ἄιευ

925 1945 983 1964 τοι
1008 1932 1150 1970 ειδέιαι,
1184 1932 1282 1972 eique
1308 1934 1489 1973 opponitu1
1514 1932 1563 1964 δι-

924 1977 1124 2019 δασκαλική,
1161 1987 1203 2008 ex
1229 1987 1297 2018 qua
1321 1978 1427 2009 oritur
1452 1990 1485 2008 το
1513 1977 1560 2009 εί-

925 2022 1030 2054 birca.
1054 2023 1239 2064 Vulgatam
1260 2022 1443 2054 lectionem
1460 2024 1563 2054 etiam

924 2067 1151 2099 Aristides
1183 2068 1336 2108 sequitur
1367 2068 1460 2099 Orat.
1485 2068 1563 2099 Pla-

924 2118 992 2144 ton.
1006 2114 1032 2143 I.
1052 2124 1084 2154 p.
1099 2111 1163 2151 47„
1188 2112 1248 2143 ubi
1272 2112 1480 2143 discriminis
1505 2113 1561 2144 hic

924 2168 944 2189 a
968 2158 1112 2189 Platone
1142 2157 1231 2189 inter
1260 2154 1371 2188 πειθώ
1397 2168 1563 2189 moremu-

924 2200 987 2245 m'yr
1020 2207 1052 2233 ct
1084 2199 1328 2243 διδασκαλικὴν
1358 2203 1439 2233 facti
1469 2213 1562 2235 men-

924 2249 1051 2280 tionem
1075 2248 1192 2278 iniicit.

968 2294 1006 2324 P.
1030 2292 1105 2325 455,
1139 2289 1241 2323 ἀλλὰ
1268 2290 1469 2325 mortuos
1494 2290 1560 2330 μό-

928 2336 1014 2379 νον]
1077 2337 1175 2376 Quod
1216 2337 1249 2367 in
1293 2336 1423 2377 aliquot
1464 2337 1561 2369 codd.

924 2383 1086 2423 scriptum
1129 2385 1241 2412 exstat
1287 2379 1478 2419 πειστικός,
1526 2382 1560 2413 id

924 2437 1128 2468 quamquam
1147 2427 1410 2467 Stephanus,
1435 2427 1561 2458 Hein-

924 2472 1116 2510 dorfius,
1151 2472 1329 2510 Coraes,
1360 2472 1561 2503 Herman—

924 2527 1020 2556 nus,
1052 2516 1111 2547 alii
1142 2516 1347 2557 probarunt,
1382 2520 1494 2548 tamen
1519 2516 1561 2548 ab

923 2562 987 2593 hoo
1033 2561 1108 2592 loeo
1156 2561 1306 2593 alienum
1359 2561 1561 2593 iudicamus.

923 2607 1010 2639 Nam
1050 2605 1164 2638 rhetor
1205 2610 1384 2648 propterea
1419 2610 1562 2638 vocatur

924 2649 1089 2687 mannos,
1130 2651 1221 2692 quod
1256 2649 1289 2682 τὸ
1332 2648 1503 2682 πιστεύειν
1534 2662 1560 2683 s.

924 2699 1038 2729 πίστιν
1069 2693 1154 2728 ἄνευ
1201 2700 1260 2728 τοῦ
1291 2694 1420 2728 εἰδέναι
1458 2695 1561 2728 efficit
