1687 2969
406 142 820 190 PHAEDRUS.
851 147 902 188 P.
933 149 1014 188 258
1046 146 1109 189 St.
1334 149 1410 189 145

190 266 321 311 ΦΑΙ.
395 262 566 309 Οὔκουν
603 265 715 316 εἰκός
749 282 795 319 γε
832 263 875 316 ἐξ
910 258 971 306 ὧν
996 261 1048 307 σὺ
1072 268 1224 319 λέγεις·
1262 266 1333 307 καὶ
1353 262 1439 322 γάρ

85 333 143 379 ἂν
177 336 228 394 τῇ
264 334 424 376 ἑαυτοῦ
460 335 703 389 ἐπιθυμίᾳ,
740 330 797 381 ὡς
832 335 996 385 ἔοικεν,
1034 330 1248 383 ὀνειδίζοι.

183 398 294 461 Cap.
332 396 440 442 XL.
508 399 615 443 ΣΩ.
690 401 833 441 Τοῦτο
867 400 947 453 μὲν
981 394 1072 454 ἄρα
1122 400 1257 441 παντὶ
1292 400 1440 451 δῆλον,

77 467 149 513 ὅτι
183 466 265 512 οὐκ
301 464 483 522 αἰσχρὸν
518 465 629 510 αὐτό
665 484 711 523 γε
747 464 797 509 τὸ
835 463 1022 524 γράφειν
1056 463 1229 519 λόγους.
1474 478 1515 519 D

180 534 311 579 (DAI.
385 536 438 576 Τι’
470 532 585 590 γάρ;

177 601 284 645 ΣΩ.
350 599 464 644 Ἀλλ’
506 606 641 644 ἐκεῖνο
663 599 785 657 οἶμαι
819 596 1002 654 αἰσχρὸν
1037 594 1136 651 ἤδη,
1173 596 1221 641 τὸ
1257 597 1317 654 μὴ
1353 617 1432 642 κα-

77 672 163 721 λῶς
193 672 330 723 λέγειν
359 685 404 710 τε
439 671 511 710 καὶ
530 665 732 727 γράφειν,
769 663 868 709 ἀλλ’
908 667 1096 723 αἰσχρῶς
1117 682 1162 709 τε
1181 668 1253 708 καὶ
1278 669 1432 718 κακῶς.

178 737 309 779 (DAI.
380 737 525 788 Δῆλον
559 733 628 788 δή.

178 802 286 847 ΣΩ.
359 806 434 853 Τίς
478 796 559 846 οὖν
604 800 627 845 ὁ
676 799 841 854 τρόπος
885 800 967 844 τοῦ
1002 801 1144 850 καλῶς
1179 817 1224 843 τε
1261 803 1334 843 καὶ
1367 799 1428 855 μὴ

75 868 285 930 γράφεινς
332 869 530 925 δεόμεθά
575 886 638 920 τι,
693 862 723 910 ὦ
780 869 970 922 Φαῖδρε,
1023 869 1201 910 Λυσίαν
1246 884 1291 910 τε
1335 871 1433 925 περὶ

75 936 248 982 τούτων
281 937 478 991 ἐξετάσαι
501 939 575 979 καὶ
593 933 744 987 ἄλλον,
778 933 895 985 ὅςτις
929 931 1104 977 πώποτὲ
1139 938 1181 977 τί
1215 939 1431 994 γέγραφεν

76 1002 101 1057 ἢ
137 1004 324 1065 γράψει,
373 1004 455 1049 εἴτε
503 1001 730 1047 πολιτικὸν
777 1000 1040 1058 σύγγραμμα
1084 1001 1164 1044 εἴτε
1202 1001 1430 1053 ἰδιωτικόν,

75 1076 122 1115 ἐν
155 1075 297 1128 μέτρῳ
334 1070 394 1123 ὡς
428 1070 635 1124 ποιητής,
671 1068 698 1124 ἢ
737 1066 842 1113 ἄνευ
876 1073 1034 1126 μέτρου
1070 1067 1128 1119 ὡς
1161 1068 1356 1122 ὶδιώτηςς

181 1141 314 1183 ΦΑΙ,
378 1138 588 1196 Ἐρωτᾷς,
623 1142 659 1180 εὶ
695 1135 921 1192 δεόμεθάς
955 1140 1076 1186 τίνος
1108 1138 1188 1191 μὲν
1224 1129 1306 1179 οὖν
1342 1140 1430 1179 ξένε-
1468 1148 1507 1191 Ε

76 1222 133 1249 κα
167 1203 253 1250 κᾶν
286 1224 352 1258 τις
386 1204 444 1257 ὡς
479 1211 614 1249 εἰπεῖν
654 1203 756 1260 ζῴη,
780 1202 878 1246 ἀλλ’
920 1200 947 1256 ἢ
984 1205 1072 1246 τῶν
1092 1201 1306 1247 τοιούτων
1326 1202 1432 1256 ἡδο-

74 1336 168 1370 Flor.
191 1348 223 1379 g.
248 1335 486 1370 ΔΠΣΕΝΟ
502 1336 581 1371 ΡΤ.

166 1384 242 1421 Τίς
270 1380 347 1415 οὖν
382 1381 400 1415 ὁ
427 1381 592 1425 τρόπος
617 1401 660 1406 —-
684 1381 735 1423 μὴ
763 1379 995 1423 γράφεινς]
1023 1380 1121 1413 Haec
1145 1381 1246 1422 vulgo
1278 1380 1432 1413 Phaedro

74 1428 380 1469 adscribebantur,
412 1429 502 1470 quod
529 1433 622 1461 recte
663 1427 809 1460 mutavit
835 1426 1074 1466 Heindorlius,
1108 1437 1170 1459 nec
1202 1426 1313 1458 invitis
1338 1427 1432 1458 codi—

76 1475 184 1509 cibus.
231 1475 318 1508 Dein
342 1479 430 1507 vett.
456 1474 550 1508 editt.
577 1472 735 1516 δεόμεθά
760 1485 835 1512 τοι,
872 1472 964 1514 quod
991 1483 1033 1505 ex
1058 1472 1195 1514 optimis
1222 1476 1256 1504 et
1281 1473 1431 1514 plurimis

76 1520 175 1555 codd.
202 1521 432 1553 emendatum.
482 1521 570 1553 Post
593 1521 727 1552 Λυσίαν
752 1519 898 1551 accessit
922 1531 958 1550 τε
983 1529 1025 1551 ex
1050 1518 1190 1560 optimis
1215 1519 1433 1560 plurimisque

77 1566 263 1600 codicibus,

166 1611 208 1645 E.
257 1613 377 1644 ἕνεκα
402 1611 473 1642 κᾶν
498 1610 584 1653 τις]
614 1609 672 1642 Sic
697 1609 797 1643 Bodl.
825 1607 1024 1642 AHGLT
1055 1608 1148 1643 Flor.
1168 1619 1200 1651 g.
1218 1609 1310 1642 Vett.
1336 1609 1432 1642 editt.

75 1656 156 1690 ’ἕνεκ’
180 1659 224 1690 ἄν
247 1671 310 1696 τις.

446 1768 604 1810 Antigon.
641 1767 718 1802 321.
789 1787 831 1792 —-
864 1766 1118 1809 κέκληνται]
1164 1766 1361 1799 Haeserunt
1399 1768 1429 1799 in

790 1814 839 1846 his
864 1812 1163 1845 Heindorfius
1199 1817 1233 1845 et
1265 1812 1432 1845 Schlei-

79 1768 237 1812 (αἰσχρὸς
268 1768 395 1812 φανεῖ).

78 1816 257 1848 verissime
283 1816 314 1848 H
328 1826 346 1848 e
359 1825 414 1847 rm
426 1825 444 1846 a
454 1825 474 1846 n
484 1824 532 1846 nu
544 1825 559 1845 s
586 1813 721 1846 Οὔκουν

75 1860 118 1893 τό
140 1860 177 1904 γ’
202 1863 299 1905 ἔργον
312 1864 417 1893 τοῦτο
442 1858 599 1901 ποιήσας.
629 1861 720 1892 Ari-

76 1905 220 1949 stoph.
257 1907 352 1940 Plut.
379 1905 457 1940 890.
490 1905 537 1949 μὰ
572 1907 628 1936 καὶ
659 1905 722 1938 οὔ-

75 1964 156 1984 noma
187 1956 234 1997 τῷ
266 1964 302 1995 γε
337 1955 401 1993 σῷ,
435 1950 522 1993 σάφ’
548 1951 628 1983 ἴσθ’
654 1951 721 1987 ὅτι,

75 1998 243 2032 Nimirum
269 1998 319 2031 his
334 1998 462 2031 voculis
478 1998 606 2030 Graeci
621 2002 723 2030 utun-

791 1858 1090 1900 ermacherus,
1130 1859 1185 1900 qui
1219 1868 1258 1891 ea
1284 1858 1431 1891 Phaedri

789 1905 924 1947 ingenio
949 1903 1084 1947 indigna
1109 1915 1187 1937 esse
1212 1909 1430 1938 censuerunt.

791 1951 852 1983 Cui
877 1951 1095 1983 incommodo
1122 1955 1158 1982 ut
1183 1954 1431 1989 occurreretur,

790 2001 912 2039 postea
947 1996 1133 2030 Godofr.
1169 1995 1430 2037 Bernhardy

77 2049 152 2084 tur,
178 2054 279 2085 quum
304 2043 350 2086 id,
375 2043 466 2085 quod
492 2045 578 2076 alter
601 2044 632 2076 in
658 2044 722 2076 du-

76 2089 274 2123 bitationem
301 2089 456 2128 vocavit,
481 2093 627 2130 negant,
661 2089 722 2122 sed

77 2145 154 2167 cum
179 2136 464 2169 restrictione.—-
498 2135 618 2167 Paullo
644 2139 724 2169 ante

78 2179 188 2212 αὐτὸ
214 2185 352 2213 τοῦτο
379 2185 448 2213 est:
475 2179 516 2212 id
542 2180 697 2223 ipsum.

123 2226 165 2260 D.
211 2225 321 2259 αυτό
353 2239 396 2270 γε
435 2225 481 2258 τὸ
516 2238 575 2270 γρ,
607 2225 658 2269 λ.]
692 2226 721 2260 11.

78 2283 108 2304 e.
136 2272 272 2314 ipsum
298 2283 372 2315 per
397 2283 455 2306 se.

124 2329 176 2353 ως
219 2317 419 2360 ἰδιώτης]
461 2318 493 2350 11.
530 2329 560 2352 e.
601 2328 723 2360 prosae

79 2363 246 2395 orationis
271 2363 600 2416 εε11ρ101.Ε11(18111
626 2374 724 2406 pror-

81 2418 139 2440 sus
164 2409 392 2451 oppositionis
421 2409 508 2441 ratio
544 2413 597 2442 est
622 2410 725 2450 Sym-

79 2464 156 2496 1³0⁵·
179 2464 213 2497 p.
234 2454 306 2489 178.
327 2454 366 2488 B.
393 2455 614 2488 Plutarch.
641 2455 722 2489 vitt.

81 2500 157 2532 Vol.
184 2500 225 2532 ΙΙ.
251 2511 281 2543 p.
312 2499 397 2541 135,
427 2500 476 2534 10.
510 2501 562 2534 ed.
585 2500 724 2534 Schaef.

80 2546 256 2580 recentiss.
285 2555 316 2579 ν.
344 2545 452 2578 Hem
467 2547 654 2579 sterhus.
681 2546 724 2578 ad

79 2591 222 2624 Lucian.
238 2591 405 2633 Necyom.
428 2602 461 2633 p.
480 2591 557 2626 484.
576 2597 611 2625 et
625 2602 726 2634 quem

81 2637 151 2669 iam
172 2636 354 2671 Heindorf.
384 2636 534 2670 laudavit
557 2637 726 2672 Ruhnk.

80 2681 125 2716 ad
149 2682 298 2725 Longin.
326 2693 359 2724 p.
384 2681 461 2716 410.
487 2683 539 2716 ed.
563 2682 693 2716 Weisk.

127 2727 170 2763 E.
225 2729 346 2764 τίνος
382 2729 456 2771 μὲν
496 2732 573 2760 οὖν
606 2727 729 2761 ἕνεκα

142 2795 231 2829 Plat.
256 2796 346 2837 Opp.
372 2795 448 2827 Vol
477 2795 532 2827 IV
558 2795 599 2828 Ρ
624 2795 648 2826 Ῐ.

790 2043 974 2084 Encyclop.
992 2042 1111 2075 Philol.
1129 2053 1159 2084 p.
1180 2041 1235 2075 94.
1253 2041 1336 2073 hanc
1353 2052 1431 2073 sua—

791 2090 836 2120 sit
861 2089 1040 2120 uerborum
1063 2088 1358 2119 distributionem:
1387 2089 1429 2118 Φ

784 2134 952 2178 ’Ἐρωτᾷς,
986 2135 1014 2165 εἰ
1037 2132 1216 2175 ὄεόμεθας
1253 2133 1346 2165 ΣΩ.
1373 2132 1432 2163 Tr

788 2193 845 2217 τος
874 2183 933 2220 μὲι
961 2176 1025 2211 οῧι
1059 2179 1149 2211 ἕνεκα
1174 2197 1217 2202 -
1243 2179 1433 2219 κέκληντμιι

790 2229 831 2258 Φ.
856 2223 972 2265 Σχολ)
999 2226 1060 2267 μὲν
1084 2223 1138 2265 δή,
1164 2222 1316 2260 ὠςέοικε.
1341 2224 1431 2257 ΣΩ

790 2271 861 2303 ,Καὶ
892 2269 966 2312 ἅμα
1005 2270 1073 2303 κτλ.
1123 2273 1167 2301 At
1199 2279 1260 2301 nOS
1294 2268 1431 2310 quidem

792 2318 913 2349 nnllam
950 2317 1050 2358 plane
1081 2314 1134 2347 hic
1164 2315 1318 2347 videmus
1344 2314 1433 2347 disfi-

792 2364 965 2394 cultatem.
997 2361 1070 2393 lmo
1089 2364 1167 2392 sunt
1182 2360 1291 2393 omnia
1314 2365 1433 2394 nostro

792 2408 914 2440 iudicio
939 2406 1043 2439 menti
1070 2410 1105 2439 et
1127 2406 1260 2448 ingenio
1285 2406 1433 2439 Phaedri

792 2455 892 2495 longe
923 2452 1249 2485 convenientissima.
1297 2452 1434 2485 Etenim

793 2499 893 2531 homo
911 2508 1105 2530 sermonum
1129 2497 1360 2539 avidissimus,
1376 2498 1432 2530 ubi

794 2556 811 2577 a
839 2545 985 2576 Socrate
1008 2544 1239 2586 interrogatus
1265 2548 1329 2585 est,
1354 2544 1433 2576 num

795 2591 883 2623 bene
919 2589 1085 2621 scribendi
1125 2600 1180 2622 ars
1220 2589 1435 2632 explorandis

796 2635 922 2676 Lysiae
947 2638 1004 2667 aut
1028 2635 1111 2667 alius
1135 2635 1283 2668 cuiusvis
1308 2635 1436 2667 oratio-

797 2682 893 2714 nibus
919 2681 1113 2722 diligentius
1138 2680 1376 2724 cognoscenda
1401 2683 1437 2712 et

797 2726 1013 2769 intelligenda
1062 2727 1125 2768 sit,
1151 2726 1358 2773 0respondet
1397 2728 1436 2757 ut

1052 2784 1103 2823 10
