1687 2969
824 108 1101 146 —011—

281 222 416 264 tuisse
445 226 493 261 ut
522 219 649 262 Plato
680 227 843 276 septem
873 222 962 262 fere
993 221 1118 262 aunis
1163 226 1261 261 ante
1293 219 1486 263 Socratis
1513 236 1626 262 mor-

278 285 371 319 tem
413 278 498 320 ista
535 277 689 318 litteris
718 278 1036 334 perscriberet,
1079 292 1261 332 quorum
1303 292 1455 319 caussa
1484 277 1627 318 Phae-

286 334 410 375 drum
440 333 568 376 modo
598 333 782 376 vidimus
815 335 867 377 ab
901 350 951 376 eo
981 333 1268 390 compositum
1295 333 1417 375 esse?
1476 333 1627 374 Enim-

285 406 388 432 vero
431 396 523 432 erat
559 390 632 432 ille
671 391 855 447 primum
895 390 1066 446 quidem
1095 397 1187 431 tum
1221 390 1362 431 adhuc
1404 395 1521 432 totus
1554 390 1628 431 ad-

287 447 433 489 dictus
480 447 639 489 rationi
684 463 735 489 ac
765 447 1016 503 disciplinae
1050 447 1324 500 Socraticae,
1363 462 1472 501 quae
1503 447 1630 492 unice

285 504 439 546 mentis
481 504 680 545 notiones
737 510 779 544 et
830 504 1098 560 populariter
1156 503 1331 558 quidem
1381 503 1628 556 rimabatur,

286 577 373 603 11011
404 560 524 602 ideas
564 566 639 601 aut
675 575 818 601 rerum
847 561 890 602 in
921 577 966 602 se
999 567 1288 616 spectatarum
1316 559 1403 601 vim
1434 565 1477 601 et
1504 567 1632 601 natu-

286 633 380 659 ram
418 617 617 659 subtilius
660 617 883 672 exquirere
927 619 1175 660 conabatur.
1264 616 1318 657 Id
1372 616 1490 670 quod
1542 632 1629 658 11011

288 675 470 716 obscure
504 673 739 716 ostendunt
778 680 852 715 aut
887 675 1032 729 potius
1077 674 1295 715 luculente
1330 674 1535 715 evincunt
1561 673 1632 714 vel

287 731 476 772 minores
514 731 575 771 illi
619 730 780 786 dialogi
819 734 1032 772 communi
1072 730 1342 785 antiquitatis
1384 729 1631 772 testimonio

288 787 464 830 Platoni
494 787 660 828 auctori
691 787 899 840 attributi,
933 787 1087 843 Lysis,
1121 786 1399 840 Charmides,
1439 786 1630 840 Laches,

289 845 449 897 Meno,
482 843 757 900 Euthyphro,
789 843 931 896 Crito,
977 844 1063 897 alii,
1097 844 1171 897 qui
1202 849 1316 884 certe
1377 843 1578 884 lurimum
1608 857 1633 883 a

289 900 479 941 Phaedri
499 900 663 941 ratione
686 915 736 941 ac
764 899 961 942 doctrina
983 900 1141 942 diversi
1163 906 1275 941 sunt.
1338 859 1557 952 {Quocirca
1577 914 1631 940 ne

289 956 515 998 dialectica
536 956 709 1011 quidem
729 972 795 1010 eo,
818 972 903 1011 quo
928 957 973 997 111
992 956 1193 998 Phaedro
1212 958 1372 998 factum
1393 962 1472 1009 est,
1502 955 1632 997 inodo

286 1022 380 1055 tum
420 1014 472 1055 ab
514 1029 564 1055 eo
602 1014 806 1055 illustrari
837 1019 1081 1069 potuerunt,
1114 1013 1273 1054 nedum
1309 1019 1358 1054 ut
1391 1012 1633 1069 gravissimi

287 1070 591 1126 philosophiae
613 1070 712 1124 loci,
734 1071 889 1125 quibus
909 1071 1178 1112 sublimiores
1203 1076 1333 1124 atque
1351 1069 1631 1125 magnificen-

288 1127 421 1169 tiores
460 1127 698 1183 sapientiae
749 1127 977 1183 disciplina
1026 1127 1142 1168 nullo
1189 1142 1391 1181 umquam
1439 1135 1633 1181 tempore

290 1184 423 1237 novit,
450 1189 537 1224 tam
558 1183 712 1240 grandi
732 1184 926 1225 oratione
956 1183 1009 1225 ab
1040 1184 1134 1239 ipso
1171 1182 1377 1238 descripti
1408 1188 1450 1223 et
1477 1182 1635 1224 illumi-

287 1240 380 1281 nati
411 1239 509 1281 sint.
568 1240 628 1281 Et
661 1239 764 1295 quid
796 1255 956 1295 quaeso
989 1255 1167 1282 caussae
1198 1240 1329 1281 fuisse
1370 1239 1632 1295 putabimus,

289 1312 366 1338 cur
415 1295 788 1350 adolescentulus,
840 1297 914 1351 qui
952 1296 1221 1338 nullumdum
1258 1296 1428 1338 iniisset
1471 1301 1636 1337 certum

287 1353 464 1394 vivendi
494 1353 744 1407 consilium,
777 1360 868 1395 tmn
897 1354 942 1394 in
973 1360 1107 1395 artem
1137 1353 1397 1394 rhetoricam
1427 1351 1537 1394 adeo
1567 1353 1634 1393 111-

289 1410 521 1452 clementer
569 1411 765 1452 invectus
816 1409 902 1452 sit?
993 1411 1209 1452 Nimirum
1273 1409 1480 1465 vigebant
1530 1424 1634 1450 sane

289 1467 419 1508 etiam
447 1472 539 1508 tum
568 1467 839 1522 eloquentiae
859 1467 1002 1508 studia
1031 1466 1296 1520 mirabiliter,
1331 1466 1491 1521 quippe
1524 1481 1635 1520 quae

285 1523 373 1564 iam
413 1523 514 1564 inde
555 1524 607 1566 ab
658 1530 799 1565 aetate
836 1524 1018 1566 Periclis
1059 1524 1114 1565 ad
1160 1524 1366 1564 maiorem
1420 1522 1635 1577 quandam

288 1580 392 1621 artis
434 1580 745 1636 perfectionem
785 1577 917 1635 atque'
953 1596 1058 1622 usus
1099 1580 1393 1622 celebritatem
1445 1579 1636 1621 adducta

289 1642 446 1679 essent.
509 1636 598 1680 Sed
621 1637 726 1692 quid
743 1638 925 1679 obsecro
946 1637 1030 1679 ista
1061 1643 1153 1678 tum
1186 1636 1241 1677 ad
1267 1635 1523 1678 Platonem?
1556 1641 1636 1677 aut

288 1694 362 1748 qui
382 1693 558 1735 tandem
580 1709 630 1736 ea
644 1695 893 1750 putabimus
911 1694 1054 1750 ipsum
1069 1694 1143 1734 illa
1158 1699 1299 1734 aetate
1323 1692 1432 1734 adeo
1448 1707 1636 1734 commo-

287 1765 387 1791 vere
406 1751 626 1806 potuisse,
657 1756 707 1792 ut
741 1751 895 1793 studiis
927 1751 1126 1792 oratoriis
1156 1750 1467 1791 internecivum
1496 1764 1634 1805 prope

287 1807 448 1848 bellum
485 1807 716 1857 indiceret,
756 1823 886 1862 quum
917 1808 1022 1849 satis
1061 1812 1178 1848 certo
1195 1813 1401 1847 testatum
1421 1806 1636 1847 habeatur

289 1878 386 1904 eum
424 1869 524 1919 post
562 1869 742 1905 mortem
785 1863 979 1906 Socratis
1031 1863 1203 1904 demum
1250 1863 1438 1904 civilium
1491 1878 1634 1904 rerum

287 1919 433 1961 taedio
465 1926 639 1976 captum
670 1926 713 1962 et
741 1921 785 1962 in
817 1936 940 1962 omne
971 1927 1140 1975 tempus
1171 1935 1196 1960 a
1224 1919 1446 1975 republica
1477 1919 1635 1961 abalie-

292 1982 442 2017 natum
489 1976 618 2018 esse?
661 1978 805 2019 Testis
844 1978 955 2018 enim
995 1976 1123 2018 huius
1159 1976 1222 2017 rei
1251 1991 1459 2032 perquam
1490 1976 1634 2032 gravis

293 2039 358 2074 est
391 2033 575 2089 scriptor
604 2034 825 2089 Epistolae
856 2034 969 2075 Plat.
1001 2033 1106 2074 VH.
1137 2050 1178 2089 p.
1199 2035 1294 2075 3⁴24.
1326 2032 1375 2075 C.
1409 2048 1502 2087 sqq.
1535 2032 1633 2074 coll.

291 2089 482 2147 Apolog.
526 2107 566 2146 p.
609 2092 678 2134 31.
721 2091 774 2132 E.
820 2105 929 2145 quae
968 2096 1015 2131 ut
1055 2091 1109 2132 sit
1140 2090 1315 2145 originis
1349 2089 1631 2142 adulterinae,

290 2153 436 2188 tamen
484 2146 819 2203 haudquaquam
868 2162 921 2188 ex
964 2148 1157 2189 fontibus
1200 2146 1385 2189 turbidis
1416 2151 1490 2186 aut
1517 2145 1633 2186 lutu-

294 2203 420 2245 lentis
453 2203 627 2246 fluxisse
669 2204 853 2245 videtur.
922 2204 1125 2258 Denique
1167 2203 1271 2258 quid
1311 2217 1473 2257 quaeso
1516 2201 1632 2243 dica-

290 2275 384 2301 mus
424 2260 477 2301 de
520 2276 594 2314 eo,
646 2261 762 2317 quod
800 2261 1084 2317 philosophus
1123 2261 1199 2301 uni
1240 2260 1324 2301 oris
1371 2259 1633 2300 institutioni

290 2316 529 2372 sapientiae
568 2324 609 2358 et
654 2318 915 2371 cognitionis
942 2318 985 2358 in
1017 2317 1237 2359 hominum
1267 2316 1418 2357 animis
1450 2316 1631 2372 gignen-

291 2372 371 2414 dae
402 2378 445 2414 et
473 2372 768 2429 procreandae
793 2375 879 2424 vim
907 2380 950 2416 et
981 2374 1281 2416 efficacitatem
1304 2373 1519 2423 attribuit3
1550 2372 1631 2414 lib-

289 2445 433 2471 rorum
472 2431 748 2486 scriptionem
789 2431 1102 2487 propemodum
1143 2445 1311 2472 omnem
1349 2429 1562 2484 improbat
1589 2434 1633 2470 et

290 2487 555 2527 contemnit?
586 2487 820 2529 Enimvero
853 2488 1055 2529 convenit
1084 2488 1279 2543 profecto
1311 2486 1393 2528 hoc
1422 2485 1629 2527 iudicium

288 2549 409 2585 tanto
449 2543 589 2585 minus
627 2544 671 2585 in
702 2545 928 2586 Platonem
967 2545 1189 2598 iuvenem,
1236 2543 1353 2597 quod
1382 2543 1418 2583 is
1451 2542 1630 2585 Socrate

286 2599 386 2641 vivo
435 2616 522 2642 non
560 2600 688 2642 modo
731 2617 817 2643 non
858 2601 1062 2644 sustinuit
1091 2602 1225 2642 ullum
1257 2598 1440 2641 docendi
1474 2613 1629 2640 munus

287 2657 330 2697 in
364 2672 410 2698 se
442 2658 653 2713 recipere,
695 2659 770 2699 sed
803 2674 856 2701 ne
887 2674 912 2700 a
943 2658 1170 2701 scribendo
1203 2656 1375 2711 quidem
1407 2654 1628 2698 abstinuit.
