1687 2969
221 163 242 196 3
249 163 298 197 02
758 161 1016 200 PLATONIS

218 267 423 320 λάγημεν,
467 267 578 308 οὕτω
607 268 685 321 μὲν
713 268 1012 322 διακειμένων,
1051 272 1162 310 νοῦν
1200 267 1384 322 ἐχόντων
1421 265 1476 324 ἧν
1515 271 1569 311 ἂν

218 331 324 373 ἰέναι
353 332 418 373 ἐπὶ
447 333 497 374 τὰ
526 334 707 387 δημόσια
737 332 859 386 ἔργα·
908 334 942 374 εἰ
970 333 1014 374 δὲ
1045 335 1146 387 μήτε
1176 334 1433 376 διδάσκαλον
1462 336 1565 390 εἴχο-

217 412 294 451 μεν
331 398 454 451 ἡμῶν
492 397 636 445 αὐτῶν,
677 398 874 449 ἐπιδεῖξαι
923 400 1240 453 οἰκοδομήματα
1277 415 1318 441 τε
1367 397 1394 452 ἢ
1436 401 1566 454 μηδὲν

218 459 246 515 ἦ
273 463 408 504 πολλὰ
437 464 507 504 καὶ
535 464 717 516 μηδενὸς
745 464 862 514 ἄξια,
907 464 1016 505 οὕτω
1058 464 1100 504 δὲ
1131 465 1315 518 ἀνόητον
1343 460 1397 518 ἧν
1426 466 1566 519 δήπου

218 528 439 582 ἐπιχειρεῖν
476 532 564 576 τοῖς
602 529 818 583 δημοσίοις
858 527 997 582 ἔργοις
1037 530 1107 570 καὶ
1144 532 1404 582 παρακαλεῖν
1443 531 1564 584 αλλή-

215 596 317 642 λους
359 591 419 634 ἐπ’
460 594 581 635 αὐτοὶ.
621 597 772 647 φῶμεν
810 597 944 635 ταῦτα
983 594 1126 647 ὀρθῶς
1165 592 1385 648 λέγεσθαι,
1422 592 1451 649 ἦ
1490 599 1565 645 οὕς

225 660 355 699 ΚΑΛ.
389 660 518 700 Πάνυ
544 673 602 712 γε.

302 725 406 782 Cap.
438 726 580 768 LXX.
641 729 737 767 ΣΩ.
771 723 946 768 Οὐκοῦν
974 726 1086 768 οὕτω
1115 728 1267 779 πάντα,
1296 729 1347 768 τά
1375 743 1418 768 τε
1447 730 1562 776 ἄλλα,

216 791 298 832 κᾶν
327 793 361 832 εἰ
399 790 735 846 ἐπιχειρήσαντες
775 792 1041 846 δημοσιεύειν
1080 795 1403 846 παρεκαλοῦμεν
1442 794 1564 847 ἀλλή-

285 979 392 1013 οὔτω
426 981 472 1013 δὲ
502 978 696 1023 ἀνόητον
726 975 798 1024 ἦν]
830 981 944 1024 Vulgo
971 980 1022 1025 δή.
1055 983 1135 1015 Bas.
1159 982 1190 1017 2.
1225 981 1281 1020 δέ,
1316 982 1405 1025 quod
1437 983 1565 1024 recepit

217 1026 366 1058 Bekker.
392 1037 424 1060 v.
451 1026 494 1058 ad
518 1026 618 1069 Apol.
644 1027 736 1059 Socr.
761 1037 793 1069 p.
817 1025 871 1059 28.
895 1028 935 1059 Ε.

284 1117 327 1148 D.
360 1114 726 1159 ἐπιχειρήσαντες
760 1115 926 1159 δήμοσ.]
963 1116 1182 1149 Heindorfius
1208 1115 1480 1160 §walacriam-tes
1516 1119 1566 1149 in—

216 1161 296 1193 vitis
321 1161 416 1193 codd.
448 1166 481 1193 et
504 1165 584 1193 vett.
610 1161 703 1194 editt.
752 1162 841 1194 Dein
867 1161 984 1204 steph.
1009 1160 1289 1203 ἐπισκεψώμεθα,
1327 1162 1403 1194 Ald.
1429 1164 1507 1195 Bas.
1533 1162 1564 1195 l.

216 1205 489 1247 ἐπισκεψόμεθα.
544 1208 610 1240 Pro
636 1206 704 1249 ἐγώ
728 1218 778 1245 τε,
812 1207 901 1249 quod
932 1206 1074 1240 debetur
1107 1208 1210 1240 Coisl.
1236 1209 1321 1240 Ven.
1350 1208 1428 1240 ΞΣ,
1462 1207 1563 1240 vind.

969 1385 1070 1429 μήτε
1096 1386 1563 1420 διδάσκαλον-οἰκο-

925 1432 1011 1471 δομ.
1047 1432 1103 1475 τε]
1142 1433 1187 1465 Τὲ
1210 1436 1286 1475 post
1317 1431 1397 1475 μήτε
1429 1433 1563 1465 illatum

216 1387 433 1420 coniecturae
458 1390 612 1427 nostrae,
649 1397 855 1428 quamquam

216 1432 316 1464 facile
356 1432 503 1474 palmam
544 1432 765 1464 concedimus
806 1433 855 1463 in-

215 1482 317 1509 vento
357 1477 573 1509 Voemelii
614 1478 717 1509 etiam
757 1478 855 1509 Her—

215 1533 372 1555 manno
428 1522 588 1564 probato:
651 1521 753 1554 πολλὰ
817 1521 855 1554 δὲ

216 1568 270 1599 καὶ
305 1566 374 1599 διὰ
409 1579 544 1611 ημωι,
586 1568 619 1599 h.
650 1578 678 1601 e.
710 1571 855 1599 nostra

216 1614 407 1655 ipsorum
432 1623 563 1655 opera
587 1613 680 1645 sine
705 1612 853 1644 alieno

215 1658 400 1699 auxilio,
426 1659 522 1690 sine
546 1658 783 1700 magistris.

262 1702 370 1735 οὕτω
421 1703 500 1742 μὲν
554 1702 779 1747 διακειμέι
789 1715 852 1741 ων,

219 1752 328 1780 νοῦν
353 1746 455 1789 ἑχόι
467 1760 547 1779 των
574 1748 624 1791 ἡ]
648 1746 716 1790 ἅι]
756 1749 800 1780 H.
826 1759 853 1780 e.

216 1793 251 1825 εἰ
273 1792 362 1826 οὕτω
387 1793 450 1833 μὲν
472 1793 618 1832 διεκειμε
622 1794 671 1825 θα
691 1794 734 1834 (si
752 1798 786 1824 et
799 1804 854 1835 pe-

215 1839 290 1871 ritis
329 1839 502 1881 magistris
536 1839 590 1870 usi
632 1849 783 1870 essemus
822 1842 855 1871 et

216 1884 281 1926 ipsi
312 1894 372 1926 per
395 1895 457 1915 nos
482 1883 590 1915 multa
613 1894 653 1916 ac
677 1883 854 1925 praeclara

216 1928 373 1961 aedificia
406 1929 854 1974 exstinxissemus),10132

216 1972 366 2015 ἐχόντων
398 1971 764 2016 [31¹7jz‚prudens
796 1985 853 2005 es-

215 2023 283 2050 set
308 2019 358 2051 ad
383 2018 566 2061 publica
585 2029 716 2061 opera
735 2029 853 2051 acce-

214 2064 324 2096 dere.
370 2065 491 2096 Monui
515 2068 651 2106 propter
682 2064 852 2096 Findei-

216 2111 400 2150 senium,
426 2109 485 2151 qui
512 2108 747 2151 vovvezo'vzws
771 2110 853 2141 scri·

213 2153 363 2186 bendum
402 2155 556 2196 putabat.
609 2155 724 2186 Dictio
764 2154 852 2187 ἱέναι

215 2200 276 2231 ἐπί
295 2212 323 2231 τι
352 2200 512 2241 frequens
544 2204 595 2231 est
626 2199 716 2241 apud
740 2200 853 2232 Plato-

213 2255 302 2277 nem.
349 2245 444 2276 Infra
474 2255 507 2286 p.
537 2244 613 2277 515.
645 2246 692 2277 B:
736 2242 854 2276 ἐλθών

215 2289 271 2321 ἐπὶ
310 2289 347 2322 τὰ
393 2292 449 2331 τῆς
491 2288 622 2323 πόλεως
664 2288 852 2332 πράγματα.

213 2335 388 2376 Protagor.
420 2345 452 2375 p.
484 2333 559 2367 360.
592 2335 639 2366 A:
677 2333 739 2366 οὐκ
771 2334 851 2366 ἐθέ-

214 2381 335 2411 λουσιν
350 2378 504 2410 ι’ἐιάιέπ)
526 2377 558 2410 τὸ
576 2377 720 2411 κάλλιον.
746 2380 850 2412 Ibid.:

214 2421 277 2456 οὐκ
303 2423 358 2455 ἐπὶ
386 2421 421 2454 τὸ
446 2423 580 2456 κάλλιόν
613 2436 645 2455 τε
677 2425 732 2456 καὶ
758 2423 850 2463 ἄμει-

214 2481 276 2500 νον
300 2469 355 2500 καὶ
382 2467 480 2511 ἥδιον
505 2469 643 2509 ἔρχεται.
670 2470 800 2511 Cratyl.
818 2480 850 2510 p.

213 2513 290 2547 413.
315 2515 352 2548 B.
378 2513 510 2545 Phileb.
543 2524 574 2555 p.
600 2512 653 2546 46.
678 2515 716 2546 B.
741 2525 772 2556 p.
796 2513 850 2546 50.

214 2560 256 2591 D.
289 2569 321 2601 p.
346 2557 399 2591 62.
424 2559 466 2590 D.
515 2558 628 2590 Alcib.
660 2559 685 2590 Ι.
718 2570 749 2600 p.
776 2558 849 2591 132.

215 2605 253 2636 B.
296 2605 415 2645 Itaque
440 2604 565 2635 frustra
588 2604 652 2634 fuit
676 2605 734 2645 qui
759 2601 849 2635 αἰ·ιέ-

218 2660 269 2680 ναι
309 2648 511 2691 corrigeret,
555 2648 637 2680 licet
681 2649 716 2680 in
754 2648 848 2680 codd.

214 2693 346 2734 aliquot
369 2694 418 2725 ita
441 2693 604 2735 scriptum
629 2694 682 2725 sit.

923 1478 1094 1510 illustravi
1132 1478 1220 1509 infra
1258 1489 1289 1519 p.
1329 1477 1405 1512 522.
1447 1479 1486 1510 B.
1520 1497 1564 1501 —

925 1520 944 1564 ἢ
970 1520 1101 1554 πολλὰ
1134 1524 1202 1555 καὶ
1235 1521 1428 1565 ιιηδειός
1454 1521 1562 1564 ἄξια

923 1573 998 1600 aut
1028 1568 1166 1600 multa
1205 1568 1378 1600 nullius
1416 1569 1562 1610 pretii.

923 1614 1010 1645 Nam
1052 1611 1155 1645 πολλὰ
1195 1613 1250 1645 καὶ
1289 1612 1440 1656 μηδενὸς
1485 1611 1562 1654 ἄξια

924 1658 1053 1690 dictum
1093 1662 1131 1690 ut
1162 1656 1264 1690 πολλὰ
1306 1658 1359 1690 καὶ
1399 1657 1491 1691 καλά.
1532 1669 1563 1689 v.

923 1704 1074 1736 Matth.
1116 1705 1145 1743 ἓ.
1178 1702 1253 1736 444.
1287 1702 1318 1736 3.
1351 1722 1393 1727 -
1428 1703 1561 1736 Deinde

923 1748 1223 1781 Heindorfius
1248 1747 1562 1791 postdvo‘qtovpu—

923 1795 1017 1826 tabat
1040 1792 1085 1825 ἂν
1109 1795 1271 1827 omissum
1296 1805 1379 1826 esse.
1416 1793 1562 1825 Meliora

923 1838 1092 1871 docebunt
1139 1839 1370 1871 Thiersch.
1416 1839 1445 1877 §-
1484 1837 1561 1872 333.

925 1883 954 1916 1.
987 1896 1012 1915 e.
1054 1895 1086 1926 p.
1117 1883 1193 1917 637.
1225 1884 1304 1916 edit.
1338 1883 1370 1918 3.
1410 1883 1561 1915 Matth.

924 1930 981 1961 Gr.
1013 1929 1167 1970 amplior.
1200 1930 1229 1968 ξ.
1256 1928 1331 1961 508.
1356 1928 1387 1962 2.
1421 1939 1451 1970 p.
1484 1927 1559 1960 968.

923 1974 945 2006 S
957 1985 974 2006 c
983 1973 1003 2005 h
1016 1984 1035 2005 a
1045 1985 1062 2006 e
1074 1975 1096 2008 f.
1110 1974 1152 2006 ad
1165 1974 1384 2006 Demosthen.
1399 1975 1561 2015 Apparat.

922 2020 962 2053 T.
996 2019 1042 2051 ΙΙ.
1070 2030 1102 2061 p.
1126 2017 1202 2052 324.
1235 2019 1454 2051 Meletematt.
1485 2019 1560 2052 crit.

922 2075 953 2107 p.
983 2063 1036 2096 55.
1063 2065 1152 2096 conf.
1177 2069 1294 2096 nostra
1328 2064 1371 2096 ad
1403 2064 1559 2105 Sympos.

921 2121 953 2152 p.
979 2108 1053 2142 190.
1080 2109 1118 2143 C.

968 2154 1049 2208 Cap.
1075 2155 1182 2186 LXX.
1215 2155 1255 2186 D.
1295 2153 1372 2186 κᾶν
1404 2153 1445 2185 εἰ
1474 2152 1558 2184 ε’πι-

921 2198 1141 2241 χειρήσαν
1154 2210 1218 2232 τες
1242 2218 1286 2223 --
1320 2196 1558 2237 ἐπεσκεψά-

922 2246 1038 2283 μεθα
1072 2243 1211 2287 δήπου
1245 2242 1314 2297 ἄν]
1364 2245 1402 2275 In
1426 2243 1480 2275 his
1505 2253 1559 2275 ca-

921 2274 1069 2321 ¹vendum
1094 2294 1154 2329 est,
1179 2300 1221 2321 ne
1247 2286 1290 2320 ἅι
1307 2299 1383 2320 cum
1408 2300 1463 2320 και
1481 2298 1559 2320 con-

921 2335 1036 2366 flatum
1079 2335 1242 2366 referatur
1291 2334 1331 2365 ad
1377 2333 1481 2366 veiha
1527 2332 1563 2364 εἰ

921 2377 1195 2421 ἐπιχειρήσαντες
1227 2378 1255 2410 δ.
1282 2380 1560 2418 παρεκαλονμει·
1553 2403 1560 2416 ,

919 2425 1065 2466 pertinet
1099 2425 1189 2456 enim
1214 2424 1254 2454 ad
1281 2421 1559 2464 ἐπεσκεψάμεθα,

919 2471 978 2501 ubi
1008 2473 1120 2500 tamen
1152 2469 1403 2510 perspicuitatis
1436 2479 1557 2500 caussa

920 2515 1075 2546 iteratum
1106 2518 1166 2545 est.
1214 2514 1324 2555 Supra
1355 2525 1385 2555 p.
1411 2512 1487 2546 465.
1512 2513 1556 2544 C.

920 2559 975 2590 καὶ
1008 2556 1073 2600 γὰρ
1105 2556 1165 2595 ἄν,
1197 2570 1226 2589 ει
1260 2556 1304 2601 μὴ
1337 2557 1355 2600 ἡ
1389 2557 1479 2612 ψιχὴ
1514 2561 1574 2600 τῷ-

922 2602 1047 2642 σιιὶματι
1095 2602 1269 2635 ἐπεστάτει
1304 2621 1366 2640 —,
1416 2601 1450 2634 τὸ
1500 2605 1558 2634 τοῦ

919 2645 1153 2690 Ἀιαξαγόροι
1177 2646 1223 2679 ὰ]
1248 2647 1331 2679 πολὺ
1357 2648 1408 2690 ήν.
1456 2648 1555 2679 Ratio

918 2693 1020 2725 huius
1052 2697 1241 2725 structurae
1275 2693 1434 2735 cognosci
1466 2697 1557 2734 pote—
