1687 2969
446 198 689 237 GORGIAS.
719 199 762 236 P.
799 202 892 236 455.
924 198 984 236 ed.
1016 199 1072 237 St.
1359 200 1435 235 109

83 309 221 348 ὄντων
248 306 444 361 μαθητής
473 315 553 347 σου
582 307 844 360 βουλόμενος
872 304 1089 360 γενέσθαι,
1123 306 1180 354 ὡς
1209 304 1290 358 ἐγώ
1319 320 1438 353 τινας

83 372 235 425 σχεδὸν
262 372 333 414 καὶ
361 371 545 426 συχνους
574 372 856 425 αἰσθάνομαι,
903 373 944 412 οἱ
972 371 1072 420 ἴσως
1101 367 1353 425 αἰσχύνοιντ’
1383 373 1438 411 ἄν

83 446 128 477 σε
157 435 396 489 ἀνερέσθαι.
464 430 533 478 ὑπ’
566 436 670 491 ἐμοῦ
699 439 779 477 οὐν
806 437 1132 491 ἀνερωτώμενος
1159 437 1340 489 νόμισον
1368 436 1438 477 καὶ

81 501 152 542 ὑπ’
182 501 355 544 ἐκείνων
395 503 718 556 ἀνερωτασθαι,
765 502 815 542 Τι’
854 502 979 556 ημῖν,
1021 504 1054 543 ὠ
1085 504 1126 542 Γ
1122 517 1269 554 οργια,
1309 499 1436 552 ἔσται,

81 565 156 607 ἐάν
197 579 265 609 σοι
300 570 522 622 συνῶμεν,·
574 568 669 621 περὶ
706 567 836 608 τίνων
872 574 923 621 τῆ
971 569 1089 608 πόλει
1127 567 1437 620 συμβουλεύειν

81 627 166 673 οἷοί
193 647 236 673 τε
266 632 475 687 ἐσόμεθας
504 634 686 686 πότερον
711 632 805 685 περὶ
832 632 999 674 δικαίου
1020 633 1157 686 μόνον
1177 631 1248 673 καὶ
1269 632 1436 682 ἀδίκου,

82 697 107 751 ἢ
136 697 204 738 καὶ
236 698 330 750 περὶ
361 698 422 739 ὡν
450 705 532 739 νῦν
561 697 613 752 δη
643 699 876 751 Σωκράτης
905 695 1042 750 ἔλεγε,-
1085 699 1216 749 πειρῶ
1253 693 1334 737 οὖν
1362 697 1436 737 αύ-

81 766 171 811 τοῖς
198 763 521 817 ἀποκρίνεσθαι.
580 765 707 804 ΓΟΡ.
733 758 848 803 ΗΑλλ
878 761 960 815 ἐγώ
988 772 1056 803 σοι
1084 764 1362 815 πειράσομαι,
1403 754 1436 801 ὧ

81 828 330 880 Σώκρατες,
374 831 525 882 σαφῶς
567 829 843 877 ἀποκαλύψαι
882 827 961 881 τὴν
999 834 1072 881 τῆς
1101 827 1326 881 ῥητορικῆς
1365 827 1434 867 δύ-

80 908 210 946 ναμιν
239 893 435 935 ἅπασαν·
479 894 607 942 αὐτὸς
644 893 726 946 γὰρ
756 895 893 941 καλῶς
930 893 1153 947 ύφηγήσω.
1193 889 1325 934 οἶσθα
1352 891 1434 945 γὰρ

82 958 236 1012 δήπου,
268 955 332 1000 ὅτι
360 959 410 999 τὰ
440 959 595 1011 νεώρια
622 965 755 999 ταῦτα
789 957 859 999 καὶ
888 957 939 999 τὰ
967 959 1078 1012 τείχη
1106 958 1157 999 τὰ
1186 958 1436 1012 Ἀθηναίων

80 1023 152 1065 καὶ
189 1024 218 1078 ἡ
263 1026 354 1065 τοῖν
399 1023 582 1078 λιμένων
621 1023 861 1077 κατασκευὴ
901 1022 945 1064 ἐκ
992 1029 1066 1076 τῆς
1107 1022 1438 1077 Θεμιστοκλέους

81 1090 328 1143 συμβουλῆς
354 1088 503 1143 γέγονε
521 1121 532 1139 ‚
571 1089 620 1130 τὰ
650 1084 687 1130 δ’
731 1088 775 1130 ἐκ
804 1095 877 1143 τῆς
907 1088 1192 1141 Περικλέους,
1232 1083 1318 1129 ἀλλ’
1358 1089 1437 1129 οὐκ

79 1248 159 1287 gata
182 1242 386 1286 ἁνέρεσθαι,
412 1255 516 1287 quam
540 1245 745 1287 scripturam
776 1245 906 1287 ubique
939 1244 1206 1287 repudiavimus.
1254 1245 1317 1276 Est
1347 1244 1437 1276 enim

82 1289 226 1322 verbum
250 1288 528 1322 α’ὗθυπότακτον.

146 1335 185 1366 Ε.
212 1336 281 1367 καὶ
302 1334 346 1367 τὰ
373 1338 488 1378 τείχη
515 1333 559 1367 τὰ
583 1333 685 1377 Ἀθη
699 1333 846 1377 ναίων]
873 1334 931 1366 Sic
946 1334 1061 1367 Clark.
1079 1334 1155 1367 Vat.
1176 1335 1220 1366 A.
1239 1334 1341 1366 Coisl.
1359 1335 1436 1366 Par.

80 1379 250 1412 BCVW.
276 1381 366 1412 Flor.
393 1391 422 1413 a.
449 1381 481 1412 b.
507 1391 536 1413 o.
562 1391 595 1412 x.
643 1380 757 1422 Vulgo
783 1381 838 1412 καὶ
866 1379 902 1411 τὰ
930 1382 1018 1421 τείχη
1045 1383 1112 1411 τῶν
1136 1378 1349 1422 Ἀθηναίων.
1373 1379 1435 1411 Εᾶ.

82 1425 159 1457 Bas.
184 1424 216 1458 2.
246 1425 302 1458 καὶ
327 1424 366 1458 τὰ
391 1428 479 1468 τείχη
505 1424 542 1457 τὰ
576 1429 644 1458 τῶν
667 1423 742 1457 Ἀθ.
774 1426 866 1457 Flor.
891 1435 920 1458 c.
961 1426 1015 1457 καὶ
1044 1425 1079 1457 τὰ
1111 1427 1200 1467 τείχη
1224 1422 1438 1467 Ἀθηναίων.

81 1575 201 1597 raeum
224 1565 409 1606 transtulit,
433 1576 538 1608 quum
555 1565 723 1598 Phalereo
1166 1565 1187 1597 S
1198 1576 1216 1597 c
1226 1565 1247 1596 h
1257 1575 1277 1596 a
1286 1576 1304 1597 e
1313 1565 1330 1596 f
1337 1575 1354 1596 e
1364 1576 1380 1596 r
1388 1575 1411 1596 u
1420 1575 1435 1596 s

82 1615 183 1652 portu
207 1615 310 1643 antea
333 1611 560 1643 Athenienses
594 1612 650 1643 usi
674 1621 724 1643 es-

795 1569 851 1608 ῖῆς
884 1565 1116 1607 δημιουργῶν.

795 1611 837 1642 ad
868 1611 1029 1652 Apollon.
1061 1610 1169 1641 Rhod.
1200 1611 1242 1644 ΙΙ.
1275 1611 1373 1642 Tom.
1404 1621 1434 1652 p.

83 1659 168 1687 sent.
192 1656 233 1688 V.
265 1656 488 1688 Plutarch.
521 1660 555 1688 et
577 1657 724 1698 Nepot.

83 1701 169 1733 Vitt.
180 1701 424 1734 Themistoclis
453 1705 554 1743 atque
570 1702 586 1732 I
595 1712 617 1733 u
627 1712 642 1733 s
652 1702 724 1732 tin.

83 1746 127 1786 ΙΙ,
147 1745 200 1779 10.
224 1747 269 1778 Et
285 1746 437 1779 celebres
457 1751 537 1778 sunt
554 1746 607 1778 illi
627 1747 726 1786 muri,

83 1802 103 1823 a
127 1791 266 1823 Socrate
298 1793 413 1824 statim
437 1796 515 1833 post
545 1792 725 1831 nominati,

85 1836 145 1877 qui
169 1835 206 1869 τὸ
230 1835 365 1878 μακρὸν
390 1841 494 1878 τεῖχος
527 1847 588 1868 seu
613 1835 725 1877 μακρὰ

85 1883 174 1923 τείχη
219 1886 252 1913 et
303 1882 401 1924 σκέλη
449 1881 724 1924 appellabantur,

83 1927 244 1969 utrinque
281 1927 464 1970 iungentes
503 1928 625 1959 Piraeo
670 1937 726 1958 ur-

84 1971 172 2003 bem.
237 1972 365 2004 Eorum
395 1972 482 2004 alter
513 1970 548 2004 τὸ
579 1969 726 2014 βόρειον

83 2016 283 2057 vocabatul,
309 2017 396 2050 alter
410 2022 525 2049 autem
544 2016 580 2049 τὸ
599 2030 617 2048 ι
620 2015 723 2049 ότιον.

83 2061 322 2094 Fundamenta
360 2063 483 2094 iecisse
529 2061 727 2104 perhibetur

85 2106 229 2147 Cimon,
261 2108 311 2139 uti
335 2107 484 2139 ostendit
506 2118 523 2139 e
548 2108 725 2139 Plutarchi

85 2151 227 2184 Cimone
259 2153 486 2184 Meursius
524 2152 565 2183 de
603 2153 724 2185 Piraeo

85 2207 114 2229 c.
147 2196 197 2237 2.,
229 2208 315 2239 opus
346 2208 427 2229 vero
457 2198 640 2239 perfecisse
664 2199 725 2230 Pe-

83 2241 185 2274 ricles
217 2253 321 2284 opera
354 2242 549 2275 Callicratis
581 2243 726 2274 archite-

86 2287 142 2318 oti.
170 2286 217 2318 Τὸ
243 2286 281 2319 δὲ
305 2286 440 2328 μακρὸν
466 2292 588 2328 τεῖχος,
613 2288 727 2329 inquit

85 2331 352 2364 Plutarchus
376 2334 412 2364 in
437 2333 568 2365 Pericle
593 2343 625 2373 p.
650 2332 725 2366 160.

86 2377 138 2416 A.‚
172 2377 251 2418 περὶ
282 2371 323 2409 οὗ
358 2376 545 2419 Σωκράτης
578 2376 729 2409 ἀκοῦσαί

89 2430 195 2462 φησιν
220 2419 320 2455 αὐτὸς
353 2421 602 2465 είςηγουμένου
636 2421 726 2465 γνώ-

86 2477 154 2508 μην
210 2466 433 2507 Περικλέους,

88 2509 351 2552 Καλλικράτης.”

131 2556 169 2587 Ε.
218 2553 298 2587 ἀλλ’
340 2568 357 2588 ο
372 2553 418 2587 ὐκ
450 2555 494 2588 ἐκ
536 2560 619 2589 τῶν
660 2556 727 2599 δη-

87 2612 108 2639 μ
119 2613 129 2632 ι
138 2612 156 2631 ο
168 2612 186 2631 υ
200 2611 217 2641 ρ
228 2612 247 2642 γ
257 2603 283 2632 ὠ
292 2599 321 2642 v]
348 2601 627 2643 Breviloquentia
641 2603 726 2634 haec

85 2646 177 2677 viros
207 2645 325 2677 doctos
364 2646 452 2678 male
482 2646 613 2679 habuit.
676 2648 727 2678 Ita

86 2691 231 2722 Buttm
243 2701 383 2722 annus
437 2695 470 2722 et
515 2691 728 2724 Heindor-

85 2735 103 2766 f
105 2735 117 2766 i
125 2746 147 2768 u
157 2746 172 2767 s
211 2735 394 2777 legendum
432 2737 651 2769 coniecerunt
689 2735 726 2768 ἐκ

510 2465 726 2510 ἠργολάβησε

794 1655 870 1687 141.
896 1654 933 1687 ἐκ
958 1659 1014 1698 τῆς
1032 1659 1099 1687 τῶν
1120 1654 1343 1698 δημιουργῶν
1365 1666 1437 1687 cor-

793 1702 885 1743 rigit,
910 1701 1000 1742 quod
1016 1706 1218 1742 receperunt
1235 1702 1337 1732 etiam
1363 1700 1389 1732 C
1403 1711 1437 1731 0-

796 1756 890 1777 raes
905 1751 937 1778 et
955 1746 1179 1788 Hirsehig.
1197 1747 1375 1778 Bastius
1393 1745 1435 1777 ad

795 1791 936 1833 Gregor.
947 1791 1099 1823 Corinth.
1109 1802 1140 1832 p.
1150 1790 1226 1823 360.
1236 1790 1437 1830 „Librarii''‚

794 1836 916 1877 inquit,
941 1836 1021 1875 „ubi
1034 1836 1101 1868 duo
1117 1836 1256 1868 articuli
1275 1836 1437 1878 deinceps

793 1886 986 1923 ponuntur,
1011 1881 1155 1913 alterum
1180 1882 1316 1923 saepius
1341 1882 1438 1914 omit—

794 1926 900 1958 tunt.''
970 1926 1115 1959 Codices
1161 1930 1274 1958 tamen
1319 1937 1438 1959 manu-

794 1972 913 2014 scripti
936 1972 1112 2014 vulgatam
1137 1972 1318 2004 lectionem
1342 1976 1438 2004 tuen-

795 2021 849 2048 tur
875 2027 1004 2049 omnes.
1051 2018 1121 2049 Nec
1145 2028 1225 2049 vero
1250 2017 1438 2059 quidquam

793 2063 1005 2094 mutandum.
1037 2062 1228 2104 Xenoph.
1267 2064 1369 2094 Mem.
1393 2063 1438 2102 ΙΙ,

794 2106 826 2147 4,
851 2107 890 2140 6:
935 2105 953 2139 ὁ
978 2105 1042 2150 γὰρ
1069 2105 1204 2150 ἀγαθὸς
1232 2109 1331 2147 φίλος
1356 2107 1436 2139 ἐαυ-

796 2151 859 2183 τὸν
884 2151 988 2183 τάττει
1014 2152 1102 2193 πρὸς
1128 2156 1195 2184 πᾶν
1219 2151 1255 2183 τὸ
1281 2151 1437 2184 ἐλλεῖπον

796 2201 841 2240 τῷ
868 2199 957 2240 φίλῳ
984 2198 1038 2228 καὶ
1077 2200 1135 2239 τῆς
1160 2200 1225 2228 τῶν
1251 2197 1353 2229 ἰδίων
1378 2210 1436 2229 κα-

796 2245 962 2284 τασκευῆς
1002 2242 1056 2274 καὶ
1090 2245 1157 2274 τῶν
1189 2246 1317 2274 κοινῶν
1350 2241 1436 2283 πρά-

797 2288 897 2328 ξεων,
923 2287 955 2318 h.
982 2298 1012 2319 e.
1043 2287 1097 2318 καὶ
1125 2291 1181 2329 τῆς
1208 2291 1276 2319 τῶν
1307 2291 1436 2320 κοινῶν

797 2330 970 2373 πράξεων.
1033 2332 1130 2364 Nihil
1168 2332 1233 2364 hoc
1266 2343 1332 2365 usu
1370 2343 1438 2365 cre-

794 2376 890 2408 brius
925 2377 961 2408 in
989 2377 1314 2419 comparationibus.
1346 2379 1435 2410 conf.

795 2423 878 2454 Boe
890 2422 982 2454 ckh.
1006 2423 1179 2464 Explicat.
1196 2423 1295 2455 Pind.
1315 2434 1346 2466 p.
1361 2423 1436 2457 104.

795 2467 1027 2499 Matthiae.
1062 2469 1120 2500 Gr.
1155 2469 1184 2507 ἓ.
1215 2467 1292 2501 453.
1330 2470 1438 2500 Frit-

796 2513 898 2544 sehe
947 2512 1101 2552 Quaestt.
1148 2513 1235 2545 Luc.
1281 2525 1314 2556 p.
1361 2512 1438 2547 108.

796 2557 1040 2600 Kiessling.
1074 2558 1116 2590 ad
1142 2558 1288 2590 Theocr.
1313 2559 1357 2598 11,
1384 2558 1436 2591 15.

795 2602 914 2643 Neque
940 2602 1073 2634 Latinis
1098 2606 1149 2635 est
1172 2603 1257 2634 haec
1275 2604 1363 2635 ratio
1388 2604 1438 2635 in-

796 2648 934 2679 usitata.
966 2658 997 2678 v.
1032 2648 1170 2680 Cicer.
1219 2649 1270 2680 De
1304 2648 1438 2680 Orator.

797 2693 821 2731 Ι,
846 2691 877 2732 4,
903 2691 955 2724 15.
981 2694 1121 2725 Tuscul.
1147 2694 1181 2733 Ι,
1207 2693 1238 2733 1,
1262 2693 1293 2725 2.
1318 2694 1435 2735 ibique

796 2736 1012 2769 Kuehner.
