1687 2969
441 111 859 157 PHAEDRUS.
893 112 943 155 P.
979 113 1060 155 242
1091 111 1154 156 St.
1433 114 1485 155 71

112 229 262 288 τρόπῳ
302 228 752 288 προςαναγκαζοντα.
820 229 1029 285 Σιμμίαν
1076 231 1279 285 Θηβαῖον
1324 228 1479 287 ἐξαιρῶ

107 298 267 354 λόγου·
315 300 404 341 τῶν
452 299 498 341 δὲ
533 296 678 341 ἄλλων
712 294 924 352 πάμπολυ
961 302 1148 353 κρατεῖς.
1198 299 1272 340 καὶ
1308 298 1389 340 νῦν
1424 290 1483 340 αὖ

108 369 254 417 δοκεῖς
285 363 431 416 αι’τιός
466 382 542 421 μοι
577 366 849 420 γεγενῆσθαι
880 360 998 418 λόγῳ
1033 365 1119 406 τινὶ
1155 361 1377 421 ῥηθῆναι.

215 434 347 478 ΨΑΙ.
419 431 483 477 Οὐ
531 429 724 488 πόλεμόν
770 447 818 487 γε
859 428 1098 486 ἀγγέλλεις.
1142 428 1258 474 ἀλλὰ
1303 432 1397 482 πῶς
1423 429 1481 483 δὴ

103 502 180 542 καὶ
217 504 302 544 τίνι
339 497 507 555 τούτοις

214 565 327 628 Cap.
345 565 459 610 XX.
500 564 604 609 ΣΩ.
635 561 769 608 ‘Hvt'x’
793 557 1041 620 ἔμελλον,
1013 582 1045 606 ω
1061 561 1212 618 ’γαθὲ,
1233 561 1314 607 τὸν
1334 580 1478 608 ποτα-

103 636 192 694 μὸν
229 635 499 690 διαβαίνειν,
550 629 598 676 τὸ
637 629 870 688 δαιμόνιόν
912 647 956 674 τε
991 648 1066 674 και
1100 627 1151 674 τὸ
1187 628 1356 682 εἰωθὸς
1396 646 1477 684 ση-

105 749 161 777 est
183 741 372 783 ἇποψιχῇ,
399 741 537 775 ductum
564 740 646 774 iilud
674 741 716 773 ab
741 751 814 773 nor.
840 740 872 774 2.
901 739 1143 782 ἄποψιχῆιαι,
1175 738 1219 773 de
1242 750 1313 783 quo
1339 749 1370 775 ν.
1403 739 1478 774 Lo-

105 790 204 824 beck.
229 789 272 822 ad
300 787 480 831 Phrynich.
505 798 537 831 p.
563 787 643 822 318.
673 786 808 821 Hirsch
833 785 978 828 αἠοψύς
982 799 1001 830 ῃ
1034 786 1155 819 edidit.

198 835 279 867 τῶν
303 834 374 865 ἐπὶ
398 847 429 868 τ.
455 847 488 866 σ.
511 837 542 875 β
564 831 829 876 γεγονότων]
861 832 1023 864 Additum
1049 833 1152 874 vulgo
1178 834 1259 874 post
1283 829 1479 873 γεγονότων

106 881 311 914 vocabuium
338 878 448 922 λόγων
472 879 577 912 codd.
606 880 684 920 long
674 890 706 911 re
732 878 867 921 plurimi
894 878 1085 920 optimique
1110 888 1177 909 nou
1204 881 1404 918 agnoscunt.

201 927 241 960 Β.
285 926 347 958 ἑνί
376 927 425 968 γε’
452 937 503 966 τῳ
535 924 707 967 τρόπῳ]
741 937 786 956 τι,
803 949 811 964 ‚

845 924 937 965 quod
962 923 1064 956 codd
1090 923 1251 966 permulti
1277 922 1478 964 suppedita-

106 977 202 1013 runt,
237 972 341 1014 vuigo
373 971 648 1005 desiderabatur.
699 960 924 1004 Heindorrius
959 962 1155 1003 inseruerat
1192 968 1236 1002 de
1261 969 1477 1002 coniectura.

108 1018 209 1051 Bodi.
237 1021 300 1049 τῶι
325 1016 389 1060 τρό
394 1030 474 1050 πωι.

197 1063 361 1106 &Sangam
399 1061 504 1105 λόγο
517 1061 558 1106 υ]
595 1061 694 1096 Vind.
723 1062 751 1097 l.
778 1059 809 1095 6.
836 1063 906 1094 ΦΓ.
937 1061 1057 1104 ἐξαιρῶ
1083 1063 1150 1093 τοῦ
1174 1057 1294 1104 λόγου.
1342 1059 1477 1103 Perpe-

106 1120 179 1143 ram
205 1110 308 1151 vulgo
331 1108 467 1150 ἐξαίρω.

197 1154 271 1187 καὶ
295 1154 340 1186 τὸ
368 1152 536 1192 simod:
561 1152 674 1196 σημ]
700 1151 739 1185 τὸ
768 1162 838 1188 om.
865 1152 957 1187 Flor.
985 1163 1014 1185 c.

105 1248 187 1280 bete
222 1245 379 1279 familiari
422 1256 486 1278 suo
535 1245 757 1278 arbitraretur

104 1293 281 1334 προαφίστ
285 1295 415 1333 ασθαι,
441 1304 519 1335 πριν
537 1291 579 1322 ἂν
597 1293 756 1332 παιιῖτιιχῖ

103 1342 236 1371 σκοπῶν
259 1336 385 1394 απείπῃ
410 1350 475 1378 τις,
500 1349 591 1370 πανυ
610 1336 756 1380 μαλθα-

103 1388 166 1416 κοῦ
190 1383 279 1416 εἶιαι
301 1381 364 1415 αἰδ
368 1382 441 1426 ρός.
491 1383 565 1416 Vita
591 1383 755 1416 Simmiae

104 1435 160 1463 est
181 1429 273 1472 apud
300 1429 422 1471 Diog.
450 1429 594 1463 laert.
621 1429 663 1463 ΙΙ.
692 1427 756 1463 124

103 1487 169 1518 sq..
195 1476 251 1508 ubi
276 1480 434 1507 narratur
450 1475 567 1517 viginti
589 1479 659 1507 tres
681 1474 756 1506 dia—

102 1523 206 1564 logos
228 1531 297 1554 uno
323 1521 494 1554 volumine
529 1519 756 1563 comprehen-

105 1578 164 1600 sos
190 1567 384 1608 scripsisse.

136 1611 193 1646 Oa}
222 1611 417 1654 πόλεμόν
441 1623 485 1654 γε
510 1609 753 1654 ἀγγέλλεις]

104 1658 221 1693 Schoi.
246 1657 301 1689 ἐπὶ
325 1660 394 1690 τῶν
420 1656 543 1699 ἀγαθὰ
569 1655 755 1699 ἀγγελλόν-

104 1716 182 1738 των.
213 1702 373 1747 ἐμνήσθη
404 1702 534 1745 ταύτης
564 1703 624 1734 καὶ
648 1703 682 1734 ἐν
707 1705 752 1746 τῷ

104 1752 211 1791 τρίτῳ
238 1753 303 1781 τῶν
327 1747 469 1791 Νόμων.
507 1750 560 1791 (p.
585 1747 663 1782 702.
691 1748 751 1790 Β.)

102 1796 198 1828 luter
227 1794 357 1837 Adagia
389 1794 506 1827 retuiit
535 1795 750 1827 Erasmus

102 1853 137 1884 p.
169 1840 249 1875 527.
311 1841 430 1874 Paullo
474 1844 554 1873 ante
592 1840 752 1873 advertas

103 1887 394 1920 constructionem
411 1886 617 1920 verborum:
642 1886 753 1924 δοκεῖς

103 1931 221 1969 αἴτιός
243 1944 303 1974 μοι
318 1934 531 1976 γεγενῆσθαι
555 1930 666 1973 λόγῳ
693 1945 754 1963 τι·-

104 1978 143 2010 ι·ὶ
166 1977 332 2020 ῥηθῆναι.
386 1979 579 2020 Compares
594 1978 754 2020 Reipubi.

102 2025 164 2058 ΙΙΙ.
179 2035 210 2067 p.
221 2023 299 2060 407.
321 2023 362 2059 C.
386 2022 421 2066 (ἡ
449 2023 650 2066 φιλοσοφία)
674 2022 755 2064 ἀρε-

104 2073 147 2111 τῇ
185 2069 370 2102 ἀσκεῖσθαι
407 2069 464 2100 καὶ
504 2068 756 2110 δοκιμάζεσθαι

105 2114 215 2159 πάντῃ
240 2114 420 2158 ἐμπόδιος.
443 2114 530 2148 Ιὺίἀ.
546 2115 605 2148 lV.
625 2125 657 2157 p.
676 2114 757 2149 437.

104 2162 149 2196 -Β,
166 2162 206 2193 τὸ
225 2161 392 2204 ἐφίεσθαί
407 2171 501 2196 τινος
518 2161 643 2201 λαβεῖν.
670 2160 754 2195 lbid.

104 2205 234 2249 p·.443
256 2207 298 2242 B.
329 2206 443 2243 εὐθὺς
478 2204 666 2249 ἐρχόμενοι
695 2209 757 2247 τῆς

108 2250 238 2289 πόλεως
261 2252 405 2291 οἰκίζειν.
429 2252 539 2294 Gorg.
563 2263 596 2294 p
616 2251 693 2286 513.
715 2252 756 2285 Ε.

106 2293 168 2339 ἆρ’
203 2301 268 2330 οὖν
299 2297 408 2335 ου’τως
430 2298 660 2340 ἐπιχειρητέον
684 2297 756 2330 ἐστι

108 2346 150 2383 τῇ
174 2342 273 2376 πόλει
293 2357 355 2376 ιιιιι
377 2346 453 2379 τοῖς
472 2344 630 2382 πολίταις
646 2347 755 2386 θερα-

108 2386 239 2429 nedem,
267 2389 322 2422 ubi
351 2390 576 2431 exspectabas
602 2403 667 2429 την
690 2388 756 2421 πό-

109 2433 162 2464 λιν
201 2433 257 2465 καὶ
289 2433 374 2471 τοὺς
406 2435 559 2472 πολίτας.
607 2434 754 2478 Reip.1.

108 2491 141 2522 p.
151 2478 230 2513 342.
246 2479 357 2512 ἸΒΑΗ.
369 2479 490 2521 p.416.
502 2482 542 2515 A.
566 2481 753 2523 Legg.1.p.

107 2524 188 2560 626.
209 2525 251 2558 Ι).
271 2525 344 2559 Vll.
368 2536 399 2567 p.
419 2525 499 2560 790.
516 2527 555 2559 C.
575 2527 708 2560 Criton.
721 2537 754 2568 p.

107 2569 164 2606 52.
198 2571 239 2605 Β.
300 2569 468 2604 Nimirum
512 2582 619 2614 saepe
656 2582 756 2605 casus

108 2616 271 2657 nominis,
309 2616 365 2657 qui
398 2626 441 2650 ex
475 2616 639 2650 infinitivo
672 2628 757 2660 peu-

109 2662 193 2696 dere
225 2661 416 2701 debebant,
445 2664 646 2696 attractione
680 2674 757 2697 ver-

109 2709 154 2742 bo
178 2708 270 2743 finito
300 2707 613 2742 accommodantur.
661 2709 756 2743 Idem

791 2092 800 2094 -
820 2075 916 2109 (teat,

826 1244 1006 1287 participio
1039 1241 1263 1276 vindicandus
1294 1253 1376 1275 usus
1406 1248 1474 1283 est,

824 1301 929 1332 quem
965 1290 1024 1322 viri
1056 1289 1149 1322 docti
1188 1299 1255 1321 non
1286 1290 1370 1322 satis
1396 1299 1476 1332 per-

824 1341 1000 1379 ceperunt.
1027 1335 1235 1378 Sopiioci.
1263 1334 1390 1369 Electr.
1418 1335 1473 1369 47.

822 1382 961 1425 ἄγγελλε
994 1380 1085 1424 ὅρκῳ
1117 1381 1340 1424 προς-τιθείς,
1380 1380 1475 1423 quod

824 1429 961 1471 proprie
994 1438 1074 1461 esse
1106 1427 1258 1460 debebat
1285 1425 1390 1470 ὅρκον
1416 1438 1474 1468 πρ.

825 1475 893 1508 Qui
925 1484 1005 1507 usus
1043 1473 1142 1506 iatius
1173 1473 1301 1513 serpsit
1328 1473 1365 1505 in
1397 1473 1475 1505 tali-

824 1520 904 1553 bus:
933 1519 1093 1561 Antigon.
1119 1518 1174 1553 24.
1202 1518 1384 1551 Ἐτεοκλέα
1415 1520 1477 1562 μὲν

821 1584 867 1590 -
892 1564 954 1598 οὖν
985 1565 1058 1608 δίκῃ
1088 1564 1259 1607 χρησθεὶς
1289 1564 1405 1605 δικαίᾳ
1432 1580 1475 1588 --

821 1612 976 1654 ἔκρυψεν.
991 1610 1023 1643 X
1034 1620 1078 1643 en
1091 1620 1111 1642 ο
1121 1621 1141 1652 p
1154 1609 1184 1644 h.
1201 1610 1327 1652 Cyrop.
1338 1610 1363 1642 1.
1375 1609 1475 1650 6,33.

868 1656 913 1689 τό
954 1654 1198 1698 δαιμόνιόν
1238 1667 1284 1688 τε
1319 1655 1390 1687 καὶ
1424 1654 1471 1687 τὸ

824 1701 988 1740 εἰωθὸς
1013 1705 1194 1745 σημεῖον
1219 1701 1286 1744 —]
1318 1700 1366 1733 Τὸ
1396 1700 1475 1733 δαι-

821 1747 946 1790 μόνιον
964 1758 1068 1790 quum
1085 1747 1176 1790 apud
1196 1747 1378 1780 Platonem
1398 1746 1471 1779 fere

819 1794 1025 1828 adiectivum
1052 1804 1130 1827 esse
1155 1792 1324 1833 videatur,
1349 1802 1471 1834 quem-

820 1840 1007 1873 admodum
1040 1840 1143 1873 etiam
1175 1839 1334 1871 Cicero
1356 1838 1472 1877 ‚intel-

818 1887 905 1920 lexit
929 1886 980 1919 De
1004 1886 1114 1919 Divin.
1145 1885 1171 1919 Ι.
1197 1883 1252 1919 54.
1280 1894 1382 1917 esse
1410 1883 1471 1915 di-

821 1933 969 1967 vinum
994 1929 1345 1973 quiddam,quod
1371 1929 1472 1962 dae-

815 1978 1006 2012 monium
1026 1978 1243 2020 appeHat,
1267 1975 1333 2008 cui
1359 1985 1472 2007 sem-

820 2034 898 2067 per
931 2027 1106 2067 pareat‚
1138 2022 1238 2055 facile
1270 2021 1369 2054 alicui
1397 2022 1471 2062 pia-

955 2068 1048 2111 quod
1087 2069 1245 2101 Aetius
1293 2070 1472 2108 postrema

821 2116 974 2149 editione
999 2125 1042 2147 ex
1066 2114 1144 2147 cod.
1170 2113 1261 2146 Flor.
1287 2113 1317 2145 C
1354 2122 1473 2144 susce-

822 2162 872 2204 pit
905 2161 965 2192 καὶ
1002 2159 1131 2197 εἰωθὸς
1166 2161 1325 2200 σημεῖον,
1370 2157 1472 2190 sicuti

824 2208 875 2240 De
899 2206 1049 2248 Repubi.
1076 2205 1132 2239 Vl.
1158 2216 1191 2247 p.
1211 2203 1289 2238 496.
1317 2202 1359 2237 C.
1385 2204 1472 2245 iegi—

822 2258 877 2285 tur
922 2251 962 2283 τὸ
1005 2249 1190 2292 δαιμόνιον
1226 2252 1388 2292 σημεῖον,
1437 2253 1472 2281 et

820 2296 1030 2341 Euthydem.
1049 2306 1082 2338 p.
1098 2295 1177 2331 272.
1198 2295 1239 2328 E.
1273 2296 1403 2336 ἐγένετο
1429 2307 1469 2326 τυ

821 2343 954 2380 εἰωθὸς
1001 2345 1142 2384 σημεῖον
1188 2340 1229 2373 τό
1279 2338 1473 2383 δαιμόνᾚιον

822 2388 954 2431 Tiieag.
974 2398 1006 2430 p.
1021 2388 1096 2423 129.
1116 2388 1156 2422 B.
1182 2389 1297 2430 γέγονε
1320 2385 1386 2429 γάρ
1410 2399 1474 2429 μοι

822 2433 862 2466 τὰ
890 2433 1022 2470 εἰωθὸς
1044 2437 1185 2477 σημεῖον
1209 2431 1249 2465 τὸ
1276 2431 1475 2475 δαιμόνιον.

823 2479 897 2513 Nec
922 2484 1036 2512 tamen
1071 2480 1126 2512 uni
1152 2479 1200 2513 illi
1224 2478 1311 2511 libro
1336 2481 1472 2511 tautum

824 2525 1013 2566 tribuerim,
1037 2529 1078 2558 ut
1100 2528 1293 2558 ceterorum
1320 2524 1474 2556 omnium

825 2572 1015 2604 auctoritas
1034 2570 1121 2604 nihili
1140 2570 1355 2609 aestimetur,
1370 2579 1474 2612 ,prae-

826 2617 947 2649 sertim
978 2626 1084 2659 quum
1113 2616 1215 2650 lectio
1246 2616 1386 2657 vulgata
1413 2614 1474 2646 ha-

827 2664 908 2695 beat
930 2672 997 2704 quo
1022 2673 1060 2695 se
1089 2664 1170 2695 satis
1199 2665 1346 2694 tueatur.
1387 2660 1474 2693 Nam

828 2709 975 2752 primum
1020 2708 1160 2751 quidem
1203 2707 1242 2740 τὸ
1283 2704 1474 2748 δαιμόνιον.
