1687 2969
382 138 794 184 PHAEDRUS.
823 139 871 180 P.
904 140 983 180 274
1015 136 1077 180 St.
1331 136 1410 176 205

57 277 177 316 γεται
211 257 568 318 ἁποᾳησασθαι,
615 255 642 300 εὶ
681 255 810 310 λόγος
841 253 980 305 πολὺς
1013 252 1069 297 ἀν
1105 254 1168 307 εἰη
1203 255 1412 296 διελθεῖν.

56 325 200 380 ἐπειδὴ
237 328 299 369 δὲ
316 329 384 369 ἐπι
420 333 513 376 τοῖς
547 324 801 403 γραιιμασιν
836 317 903 376 ἦν,
936 323 1079 364 Ίοῦτο
1119 324 1184 371 δέ,
1221 314 1251 362 ὦ
1287 323 1413 377 βασι-

55 397 141 446 λεῦ,
176 392 226 437 τὸ
245 392 457 450 μα’θηιια,
481 396 564 452 ἔφη
593 391 615 436 ὁ
643 391 783 441 Θεύθ,
819 395 1094 449 σοφωτέρους
1134 391 1217 443 Al)
1222 391 1404 438 υητιους

54 464 128 505 καὶ
163 467 570 518 μνημονικωτερους
607 458 804 516 παρέξει·
840 454 1013 513 μνήμης
1050 473 1094 498 τε
1127 454 1211 512 γάρ
1232 459 1303 498 καὶ
1343 471 1416 498 σο-

54 533 161 586 φίας
204 528 444 586 φάρμακον
489 525 667 583 εὑρέθη.
712 524 734 569 ὁ
781 523 817 568 δ’
860 522 995 568 εἶπεν·
1026 516 1086 566 τ,Ω
1125 522 1404 579 τεχνικώτατε

59 596 199 645 Θεύθ,
235 595 369 645 ἄλλος
410 596 490 651 μὲν
537 602 674 637 τεκεῖν
711 590 898 642 δυνατὸς
935 608 989 633 τα
1027 593 1105 643 τῆς
1140 597 1302 646 τέχνης,
1338 587 1416 632 ἄλ-

55 666 132 713 λος
167 665 211 706 δὲ
252 670 420 719 κρῖναι,
470 660 555 705 τίν’
607 665 688 716 ἔχει
723 669 884 716 ιιοῖυαν
919 657 1088 714 βλάβης
1118 675 1161 701 τε
1198 661 1270 700 καὶ
1304 656 1416 714 dufe—

54 733 170 780 λείας
207 738 300 780 τοῖς
335 731 537 785 μέλλουσι
578 730 794 784 χοῆσθαι.
839 745 911 769 και
958 729 1036 768 νῦν
1073 724 1137 776 σύ,
1174 722 1321 780 πατὴο
1357 721 1417 765 ὢν
1449 731 1457 740 “

53 796 348 853 γραμμάτων,
393 795 439 839 δι’
482 794 662 839 εὔνοιαν
702 794 966 838 τούναντίον
1004 791 1116 843 εἶπες
1152 811 1175 844 η
1215 791 1416 835 δύναται.

57 867 190 908 τοῦτο
226 862 311 921 γὰρ
349 866 436 906 τῶν
470 864 720 919 μαθόντων
758 862 910 915 λήθην
945 863 1023 916 μὲν
1060 866 1104 902 ἐν
1134 868 1298 919 ψυχαῖς
1334 876 1418 901 πα-

57 1018 154 1050 Parr.
179 1017 396 1059 aliorumque
421 1017 596 1049 librorum.
645 1016 798 1048 Indidem
833 1020 1023 1049 correctum
1062 1014 1155 1057 quod
1182 1014 1342 1055 deinceps
1369 1014 1419 1045 le-

55 1064 202 1106 gebatur
227 1064 328 1094 δοκεῖ.

145 1109 185 1141 Ε.
216 1108 315 1152 περὶ
339 1106 525 1148 ἑκάστης
550 1111 625 1148 τῆς
650 1107 828 1148 τέχνης]
873 1107 963 1141 Flor.
994 1110 1033 1139 θ.
1062 1112 1095 1139 et
1125 1106 1215 1139 Mon.
1243 1116 1312 1137 om.
1348 1108 1418 1144 τῆς,

144 1166 330 1198 μνημον.
356 1153 550 1196 παρέξει]
580 1153 719 1195 παρέξοι
747 1153 846 1185 Bodl.
868 1154 953 1185 Vind
995 1153 1024 1185 4.

1053 1154 1084 1185 7.
1114 1153 1216 1187 Flor..
1237 1163 1269 1192 gr.
1296 1150 1324 1184 Ιι.
1343 1151 1418 1182 Vat.

54 1201 138 1234 Ven.
166 1200 205 1234 ΙΙ.
232 1201 310 1233 Par.
338 1199 476 1233 DNOP.
509 1204 543 1232 et
576 1210 663 1233 corr.
702 1199 738 1231 F.
774 1199 929 1240 παρέξειν
964 1199 1145 1231 Z‘DBCEr.
1174 1203 1209 1230 et
1235 1208 1282 1239 pr.
1315 1197 1418 1230 Coisl.

53 1247 137 1280 item
163 1245 260 1280 Vind.
290 1247 317 1280 l.
343 1245 373 1279 3.
401 1246 432 1279 6.
461 1245 556 1278 Flor.
584 1254 615 1279 a.
642 1246 673 1280 b.
700 1256 727 1278 c.
756 1246 775 1279 i.
809 1246 922 1278 Recte
954 1247 1089 1289 παρέξει
1116 1245 1196 1277 Par.
1223 1243 1265 1276 T.
1294 1253 1341 1286 pr.
1372 1253 1415 1275 m.

53 1359 161 1400 ἐσμέν.
211 1359 264 1390 De
289 1358 377 1401 Rep.
404 1358 459 1393 Vl.
493 1369 523 1400 p.
557 1357 635 1392 490.
662 1359 700 1392 D.

53 1405 110 1436 ἐπὶ
133 1403 246 1444 τούτῳ
273 1408 332 1435 νῦν
357 1403 563 1447 γεγόναμεν,
587 1405 643 1436 ubi
672 1415 701 1438 v,

53 1454 170 1485 annot.
198 1450 269 1484 vu.
296 1461 328 1493 p.
355 1451 430 1485 532.
452 1451 498 1482 C.

101 1495 266 1540 μνήμης
291 1513 333 1520 -
367 1494 623 1540 φάρμακον]
667 1497 706 1528 V.

55 1542 98 1574 ad
132 1552 165 1584 p.
200 1542 277 1576 230.
313 1542 350 1576 D.
400 1542 535 1574 Eodem
562 1553 703 1584 prorsus

57 1588 161 1620 modo
189 1587 428 1629 Euripides
460 1588 491 1619 in
520 1588 703 1620 Palamede

57 1633 98 1668 T.
133 1633 191 1666 lX.
230 1644 262 1676 p.
300 1632 379 1666 246.
413 1632 465 1665 ed.
508 1633 628 1665 Matth.
662 1633 702 1665 τὰ

57 1677 248 1722 γράμματα
281 1680 432 1722 appellat
466 1677 580 1720 λήθης
615 1692 704 1722 φαρ-

85 1738 164 1760 mm,

56 1740 80 1768 μ
104 1771 144 1805 Ρ.
177 1770 254 1804 275.
304 1766 362 1801 ὃι)
409 1767 583 1800 εὔνοιαν
631 1772 701 1807 —1

57 1817 224 1849 inventi
257 1816 319 1848 tui
352 1826 496 1848 amore
528 1819 703 1858 captus.

57 1862 143 1895 Dein
178 1861 276 1894 facile
309 1861 428 1903 aliquis
460 1861 611 1902 requirat
635 1860 658 1902 ἤ
684 1859 704 1893 3

58 1906 214 1940 δύναται.
265 1906 336 1940 Sed
376 1917 442 1939 non
475 1917 561 1949 opus
591 1911 703 1940 muta——

56 1955 162 1987 tione.
189 1953 317 1986 Phileb.
351 1963 384 1995 p.
425 1952 480 1987 35.
507 1955 546 1987 A.
579 1954 703 1985 ἐπιθυ-

55 2003 114 2042 μεῖ
145 2001 212 2031 τῶν
243 1999 401 2030 ἐναντίων
433 1997 453 2040 ἢ
485 1997 626 2040 πάσχει,
661 1999 704 2031 ad

56 2055 157 2087 quem
188 2046 300 2077 locum
327 2055 357 2076 v.
373 2054 448 2077 ann
467 2044 700 2087 Euthypllron

57 2102 88 2124 c.
120 2091 169 2124 13.
195 2101 228 2133 p.
254 2090 307 2124 12.
335 2092 373 2122 A.
400 2092 440 2122 A.
467 2090 547 2132 λέγω
570 2090 637 2132 γὰρ
662 2090 700 2132 ὁ»)

57 2136 96 2168 τὸ
131 2138 186 2168 ἕνα
193 2134 330 2168 ulma*
308 2150 326 2177 η
363 2133 381 2166 ἇ
415 2135 564 2177 ποιητὴς
589 2137 706 2177 ἐποίη-

59 2194 134 2224 uzu,
167 2182 223 2214 ubi
257 2181 384 2214 frustra
417 2183 602 2214 tentaveris
640 2182 660 2223 J
687 2180 707 2213 δ’

59 2226 76 2258 ὁ
115 2226 275 2269 noan-tic.
316 2227 435 2269 Symp.
480 2239 511 2270 p.
554 2227 628 2261 173.
668 2231 707 2261 A.

59 2273 110 2305 De
133 2273 222 2315 Rep.
249 2273 273 2308 1.
299 2284 331 2316 p.
352 2272 430 2308 334.
457 2276 496 2308 A.
546 2274 708 2306 Ceterum

59 2317 234 2351 δύνασθαί
263 2332 298 2350 τι
327 2323 379 2352 est
409 2319 581 2361 aliquid
608 2319 708 2352 effi—

61 2374 163 2397 cere
188 2374 343 2406 posse,
369 2364 419 2397 ad
445 2365 614 2406 aliquid
641 2376 709 2397 va-

59 2411 164 2442 lere.
190 2409 319 2443 Phileb.
348 2420 381 2452 p.
408 2409 463 2444 23.
489 2410 530 2444 Ε.
549 2414 619 2451 μῶν
646 2406 710 2442 οὖν

60 2467 116 2487 σοι
143 2454 199 2486 καὶ
224 2458 376 2498 πέμπτον
402 2456 606 2498 προςδεήσει
630 2455 706 2488 διά-

58 2501 169 2545 κρισίν
199 2512 289 2538 τινος
333 2501 542 2544 δυναμένοιι;
598 2502 707 2544 Gorg.

60 2558 91 2589 p.
119 2545 197 2580 453.
233 2551 292 2586 A.
327 2546 384 2578 ubi
414 2557 445 2580 v.
478 2551 591 2581 annot.
629 2549 706 2581 coll.

59 2591 284 2625 Matthiae
316 2591 359 2624 ad
391 2591 509 2635 Eurip.
545 2593 640 2628 Med.
674 2604 705 2636 p.

60 2637 139 2672 443.
164 2637 237 2670 Nisi
257 2636 346 2670 forte
364 2635 520 2671 hocloco
543 2639 708 2682 λέγεσθαι

61 2683 248 2725 intelligere
273 2682 442 2716 malueris.

107 2731 241 2761 τοῦτο
266 2727 346 2773 γάρ
370 2727 435 2771 —]
468 2727 552 2761 κατὰ
578 2727 708 2762 σύνεσιν

771 1358 919 1391 dictum:
954 1359 1073 1391 istud
1111 1359 1332 1390 inventum
1357 1360 1419 1387 tu-

771 1415 855 1445 um3
904 1405 1043 1443 istud,
1093 1403 1208 1445 quod
1261 1402 1420 1434 literas

771 1452 998 1483 invenisti.
1028 1451 1151 1491 iungas
1179 1453 1291 1481 autern
1316 1447 1420 1480 verba

772 1496 858 1529 hunc
882 1499 912 1529 in
940 1497 1100 1529 modum:
1128 1499 1237 1527 τοῦτο
1264 1492 1329 1538 γὰο
1353 1506 1420 1524 τια-

772 1547 825 1585 ρέζ
829 1555 856 1573 n
889 1542 1004 1584 λήθην
1040 1546 1097 1584 μὲι
1131 1543 1164 1573 ἐν
1200 1543 1336 1593 ψυχαῖς
1354 1542 1421 1571 τῶν

771 1587 964 1630 μιθόνιων
1010 1587 1216 1630 αμε).ετησι’ᾳ
1268 1584 1418 1628 μνήμης.

773 1635 891 1675 ltaque
929 1635 1090 1676 deinceps
1123 1644 1224 1675 quum
1257 1632 1321 1664 dici
1358 1630 1420 1663 de-

771 1681 882 1712 buerit
897 1681 959 1712 sic:
988 1679 1046 1711 ἁτε
1065 1699 1108 1703 ——
1126 1679 1420 1720 ἀναμιμνησκομέ-

772 1739 787 1756 v
799 1739 822 1757 ω
833 1740 846 1756 ν
856 1751 865 1765 ,
886 1727 1099 1758 accusativus
1112 1725 1252 1758 infertur
1264 1734 1324 1765 per
1337 1734 1418 1755 ana-

773 1772 975 1811 columniam,
1011 1772 1150 1814 perinde
1183 1781 1224 1803 ac
1258 1771 1284 1801 si
1318 1773 1419 1802 antea

771 1822 935 1860 scriptum
963 1818 1090 1851 suerit:
1127 1820 1236 1848 τοῦτο
1261 1814 1326 1858 γὰρ
1354 1828 1418 1847 ηα-

771 1863 854 1905 ρέΞει
878 1863 960 1899 τοὺς
976 1863 1164 1906 μαθόντας
1186 1863 1418 1894 ἐπιλανθανο-

771 1914 901 1951 μένους,
953 1910 1001 1942 De
1033 1920 1070 1941 re
1104 1910 1178 1951 ipsa
1213 1907 1302 1941 conf.
1348 1906 1418 1944 Jul.

772 1954 870 1992 Gaes.
901 1956 985 1990 Bell.
1012 1956 1102 1988 Gall.
1132 1955 1186 1988 VI.
1219 1965 1246 1986 c.
1279 1953 1329 1988 14.
1357 1954 1418 1986 De

773 2001 1030 2034 Druidibus:
1062 2001 1178 2043 quod
1219 2010 1315 2038 eos,
1347 2000 1416 2041 qui

773 2047 969 2088 discant,
1027 2047 1169 2079 literis
1218 2045 1418 2078 confisos

773 2091 1420 2125 nolintminusmemoriaestu-

774 2138 896 2179 dere;
938 2140 1028 2180 quod
1061 2138 1154 2170 fere
1191 2137 1420 2178 plerisque

775 2184 958 2223 accidit,
985 2189 1029 2216 ut
1062 2182 1288 2226 praesidio
1319 2182 1420 2214 lite-

777 2240 918 2262 rarum
949 2229 1227 2271 diligentiam
1265 2228 1303 2259 in
1330 2238 1420 2269 per-

777 2275 989 2308 discendo
1014 2286 1063 2307 ac
1089 2273 1335 2306 memoriam
1360 2284 1421 2306 re-

777 2321 967 2353 mittant.
1010 2319 1156 2357 uuintil.
1191 2320 1421 2354 Institutt.

776 2366 844 2398 Xl.
879 2366 910 2400 2.
938 2366 968 2401 9.
997 2366 1271 2407 Quamquam
1304 2366 1423 2397 inve-

777 2412 847 2444 nio
904 2411 1013 2454 apud
1065 2413 1295 2444 Platonem
1351 2412 1423 2444 ob—

777 2462 898 2491 stare
930 2459 1174 2491 memoriae
1214 2467 1332 2490 usum
1375 2457 1423 2490 li-

776 2511 994 2545 terarum,
1037 2503 1258 2537 videlicet
1306 2502 1423 2545 quod

776 2549 875 2589 illa,
914 2559 1026 2591 quae
1065 2549 1255 2591 scriptis
1297 2558 1424 2591 repo-

776 2595 963 2635 suimus,
1007 2595 1151 2628 veluti
1196 2593 1426 2627 custodire

777 2639 1029 2673 desinimus
1069 2646 1114 2674 et
1143 2640 1234 2682 ipsa
1266 2639 1424 2673 securi-

776 2689 870 2718 tate
901 2686 1177 2720 dimittimus,
1204 2684 1292 2722 Plin.
1314 2684 1425 2727 Epist.

777 2730 834 2765 IX.
866 2730 928 2773 18,
953 2733 985 2767 2.
1020 2732 1171 2766 Senec.
1198 2731 1261 2773 Ep.
1287 2730 1344 2771 88,
1369 2729 1416 2764 28
