<?xml version="1.0" encoding="UTF-8"?>
<!DOCTYPE html PUBLIC "-//W3C//DTD XHTML 1.0 Transitional//EN"
    "http://www.w3.org/TR/xhtml1/DTD/xhtml1-transitional.dtd">
<html xmlns="http://www.w3.org/1999/xhtml" xml:lang="en" lang="en">
 <head>
  <title>
</title>
<meta http-equiv="Content-Type" content="text/html;charset=utf-8" />
  <meta name='ocr-system' content='tesseract 3.04.00' />
  <meta name='ocr-capabilities' content='ocr_page ocr_carea ocr_par ocr_line ocrx_word'/>
</head>
<body>
  <div class='ocr_page' id='page_1' title='image "./n1operaomniarecens04platuoft/n1operaomniarecens04platuoft_0712.png"; bbox 0 0 1687 2969; ppageno 0'>
   <div class='ocr_carea' id='block_1_1' title="bbox 214 193 1003 233">
    <p class='ocr_par' dir='ltr' id='par_1_1' title="bbox 214 193 1003 233">
     <span class='ocr_line' id='line_1_1' title="bbox 214 193 1003 233; baseline -0.003 -1"><span class='ocrx_word' id='word_1_1' title='bbox 214 198 294 233; x_wconf 84' lang='grc'><strong>314</strong></span> <span class='ocrx_word' id='word_1_2' title='bbox 741 193 949 231; x_wconf 84' lang='lat' dir='ltr'>PLATON</span> <span class='ocrx_word' id='word_1_3' title='bbox 953 193 1003 231; x_wconf 87' lang='lat' dir='ltr'><strong>IS</strong></span> 
     </span>
    </p>
   </div>
   <div class='ocr_carea' id='block_1_2' title="bbox 211 299 1616 1202">
    <p class='ocr_par' dir='ltr' id='par_1_2' title="bbox 211 299 1616 1202">
     <span class='ocr_line' id='line_1_2' title="bbox 211 299 1558 356; baseline -0.001 -13"><span class='ocrx_word' id='word_1_4' title='bbox 211 304 301 356; x_wconf 81' lang='grc' dir='ltr'><em>ήκει</em></span> <span class='ocrx_word' id='word_1_5' title='bbox 325 303 491 343; x_wconf 84' lang='grc' dir='ltr'><em>τούτων</em></span> <span class='ocrx_word' id='word_1_6' title='bbox 514 304 656 354; x_wconf 77' lang='grc' dir='ltr'><em>ἄρχειν</em></span> <span class='ocrx_word' id='word_1_7' title='bbox 683 303 832 341; x_wconf 79' lang='grc' dir='ltr'><em>πασῶν</em></span> <span class='ocrx_word' id='word_1_8' title='bbox 860 304 946 341; x_wconf 78' lang='grc' dir='ltr'><em>τῶν</em></span> <span class='ocrx_word' id='word_1_9' title='bbox 973 302 1132 353; x_wconf 77' lang='grc' dir='ltr'><em>τεχνῶν</em></span> <span class='ocrx_word' id='word_1_10' title='bbox 1160 299 1229 341; x_wconf 81' lang='grc' dir='ltr'><strong>καὶ</strong></span> <span class='ocrx_word' id='word_1_11' title='bbox 1258 304 1441 353; x_wconf 79' lang='grc' dir='ltr'><em>χρῆσθαι</em></span> <span class='ocrx_word' id='word_1_12' title='bbox 1469 304 1558 349; x_wconf 87' lang='grc' dir='ltr'><em>τοῖς</em></span> 
     </span>
     <span class='ocr_line' id='line_1_3' title="bbox 211 363 1616 419; baseline 0.001 -11"><span class='ocrx_word' id='word_1_13' title='bbox 211 369 375 409; x_wconf 88' lang='grc' dir='ltr'><em>τούτων</em></span> <span class='ocrx_word' id='word_1_14' title='bbox 413 365 552 419; x_wconf 72' lang='grc' dir='ltr'><em>ἔργοις</em></span> <span class='ocrx_word' id='word_1_15' title='bbox 590 366 659 407; x_wconf 78' lang='grc' dir='ltr'><em>διὰ</em></span> <span class='ocrx_word' id='word_1_16' title='bbox 696 368 742 407; x_wconf 89' lang='grc' dir='ltr'><strong>τὸ</strong></span> <span class='ocrx_word' id='word_1_17' title='bbox 779 365 933 406; x_wconf 82' lang='grc' dir='ltr'><em>εἰδέναι</em></span> <span class='ocrx_word' id='word_1_18' title='bbox 973 363 995 406; x_wconf 86' lang='grc' dir='ltr'><em>ὅ</em></span> <span class='ocrx_word' id='word_1_19' title='bbox 1033 381 1071 406; x_wconf 85' lang='grc' dir='ltr'><em>τι</em></span> <span class='ocrx_word' id='word_1_20' title='bbox 1098 364 1146 406; x_wconf 90' lang='grc' dir='ltr'><strong>τὸ</strong></span> <span class='ocrx_word' id='word_1_21' title='bbox 1175 364 1356 418; x_wconf 85' lang='grc' dir='ltr'><em>χρηστὸν</em></span> <span class='ocrx_word' id='word_1_22' title='bbox 1385 366 1455 406; x_wconf 84' lang='grc' dir='ltr'><strong>καὶ</strong></span> <span class='ocrx_word' id='word_1_23' title='bbox 1482 380 1556 408; x_wconf 86' lang='grc' dir='ltr'><strong>πο·</strong></span> <span class='ocrx_word' id='word_1_24' title='bbox 1612 405 1616 409; x_wconf 94' lang='grc'><em>.</em></span> 
     </span>
     <span class='ocr_line' id='line_1_4' title="bbox 211 426 1555 486; baseline -0.001 -13"><span class='ocrx_word' id='word_1_25' title='bbox 211 433 344 486; x_wconf 85' lang='grc' dir='ltr'><em>νηρὸν</em></span> <span class='ocrx_word' id='word_1_26' title='bbox 383 434 468 472; x_wconf 80' lang='grc' dir='ltr'><em>τῶν</em></span> <span class='ocrx_word' id='word_1_27' title='bbox 507 432 650 472; x_wconf 77' lang='grc' dir='ltr'><em>σιτίων</em></span> <span class='ocrx_word' id='word_1_28' title='bbox 689 428 717 483; x_wconf 79' lang='grc' dir='ltr'><em>ἢ</em></span> <span class='ocrx_word' id='word_1_29' title='bbox 751 433 896 472; x_wconf 78' lang='grc' dir='ltr'><em>ποτῶν</em></span> <span class='ocrx_word' id='word_1_30' title='bbox 934 429 1045 471; x_wconf 82' lang='grc' dir='ltr'><em>ἐστιν</em></span> <span class='ocrx_word' id='word_1_31' title='bbox 1082 430 1140 478; x_wconf 83' lang='grc' dir='ltr'><em>εἰς</em></span> <span class='ocrx_word' id='word_1_32' title='bbox 1169 426 1323 483; x_wconf 72' lang='grc' dir='ltr'><em>ἀρετὴν</em></span> <span class='ocrx_word' id='word_1_33' title='bbox 1352 431 1555 484; x_wconf 83' lang='grc' dir='ltr'><em>σώματος,</em></span> 
     </span>
     <span class='ocr_line' id='line_1_5' title="bbox 211 490 1557 549; baseline -0.001 -11"><span class='ocrx_word' id='word_1_34' title='bbox 211 497 285 546; x_wconf 80' lang='grc' dir='ltr'><em>τὰς</em></span> <span class='ocrx_word' id='word_1_35' title='bbox 325 498 360 538; x_wconf 75' lang='grc' dir='ltr'><strong>δ’</strong></span> <span class='ocrx_word' id='word_1_36' title='bbox 399 500 528 545; x_wconf 79' lang='grc' dir='ltr'><em>ἄλλας</em></span> <span class='ocrx_word' id='word_1_37' title='bbox 555 497 694 545; x_wconf 79' lang='grc' dir='ltr'><em>πάσας</em></span> <span class='ocrx_word' id='word_1_38' title='bbox 722 498 876 544; x_wconf 87' lang='grc' dir='ltr'><em>ταύτας</em></span> <span class='ocrx_word' id='word_1_39' title='bbox 905 490 1101 548; x_wconf 73' lang='grc' dir='ltr'><em>ἀγνοεῖν·</em></span> <span class='ocrx_word' id='word_1_40' title='bbox 1131 496 1196 536; x_wconf 83' lang='grc' dir='ltr'><em>διὸ</em></span> <span class='ocrx_word' id='word_1_41' title='bbox 1225 494 1275 549; x_wconf 79' lang='grc' dir='ltr'><strong>δὴ</strong></span> <span class='ocrx_word' id='word_1_42' title='bbox 1304 494 1376 536; x_wconf 79' lang='grc' dir='ltr'><strong>καὶ</strong></span> <span class='ocrx_word' id='word_1_43' title='bbox 1402 496 1557 544; x_wconf 84' lang='grc' dir='ltr'><em>ταύτας</em></span> 
     </span>
     <span class='ocr_line' id='line_1_6' title="bbox 211 557 1559 621; baseline -0.002 -18"><span class='ocrx_word' id='word_1_44' title='bbox 211 562 289 615; x_wconf 83' lang='grc' dir='ltr'><em>μὲν</em></span> <span class='ocrx_word' id='word_1_45' title='bbox 332 562 636 621; x_wconf 58' lang='grc' dir='ltr'><em>δουλοπρεςτεῖς</em></span> <span class='ocrx_word' id='word_1_46' title='bbox 673 576 715 602; x_wconf 88' lang='grc' dir='ltr'><strong>τε</strong></span> <span class='ocrx_word' id='word_1_47' title='bbox 754 561 823 603; x_wconf 78' lang='grc' dir='ltr'><strong>καὶ</strong></span> <span class='ocrx_word' id='word_1_48' title='bbox 861 561 1106 609; x_wconf 77' lang='grc' dir='ltr'><em>διακονικὰς</em></span> <span class='ocrx_word' id='word_1_49' title='bbox 1141 561 1213 602; x_wconf 83' lang='grc' dir='ltr'><strong>καὶ</strong></span> <span class='ocrx_word' id='word_1_50' title='bbox 1249 557 1559 612; x_wconf 78' lang='grc' dir='ltr'><em>ἀνελευθέρους</em></span> 
     </span>
     <span class='ocr_line' id='line_1_7' title="bbox 213 623 1558 681; baseline -0.001 -13"><span class='ocrx_word' id='word_1_51' title='bbox 213 624 321 668; x_wconf 79' lang='grc' dir='ltr'><em>εἶναι</em></span> <span class='ocrx_word' id='word_1_52' title='bbox 350 627 444 679; x_wconf 83' lang='grc' dir='ltr'><em>περὶ</em></span> <span class='ocrx_word' id='word_1_53' title='bbox 473 623 666 679; x_wconf 79' lang='grc' dir='ltr'><em>σώματος</em></span> <span class='ocrx_word' id='word_1_54' title='bbox 693 627 996 681; x_wconf 74' lang='grc' dir='ltr'><em>πραγματείαν,</em></span> <span class='ocrx_word' id='word_1_55' title='bbox 1025 625 1098 674; x_wconf 77' lang='grc' dir='ltr'><em>τὰς</em></span> <span class='ocrx_word' id='word_1_56' title='bbox 1127 629 1254 674; x_wconf 81' lang='grc' dir='ltr'><em>ἄλλας</em></span> <span class='ocrx_word' id='word_1_57' title='bbox 1281 624 1449 678; x_wconf 78' lang='grc' dir='ltr'><em>τέχνας·</em></span> <span class='ocrx_word' id='word_1_58' title='bbox 1479 625 1558 679; x_wconf 76' lang='grc' dir='ltr'><em>τὴν</em></span> 
     </span>
     <span class='ocr_line' id='line_1_8' title="bbox 213 691 1558 746; baseline -0.001 -12"><span class='ocrx_word' id='word_1_59' title='bbox 213 693 256 734; x_wconf 82' lang='grc' dir='ltr'><strong>δὲ</strong></span> <span class='ocrx_word' id='word_1_60' title='bbox 286 691 577 746; x_wconf 73' lang='grc' dir='ltr'><em>γυμναστικὴν</em></span> <span class='ocrx_word' id='word_1_61' title='bbox 605 691 673 733; x_wconf 81' lang='grc' dir='ltr'><strong>καὶ</strong></span> <span class='ocrx_word' id='word_1_62' title='bbox 704 691 896 744; x_wconf 70' lang='grc' dir='ltr'><em>ἰατρικὴν</em></span> <span class='ocrx_word' id='word_1_63' title='bbox 927 691 1034 732; x_wconf 77' lang='grc' dir='ltr'><em>κατὰ</em></span> <span class='ocrx_word' id='word_1_64' title='bbox 1062 691 1110 732; x_wconf 87' lang='grc' dir='ltr'><strong>τὸ</strong></span> <span class='ocrx_word' id='word_1_65' title='bbox 1139 692 1305 732; x_wconf 82' lang='grc' dir='ltr'><em>δίκαιον</em></span> <span class='ocrx_word' id='word_1_66' title='bbox 1333 692 1558 739; x_wconf 82' lang='grc' dir='ltr'><em>δεσποίνας</em></span> 
     </span>
     <span class='ocr_line' id='line_1_9' title="bbox 213 752 1557 810; baseline -0.002 -11"><span class='ocrx_word' id='word_1_67' title='bbox 213 755 318 799; x_wconf 80' lang='grc' dir='ltr'><em>εἶναι</em></span> <span class='ocrx_word' id='word_1_68' title='bbox 342 759 517 798; x_wconf 88' lang='grc' dir='ltr'><em>τούτων.</em></span> <span class='ocrx_word' id='word_1_69' title='bbox 546 752 678 797; x_wconf 79' lang='grc' dir='ltr'><strong>ταύτὰ</strong></span> <span class='ocrx_word' id='word_1_70' title='bbox 701 753 782 797; x_wconf 75' lang='grc' dir='ltr'><em>οὖν</em></span> <span class='ocrx_word' id='word_1_71' title='bbox 810 760 945 797; x_wconf 88' lang='grc' dir='ltr'><em>ταῦτα</em></span> <span class='ocrx_word' id='word_1_72' title='bbox 975 753 1038 797; x_wconf 81' lang='grc' dir='ltr'><em>ὅτι</em></span> <span class='ocrx_word' id='word_1_73' title='bbox 1068 756 1152 797; x_wconf 78' lang='grc' dir='ltr'><em>ἔστι</em></span> <span class='ocrx_word' id='word_1_74' title='bbox 1180 756 1246 797; x_wconf 82' lang='grc' dir='ltr'><strong>καὶ</strong></span> <span class='ocrx_word' id='word_1_75' title='bbox 1277 756 1371 809; x_wconf 85' lang='grc' dir='ltr'><em>περὶ</em></span> <span class='ocrx_word' id='word_1_76' title='bbox 1399 757 1557 810; x_wconf 68' lang='grc' dir='ltr'><em>ψυχήν,</em></span> 
     </span>
     <span class='ocr_line' id='line_1_10' title="bbox 212 821 1558 876; baseline -0.001 -13"><span class='ocrx_word' id='word_1_77' title='bbox 212 823 304 864; x_wconf 79' lang='grc' dir='ltr'><em>τοτὲ</em></span> <span class='ocrx_word' id='word_1_78' title='bbox 332 822 409 876; x_wconf 83' lang='grc' dir='ltr'><em>μέν</em></span> <span class='ocrx_word' id='word_1_79' title='bbox 439 838 510 874; x_wconf 85' lang='grc' dir='ltr'><em>μοι</em></span> <span class='ocrx_word' id='word_1_80' title='bbox 539 823 677 870; x_wconf 78' lang='grc' dir='ltr'><em>δοκεῖς</em></span> <span class='ocrx_word' id='word_1_81' title='bbox 704 822 944 874; x_wconf 73' lang='grc' dir='ltr'><em>μανθάνειν</em></span> <span class='ocrx_word' id='word_1_82' title='bbox 973 821 1036 862; x_wconf 87' lang='grc' dir='ltr'><em>ὅτι</em></span> <span class='ocrx_word' id='word_1_83' title='bbox 1064 821 1194 874; x_wconf 76' lang='grc' dir='ltr'><em>λέγω,</em></span> <span class='ocrx_word' id='word_1_84' title='bbox 1237 821 1308 863; x_wconf 81' lang='grc' dir='ltr'><strong>καὶ</strong></span> <span class='ocrx_word' id='word_1_85' title='bbox 1337 821 1558 874; x_wconf 78' lang='grc' dir='ltr'><em>ὁμολογεῖς</em></span> 
     </span>
     <span class='ocr_line' id='line_1_11' title="bbox 213 885 1557 940; baseline -0.001 -11"><span class='ocrx_word' id='word_1_86' title='bbox 213 888 268 936; x_wconf 77' lang='grc' dir='ltr'><em>ὡς</em></span> <span class='ocrx_word' id='word_1_87' title='bbox 290 888 411 936; x_wconf 79' lang='grc' dir='ltr'><em>εἰδὼς</em></span> <span class='ocrx_word' id='word_1_88' title='bbox 435 888 457 928; x_wconf 86' lang='grc' dir='ltr'>ὅ</span> <span class='ocrx_word' id='word_1_89' title='bbox 482 903 520 928; x_wconf 92' lang='grc' dir='ltr'><em>τι</em></span> <span class='ocrx_word' id='word_1_90' title='bbox 545 886 626 940; x_wconf 75' lang='grc' dir='ltr'><strong>ἐγὼ</strong></span> <span class='ocrx_word' id='word_1_91' title='bbox 656 886 784 940; x_wconf 80' lang='grc' dir='ltr'><em>λέγω·</em></span> <span class='ocrx_word' id='word_1_92' title='bbox 814 886 928 940; x_wconf 78' lang='grc' dir='ltr'><em>ἥκεις</em></span> <span class='ocrx_word' id='word_1_93' title='bbox 957 886 1000 928; x_wconf 76' lang='grc' dir='ltr'><strong>δὲ</strong></span> <span class='ocrx_word' id='word_1_94' title='bbox 1029 887 1175 939; x_wconf 82' lang='grc' dir='ltr'><em>ὀλίγον</em></span> <span class='ocrx_word' id='word_1_95' title='bbox 1202 886 1381 939; x_wconf 77' lang='grc' dir='ltr'><em>ὕστερον</em></span> <span class='ocrx_word' id='word_1_96' title='bbox 1408 885 1557 940; x_wconf 75' lang='grc' dir='ltr'><em>λέγων,</em></span> 
     </span>
     <span class='ocr_line' id='line_1_12' title="bbox 212 951 1557 1006; baseline -0.001 -12"><span class='ocrx_word' id='word_1_97' title='bbox 212 952 276 994; x_wconf 83' lang='grc' dir='ltr'><em>ὅτι</em></span> <span class='ocrx_word' id='word_1_98' title='bbox 326 955 551 1005; x_wconf 78' lang='grc' dir='ltr'><em>ἅνθρωποι</em></span> <span class='ocrx_word' id='word_1_99' title='bbox 591 951 713 993; x_wconf 75' lang='grc' dir='ltr'><em>καλοὶ</em></span> <span class='ocrx_word' id='word_1_100' title='bbox 752 951 941 1005; x_wconf 71' lang='grc' dir='ltr'><em>κᾶγαθοὶ</em></span> <span class='ocrx_word' id='word_1_101' title='bbox 982 953 1181 1006; x_wconf 87' lang='grc' dir='ltr'><em>γεγόνασι</em></span> <span class='ocrx_word' id='word_1_102' title='bbox 1217 955 1384 993; x_wconf 86' lang='grc' dir='ltr'><em>πολῖται</em></span> <span class='ocrx_word' id='word_1_103' title='bbox 1426 951 1471 993; x_wconf 81' lang='grc' dir='ltr'><em>ἐν</em></span> <span class='ocrx_word' id='word_1_104' title='bbox 1507 958 1557 1005; x_wconf 75' lang='grc' dir='ltr'><strong>τῇ</strong></span> 
     </span>
     <span class='ocr_line' id='line_1_13' title="bbox 212 1016 1559 1071; baseline -0.001 -12"><span class='ocrx_word' id='word_1_105' title='bbox 212 1019 343 1065; x_wconf 79' lang='grc' dir='ltr'><em>πόλει,</em></span> <span class='ocrx_word' id='word_1_106' title='bbox 382 1017 451 1059; x_wconf 80' lang='grc' dir='ltr'><strong>καὶ</strong></span> <span class='ocrx_word' id='word_1_107' title='bbox 479 1016 648 1058; x_wconf 74' lang='grc' dir='ltr'><em>ἐπειδὰν</em></span> <span class='ocrx_word' id='word_1_108' title='bbox 676 1016 758 1070; x_wconf 79' lang='grc' dir='ltr'><strong>ἐγὼ</strong></span> <span class='ocrx_word' id='word_1_109' title='bbox 787 1017 929 1071; x_wconf 72' lang='grc' dir='ltr'><em>ἔρωτι-5</em></span> <span class='ocrx_word' id='word_1_110' title='bbox 958 1018 1122 1067; x_wconf 72' lang='grc' dir='ltr'><em>οἵτινες,</em></span> <span class='ocrx_word' id='word_1_111' title='bbox 1154 1018 1291 1066; x_wconf 82' lang='grc' dir='ltr'><em>δοκεῖς</em></span> <span class='ocrx_word' id='word_1_112' title='bbox 1320 1033 1392 1070; x_wconf 89' lang='grc' dir='ltr'><em>μοι</em></span> <span class='ocrx_word' id='word_1_113' title='bbox 1419 1017 1559 1070; x_wconf 88' lang='grc' dir='ltr'><em>ὁμοιο-</em></span> 
     </span>
     <span class='ocr_line' id='line_1_14' title="bbox 213 1080 1559 1136; baseline -0.001 -12"><span class='ocrx_word' id='word_1_114' title='bbox 213 1085 365 1131; x_wconf 78' lang='grc' dir='ltr'><em>τάτους</em></span> <span class='ocrx_word' id='word_1_115' title='bbox 385 1084 685 1136; x_wconf 75' lang='grc' dir='ltr'><em>προτείνεσθαι</em></span> <span class='ocrx_word' id='word_1_116' title='bbox 707 1080 971 1134; x_wconf 70' lang='grc' dir='ltr'><em>ἀνθρώπους</em></span> <span class='ocrx_word' id='word_1_117' title='bbox 993 1082 1087 1134; x_wconf 88' lang='grc' dir='ltr'><em>περὶ</em></span> <span class='ocrx_word' id='word_1_118' title='bbox 1104 1083 1155 1124; x_wconf 85' lang='grc' dir='ltr'><strong>τὰ</strong></span> <span class='ocrx_word' id='word_1_119' title='bbox 1187 1084 1394 1131; x_wconf 78' lang='grc' dir='ltr'><em>πολιτικοί,</em></span> <span class='ocrx_word' id='word_1_120' title='bbox 1425 1082 1559 1134; x_wconf 83' lang='grc' dir='ltr'><em>ὥςπερ</em></span> 
     </span>
     <span class='ocr_line' id='line_1_15' title="bbox 214 1144 1559 1202; baseline -0.001 -12"><span class='ocrx_word' id='word_1_121' title='bbox 214 1149 266 1190; x_wconf 80' lang='grc' dir='ltr'><em>ἂν</em></span> <span class='ocrx_word' id='word_1_122' title='bbox 290 1149 324 1190; x_wconf 87' lang='grc' dir='ltr'><strong>εἰ</strong></span> <span class='ocrx_word' id='word_1_123' title='bbox 344 1147 438 1201; x_wconf 85' lang='grc' dir='ltr'><em>περὶ</em></span> <span class='ocrx_word' id='word_1_124' title='bbox 459 1148 509 1189; x_wconf 73' lang='grc' dir='ltr'><strong>τὰ</strong></span> <span class='ocrx_word' id='word_1_125' title='bbox 532 1149 799 1202; x_wconf 76' lang='grc' dir='ltr'><em>γυμναστικὰ</em></span> <span class='ocrx_word' id='word_1_126' title='bbox 824 1146 926 1202; x_wconf 79' lang='grc' dir='ltr'><em>ἐμοῦ</em></span> <span class='ocrx_word' id='word_1_127' title='bbox 953 1147 1194 1200; x_wconf 77' lang='grc' dir='ltr'><em>ἐρωτῶντος</em></span> <span class='ocrx_word' id='word_1_128' title='bbox 1224 1149 1374 1196; x_wconf 81' lang='grc' dir='ltr'><em>οἵτινες</em></span> <span class='ocrx_word' id='word_1_129' title='bbox 1402 1144 1559 1201; x_wconf 77' lang='grc' dir='ltr'><em>ἀγαθοὶ</em></span> 
     </span>
    </p>
   </div>
   <div class='ocr_carea' id='block_1_3' title="bbox 213 1263 1561 1579">
    <p class='ocr_par' dir='ltr' id='par_1_3' title="bbox 213 1263 1561 1399">
     <span class='ocr_line' id='line_1_16' title="bbox 281 1263 1560 1308; baseline -0.001 -11"><span class='ocrx_word' id='word_1_130' title='bbox 281 1265 300 1297; x_wconf 86' lang='grc' dir='ltr'>ὅ</span> <span class='ocrx_word' id='word_1_131' title='bbox 333 1278 365 1297; x_wconf 81' lang='grc' dir='ltr'><em>τι</em></span> <span class='ocrx_word' id='word_1_132' title='bbox 397 1263 438 1298; x_wconf 89' lang='grc' dir='ltr'><strong>τὸ</strong></span> <span class='ocrx_word' id='word_1_133' title='bbox 470 1263 678 1308; x_wconf 70' lang='grc' dir='ltr'><em>χρηστὸν]</em></span> <span class='ocrx_word' id='word_1_134' title='bbox 706 1266 782 1297; x_wconf 89' lang='lat' dir='ltr'><strong>Par.</strong></span> <span class='ocrx_word' id='word_1_135' title='bbox 808 1265 875 1297; x_wconf 86' lang='lat' dir='ltr'><strong>IV.</strong></span> <span class='ocrx_word' id='word_1_136' title='bbox 900 1263 918 1296; x_wconf 86' lang='grc' dir='ltr'>ὅ</span> <span class='ocrx_word' id='word_1_137' title='bbox 945 1277 971 1296; x_wconf 88' lang='grc' dir='ltr'><em>τι</em></span> <span class='ocrx_word' id='word_1_138' title='bbox 994 1263 1155 1307; x_wconf 75' lang='grc' dir='ltr'><em>χρηστόν,</em></span> <span class='ocrx_word' id='word_1_139' title='bbox 1182 1264 1272 1307; x_wconf 83' lang='lat' dir='ltr'><strong>quod</strong></span> <span class='ocrx_word' id='word_1_140' title='bbox 1297 1264 1389 1296; x_wconf 83' lang='lat' dir='ltr'><strong>dedit</strong></span> <span class='ocrx_word' id='word_1_141' title='bbox 1412 1264 1560 1297; x_wconf 86' lang='lat' dir='ltr'><strong>Bekker.</strong></span> 
     </span>
     <span class='ocr_line' id='line_1_17' title="bbox 213 1310 1561 1352; baseline -0.002 -8"><span class='ocrx_word' id='word_1_142' title='bbox 213 1322 291 1344; x_wconf 85' lang='lat' dir='ltr'><strong>eum</strong></span> <span class='ocrx_word' id='word_1_143' title='bbox 323 1311 412 1343; x_wconf 82' lang='lat' dir='ltr'><strong>aliis.</strong></span> <span class='ocrx_word' id='word_1_144' title='bbox 461 1311 526 1343; x_wconf 72' lang='lat' dir='ltr'><strong>Sed</strong></span> <span class='ocrx_word' id='word_1_145' title='bbox 556 1310 734 1343; x_wconf 85' lang='lat' dir='ltr'><strong>nobiscum</strong></span> <span class='ocrx_word' id='word_1_146' title='bbox 765 1311 868 1342; x_wconf 78' lang='lat' dir='ltr'><strong>sentit</strong></span> <span class='ocrx_word' id='word_1_147' title='bbox 891 1311 1097 1351; x_wconf 70' lang='lat' dir='ltr'><strong>Hermann,</strong></span> <span class='ocrx_word' id='word_1_148' title='bbox 1134 1312 1193 1352; x_wconf 90' lang='lat' dir='ltr'><strong>qui</strong></span> <span class='ocrx_word' id='word_1_149' title='bbox 1217 1321 1355 1342; x_wconf 87' lang='lat' dir='ltr'><strong>sensum</strong></span> <span class='ocrx_word' id='word_1_150' title='bbox 1379 1312 1561 1343; x_wconf 85' lang='lat' dir='ltr'><strong>verborum</strong></span> 
     </span>
     <span class='ocr_line' id='line_1_18' title="bbox 214 1356 953 1399; baseline -0.003 -11"><span class='ocrx_word' id='word_1_151' title='bbox 214 1358 367 1399; x_wconf 85' lang='lat' dir='ltr'><strong>flagitare</strong></span> <span class='ocrx_word' id='word_1_152' title='bbox 393 1356 576 1388; x_wconf 79' lang='lat' dir='ltr'><strong>articulum</strong></span> <span class='ocrx_word' id='word_1_153' title='bbox 599 1367 679 1388; x_wconf 79' lang='lat' dir='ltr'><strong>vere</strong></span> <span class='ocrx_word' id='word_1_154' title='bbox 704 1356 953 1388; x_wconf 78' lang='lat' dir='ltr'><strong>animadvertit.</strong></span> 
     </span>
    </p>

    <p class='ocr_par' dir='ltr' id='par_1_4' title="bbox 280 1399 1560 1443">
     <span class='ocr_line' id='line_1_19' title="bbox 280 1399 1560 1443; baseline -0.002 -10"><span class='ocrx_word' id='word_1_155' title='bbox 280 1403 318 1433; x_wconf 88' lang='lat' dir='ltr'><strong>P.</strong></span> <span class='ocrx_word' id='word_1_156' title='bbox 343 1400 420 1434; x_wconf 78' lang='lat'>518.</span> <span class='ocrx_word' id='word_1_157' title='bbox 468 1401 532 1433; x_wconf 83' lang='grc' dir='ltr'><em>διὸ</em></span> <span class='ocrx_word' id='word_1_158' title='bbox 560 1399 606 1443; x_wconf 79' lang='grc' dir='ltr'><strong>δὴ</strong></span> <span class='ocrx_word' id='word_1_159' title='bbox 632 1402 698 1433; x_wconf 86' lang='grc' dir='ltr'><strong>καὶ</strong></span> <span class='ocrx_word' id='word_1_160' title='bbox 727 1413 772 1432; x_wconf 82' lang='grc' dir='ltr'><strong>τα</strong></span> <span class='ocrx_word' id='word_1_161' title='bbox 785 1400 900 1443; x_wconf 50' lang='grc' dir='ltr'><em>ιῖτας]</em></span> <span class='ocrx_word' id='word_1_162' title='bbox 928 1400 1042 1442; x_wconf 72' lang='lat' dir='ltr'><strong>steph.</strong></span> <span class='ocrx_word' id='word_1_163' title='bbox 1060 1399 1123 1437; x_wconf 78' lang='grc' dir='ltr'><em>δεῖ,</em></span> <span class='ocrx_word' id='word_1_164' title='bbox 1140 1405 1178 1432; x_wconf 88' lang='lat' dir='ltr'><strong>ut</strong></span> <span class='ocrx_word' id='word_1_165' title='bbox 1202 1400 1305 1432; x_wconf 83' lang='lat' dir='ltr'><strong>habet</strong></span> <span class='ocrx_word' id='word_1_166' title='bbox 1327 1401 1404 1432; x_wconf 82' lang='lat' dir='ltr'><strong>Par.</strong></span> <span class='ocrx_word' id='word_1_167' title='bbox 1428 1400 1469 1431; x_wconf 85' lang='lat' dir='ltr'><strong>E.</strong></span> <span class='ocrx_word' id='word_1_168' title='bbox 1493 1411 1560 1432; x_wconf 84' lang='lat' dir='ltr'><strong>ree.</strong></span> 
     </span>
    </p>

    <p class='ocr_par' dir='ltr' id='par_1_5' title="bbox 214 1444 1561 1579">
     <span class='ocr_line' id='line_1_20' title="bbox 281 1444 1559 1489; baseline -0.002 -11"><span class='ocrx_word' id='word_1_169' title='bbox 281 1448 319 1478; x_wconf 91' lang='lat' dir='ltr'><strong>B.</strong></span> <span class='ocrx_word' id='word_1_170' title='bbox 367 1444 384 1477; x_wconf 80' lang='grc' dir='ltr'>ὁ</span> <span class='ocrx_word' id='word_1_171' title='bbox 411 1444 459 1486; x_wconf 81' lang='grc' dir='ltr'><em>ἀρ</em></span> <span class='ocrx_word' id='word_1_172' title='bbox 477 1445 678 1489; x_wconf 66' lang='grc' dir='ltr'><em>τοκόπος]</em></span> <span class='ocrx_word' id='word_1_173' title='bbox 712 1446 768 1478; x_wconf 78' lang='lat' dir='ltr'><strong>Sic</strong></span> <span class='ocrx_word' id='word_1_174' title='bbox 797 1446 912 1478; x_wconf 78' lang='lat' dir='ltr'><strong>Clark.</strong></span> <span class='ocrx_word' id='word_1_175' title='bbox 939 1446 1018 1477; x_wconf 80' lang='lat' dir='ltr'><strong>Vat.</strong></span> <span class='ocrx_word' id='word_1_176' title='bbox 1044 1445 1146 1477; x_wconf 86' lang='lat' dir='ltr'><strong>Coisl.</strong></span> <span class='ocrx_word' id='word_1_177' title='bbox 1173 1446 1258 1477; x_wconf 90' lang='lat' dir='ltr'><strong>Ven.</strong></span> <span class='ocrx_word' id='word_1_178' title='bbox 1288 1445 1364 1477; x_wconf 87' lang='grc' dir='ltr'><strong>ΞΣ.</strong></span> <span class='ocrx_word' id='word_1_179' title='bbox 1402 1445 1503 1476; x_wconf 84' lang='lat' dir='ltr'><strong>Vind.</strong></span> <span class='ocrx_word' id='word_1_180' title='bbox 1531 1445 1559 1476; x_wconf 90' lang='lat'><strong>1.</strong></span> 
     </span>
     <span class='ocr_line' id='line_1_21' title="bbox 214 1489 1561 1531; baseline -0.002 -8"><span class='ocrx_word' id='word_1_181' title='bbox 214 1491 245 1524; x_wconf 87' lang='grc'><strong>6.</strong></span> <span class='ocrx_word' id='word_1_182' title='bbox 272 1491 300 1524; x_wconf 79' lang='grc'><strong>7.</strong></span> <span class='ocrx_word' id='word_1_183' title='bbox 333 1493 409 1523; x_wconf 86' lang='lat' dir='ltr'><strong>Par.</strong></span> <span class='ocrx_word' id='word_1_184' title='bbox 434 1492 564 1523; x_wconf 85' lang='lat' dir='ltr'>EFW.</span> <span class='ocrx_word' id='word_1_185' title='bbox 598 1492 689 1523; x_wconf 84' lang='lat' dir='ltr'><strong>Flor.</strong></span> <span class='ocrx_word' id='word_1_186' title='bbox 715 1492 735 1522; x_wconf 89' lang='lat' dir='ltr'><strong>f.</strong></span> <span class='ocrx_word' id='word_1_187' title='bbox 762 1503 786 1523; x_wconf 88' lang='lat' dir='ltr'><strong>s.</strong></span> <span class='ocrx_word' id='word_1_188' title='bbox 813 1502 887 1522; x_wconf 89' lang='lat' dir='ltr'><strong>cum</strong></span> <span class='ocrx_word' id='word_1_189' title='bbox 912 1490 989 1522; x_wconf 86' lang='lat' dir='ltr'><strong>Ald¹</strong></span> <span class='ocrx_word' id='word_1_190' title='bbox 1016 1491 1094 1521; x_wconf 86' lang='lat' dir='ltr'><strong>Bas.</strong></span> <span class='ocrx_word' id='word_1_191' title='bbox 1121 1490 1151 1522; x_wconf 90' lang='grc'><strong>1.</strong></span> <span class='ocrx_word' id='word_1_192' title='bbox 1176 1489 1207 1522; x_wconf 80' lang='grc'><strong>2.</strong></span> <span class='ocrx_word' id='word_1_193' title='bbox 1255 1490 1320 1522; x_wconf 84' lang='lat' dir='ltr'><strong>Sed</strong></span> <span class='ocrx_word' id='word_1_194' title='bbox 1346 1490 1462 1531; x_wconf 79' lang='lat' dir='ltr'><strong>steph.</strong></span> <span class='ocrx_word' id='word_1_195' title='bbox 1487 1490 1561 1521; x_wconf 89' lang='lat' dir='ltr'><strong>alii-</strong></span> 
     </span>
     <span class='ocr_line' id='line_1_22' title="bbox 216 1534 1561 1579; baseline -0.002 -10"><span class='ocrx_word' id='word_1_196' title='bbox 216 1548 279 1579; x_wconf 89' lang='lat' dir='ltr'><strong>que</strong></span> <span class='ocrx_word' id='word_1_197' title='bbox 302 1534 502 1577; x_wconf 72' lang='grc' dir='ltr'><em>άρτοποιός.</em></span> <span class='ocrx_word' id='word_1_198' title='bbox 547 1537 717 1569; x_wconf 81' lang='lat' dir='ltr'>Nimirum</span> <span class='ocrx_word' id='word_1_199' title='bbox 747 1538 775 1568; x_wconf 88' lang='lat' dir='ltr'><strong>is</strong></span> <span class='ocrx_word' id='word_1_200' title='bbox 807 1536 943 1567; x_wconf 80' lang='lat' dir='ltr'><strong>videtur</strong></span> <span class='ocrx_word' id='word_1_201' title='bbox 973 1540 1162 1567; x_wconf 83' lang='lat' dir='ltr'><strong>commotus</strong></span> <span class='ocrx_word' id='word_1_202' title='bbox 1194 1546 1268 1567; x_wconf 87' lang='lat' dir='ltr'><strong>esse</strong></span> <span class='ocrx_word' id='word_1_203' title='bbox 1299 1535 1426 1567; x_wconf 80' lang='lat' dir='ltr'><strong>iudicio</strong></span> <span class='ocrx_word' id='word_1_204' title='bbox 1451 1536 1561 1567; x_wconf 82' lang='lat' dir='ltr'><strong>attici-</strong></span> 
     </span>
    </p>
   </div>
   <div class='ocr_carea' id='block_1_4' title="bbox 215 1647 855 2132">
    <p class='ocr_par' dir='ltr' id='par_1_6' title="bbox 215 1647 854 2132">
     <span class='ocr_line' id='line_1_23' title="bbox 259 1647 851 1690; baseline -0.002 -10"><span class='ocrx_word' id='word_1_205' title='bbox 259 1648 278 1679; x_wconf 86' lang='grc' dir='ltr'>ὅ</span> <span class='ocrx_word' id='word_1_206' title='bbox 314 1662 346 1680; x_wconf 86' lang='grc' dir='ltr'><em>τι</em></span> <span class='ocrx_word' id='word_1_207' title='bbox 379 1647 420 1680; x_wconf 86' lang='grc' dir='ltr'><strong>τὸ</strong></span> <span class='ocrx_word' id='word_1_208' title='bbox 452 1647 647 1690; x_wconf 70' lang='grc' dir='ltr'><em>χρηστὸν</em></span> <span class='ocrx_word' id='word_1_209' title='bbox 683 1649 748 1680; x_wconf 80' lang='grc' dir='ltr'><strong>καὶ</strong></span> <span class='ocrx_word' id='word_1_210' title='bbox 785 1660 851 1680; x_wconf 78' lang='grc' dir='ltr'><strong>πο-</strong></span> 
     </span>
     <span class='ocr_line' id='line_1_24' title="bbox 219 1693 853 1736; baseline 0 -12"><span class='ocrx_word' id='word_1_211' title='bbox 219 1693 374 1736; x_wconf 73' lang='grc' dir='ltr'><em>νηρόν]</em></span> <span class='ocrx_word' id='word_1_212' title='bbox 417 1694 520 1735; x_wconf 83' lang='lat' dir='ltr'><strong>quid</strong></span> <span class='ocrx_word' id='word_1_213' title='bbox 557 1695 598 1725; x_wconf 90' lang='lat' dir='ltr'><strong>in</strong></span> <span class='ocrx_word' id='word_1_214' title='bbox 631 1694 748 1726; x_wconf 83' lang='lat' dir='ltr'><strong>cibis</strong></span> <span class='ocrx_word' id='word_1_215' title='bbox 779 1699 853 1726; x_wconf 86' lang='lat' dir='ltr'><strong>aut</strong></span> 
     </span>
     <span class='ocr_line' id='line_1_25' title="bbox 215 1738 853 1781; baseline -0.002 -11"><span class='ocrx_word' id='word_1_216' title='bbox 215 1739 472 1781; x_wconf 88' lang='lat' dir='ltr'><strong>potionibus</strong></span> <span class='ocrx_word' id='word_1_217' title='bbox 497 1739 611 1770; x_wconf 88' lang='lat' dir='ltr'><strong>illud</strong></span> <span class='ocrx_word' id='word_1_218' title='bbox 637 1740 712 1777; x_wconf 88' lang='lat' dir='ltr'><strong>sit,</strong></span> <span class='ocrx_word' id='word_1_219' title='bbox 743 1738 853 1781; x_wconf 85' lang='lat' dir='ltr'><strong>quod</strong></span> 
     </span>
     <span class='ocr_line' id='line_1_26' title="bbox 216 1784 853 1816; baseline 0 -1"><span class='ocrx_word' id='word_1_220' title='bbox 216 1785 432 1816; x_wconf 81' lang='lat' dir='ltr'><strong>habeatur</strong></span> <span class='ocrx_word' id='word_1_221' title='bbox 470 1784 624 1815; x_wconf 88' lang='lat' dir='ltr'><strong>bonum</strong></span> <span class='ocrx_word' id='word_1_222' title='bbox 665 1791 737 1816; x_wconf 85' lang='lat' dir='ltr'><strong>aut</strong></span> <span class='ocrx_word' id='word_1_223' title='bbox 777 1794 853 1815; x_wconf 83' lang='lat' dir='ltr'><strong>ma-</strong></span> 
     </span>
     <span class='ocr_line' id='line_1_27' title="bbox 215 1829 854 1871; baseline -0.002 -11"><span class='ocrx_word' id='word_1_224' title='bbox 215 1829 317 1869; x_wconf 87' lang='lat' dir='ltr'><strong>lum,</strong></span> <span class='ocrx_word' id='word_1_225' title='bbox 355 1829 467 1871; x_wconf 85' lang='lat' dir='ltr'><strong>quod</strong></span> <span class='ocrx_word' id='word_1_226' title='bbox 497 1830 663 1861; x_wconf 78' lang='lat' dir='ltr'><strong>attinet,</strong></span> <span class='ocrx_word' id='word_1_227' title='bbox 694 1829 744 1860; x_wconf 85' lang='lat' dir='ltr'><strong>ad</strong></span> <span class='ocrx_word' id='word_1_228' title='bbox 774 1830 854 1860; x_wconf 72' lang='lat' dir='ltr'><strong>vir-</strong></span> 
     </span>
     <span class='ocr_line' id='line_1_28' title="bbox 215 1854 854 1916; baseline -0.002 -10"><span class='ocrx_word' id='word_1_229' title='bbox 215 1854 346 1906; x_wconf 64' lang='lat' dir='ltr'><strong>tuteln</strong></span> <span class='ocrx_word' id='word_1_230' title='bbox 380 1876 600 1915; x_wconf 75' lang='lat' dir='ltr'><strong>emporis,</strong></span> <span class='ocrx_word' id='word_1_231' title='bbox 640 1885 763 1916; x_wconf 89' lang='lat' dir='ltr'><strong>quum</strong></span> <span class='ocrx_word' id='word_1_232' title='bbox 797 1884 854 1905; x_wconf 83' lang='lat' dir='ltr'><strong>ee-</strong></span> 
     </span>
     <span class='ocr_line' id='line_1_29' title="bbox 216 1919 853 1961; baseline -0.002 -10"><span class='ocrx_word' id='word_1_233' title='bbox 216 1923 334 1951; x_wconf 83' lang='lat' dir='ltr'><strong>terae</strong></span> <span class='ocrx_word' id='word_1_234' title='bbox 373 1930 519 1951; x_wconf 83' lang='lat' dir='ltr'><strong>omnes</strong></span> <span class='ocrx_word' id='word_1_235' title='bbox 557 1919 599 1950; x_wconf 89' lang='lat' dir='ltr'><strong>id</strong></span> <span class='ocrx_word' id='word_1_236' title='bbox 641 1920 853 1961; x_wconf 79' lang='lat' dir='ltr'><strong>ignment.</strong></span> 
     </span>
     <span class='ocr_line' id='line_1_30' title="bbox 215 1963 855 1997; baseline -0.002 -2"><span class='ocrx_word' id='word_1_237' title='bbox 215 1965 328 1996; x_wconf 78' lang='lat' dir='ltr'><strong>Veiba</strong></span> <span class='ocrx_word' id='word_1_238' title='bbox 360 1964 542 1997; x_wconf 81' lang='lat' dir='ltr'>cohaerent</span> <span class='ocrx_word' id='word_1_239' title='bbox 572 1965 638 1996; x_wconf 85' lang='lat' dir='ltr'><strong>sie:</strong></span> <span class='ocrx_word' id='word_1_240' title='bbox 678 1963 696 1994; x_wconf 82' lang='grc' dir='ltr'>ὅ</span> <span class='ocrx_word' id='word_1_241' title='bbox 729 1977 754 1995; x_wconf 85' lang='grc' dir='ltr'><em>τι</em></span> <span class='ocrx_word' id='word_1_242' title='bbox 788 1967 855 1995; x_wconf 78' lang='grc' dir='ltr'><em>τῶι·</em></span> 
     </span>
     <span class='ocr_line' id='line_1_31' title="bbox 219 2007 855 2051; baseline -0.002 -10"><span class='ocrx_word' id='word_1_243' title='bbox 219 2020 334 2041; x_wconf 82' lang='grc' dir='ltr'><em>σιτιωι-</em></span> <span class='ocrx_word' id='word_1_244' title='bbox 360 2008 380 2051; x_wconf 85' lang='grc' dir='ltr'>ἢ</span> <span class='ocrx_word' id='word_1_245' title='bbox 405 2013 520 2041; x_wconf 68' lang='lat' dir='ltr'><strong>:tote-31</strong></span> <span class='ocrx_word' id='word_1_246' title='bbox 552 2008 620 2041; x_wconf 85' lang='grc' dir='ltr'><em>ἐστι</em></span> <span class='ocrx_word' id='word_1_247' title='bbox 646 2009 680 2040; x_wconf 82' lang='grc' dir='ltr'><strong>τὸ</strong></span> <span class='ocrx_word' id='word_1_248' title='bbox 706 2007 855 2051; x_wconf 66' lang='grc' dir='ltr'><em>χρηστὸν</em></span> 
     </span>
     <span class='ocr_line' id='line_1_32' title="bbox 217 2054 853 2095; baseline -0.002 -9"><span class='ocrx_word' id='word_1_249' title='bbox 217 2056 270 2086; x_wconf 84' lang='grc' dir='ltr'><strong>καὶ</strong></span> <span class='ocrx_word' id='word_1_250' title='bbox 298 2054 458 2095; x_wconf 66' lang='lat' dir='ltr'><strong>rroerdi</strong></span> <span class='ocrx_word' id='word_1_251' title='bbox 474 2067 501 2086; x_wconf 87' lang='grc' dir='ltr'><strong>κ.</strong></span> <span class='ocrx_word' id='word_1_252' title='bbox 525 2067 547 2085; x_wconf 81' lang='grc' dir='ltr'><strong>τ.</strong></span> <span class='ocrx_word' id='word_1_253' title='bbox 570 2056 596 2086; x_wconf 87' lang='grc' dir='ltr'><strong>λ.</strong></span> <span class='ocrx_word' id='word_1_254' title='bbox 645 2054 727 2086; x_wconf 86' lang='lat' dir='ltr'><strong>Inde</strong></span> <span class='ocrx_word' id='word_1_255' title='bbox 753 2058 853 2095; x_wconf 87' lang='lat' dir='ltr'><strong>patet,</strong></span> 
     </span>
     <span class='ocr_line' id='line_1_33' title="bbox 217 2101 767 2132; baseline 0 -1"><span class='ocrx_word' id='word_1_256' title='bbox 217 2111 275 2131; x_wconf 85' lang='lat' dir='ltr'><strong>eur</strong></span> <span class='ocrx_word' id='word_1_257' title='bbox 299 2101 482 2132; x_wconf 82' lang='lat' dir='ltr'><strong>articulum</strong></span> <span class='ocrx_word' id='word_1_258' title='bbox 507 2102 767 2131; x_wconf 73' lang='lat' dir='ltr'><strong>servaverimus.</strong></span> 
     </span>
    </p>
   </div>
   <div class='ocr_carea' id='block_1_5' title="bbox 217 2165 856 2704">
    <p class='ocr_par' dir='ltr' id='par_1_7' title="bbox 217 2165 856 2704">
     <span class='ocr_line' id='line_1_34' title="bbox 261 2165 851 2208; baseline 0.002 -10"><span class='ocrx_word' id='word_1_259' title='bbox 261 2169 298 2199; x_wconf 89' lang='lat' dir='ltr'><strong>P.</strong></span> <span class='ocrx_word' id='word_1_260' title='bbox 322 2166 398 2200; x_wconf 75' lang='lat'>518.</span> <span class='ocrx_word' id='word_1_261' title='bbox 439 2165 508 2200; x_wconf 74' lang='grc' dir='ltr'><strong>τὰς</strong></span> <span class='ocrx_word' id='word_1_262' title='bbox 535 2165 660 2200; x_wconf 76' lang='grc' dir='ltr'><em>ἄλλας</em></span> <span class='ocrx_word' id='word_1_263' title='bbox 688 2165 851 2208; x_wconf 67' lang='grc' dir='ltr'><em>τέχνας]</em></span> 
     </span>
     <span class='ocr_line' id='line_1_35' title="bbox 218 2212 856 2255; baseline -0.003 -11"><span class='ocrx_word' id='word_1_264' title='bbox 218 2214 314 2244; x_wconf 83' lang='lat' dir='ltr'><strong>Haec</strong></span> <span class='ocrx_word' id='word_1_265' title='bbox 325 2213 577 2255; x_wconf 82' lang='lat' dir='ltr'><strong>perspicuitatis</strong></span> <span class='ocrx_word' id='word_1_266' title='bbox 589 2222 712 2244; x_wconf 83' lang='lat' dir='ltr'><strong>caussa</strong></span> <span class='ocrx_word' id='word_1_267' title='bbox 725 2212 856 2243; x_wconf 82' lang='lat' dir='ltr'><strong>adiecta</strong></span> 
     </span>
     <span class='ocr_line' id='line_1_36' title="bbox 217 2256 853 2299; baseline -0.002 -9.998"><span class='ocrx_word' id='word_1_268' title='bbox 217 2263 307 2289; x_wconf 86' lang='lat' dir='ltr'><strong>sunt</strong></span> <span class='ocrx_word' id='word_1_269' title='bbox 347 2258 526 2299; x_wconf 88' lang='lat' dir='ltr'><strong>Loquendi</strong></span> <span class='ocrx_word' id='word_1_270' title='bbox 546 2268 656 2299; x_wconf 87' lang='lat' dir='ltr'><strong>genus</strong></span> <span class='ocrx_word' id='word_1_271' title='bbox 673 2257 713 2289; x_wconf 82' lang='lat' dir='ltr'><strong>ad</strong></span> <span class='ocrx_word' id='word_1_272' title='bbox 731 2268 762 2298; x_wconf 88' lang='lat' dir='ltr'><strong>p.</strong></span> <span class='ocrx_word' id='word_1_273' title='bbox 778 2256 853 2289; x_wconf 84' lang='lat'>501.</span> 
     </span>
     <span class='ocr_line' id='line_1_37' title="bbox 217 2299 855 2355; baseline -0.003 -21"><span class='ocrx_word' id='word_1_274' title='bbox 217 2303 257 2334; x_wconf 90' lang='lat' dir='ltr'><strong>A.</strong></span> <span class='ocrx_word' id='word_1_275' title='bbox 290 2304 476 2355; x_wconf 75' lang='lat' dir='ltr'><strong>attigimus.</strong></span> <span class='ocrx_word' id='word_1_276' title='bbox 524 2303 682 2334; x_wconf 86' lang='lat' dir='ltr'><strong>Ceterum</strong></span> <span class='ocrx_word' id='word_1_277' title='bbox 714 2313 772 2342; x_wconf 88' lang='lat' dir='ltr'><strong>pro</strong></span> <span class='ocrx_word' id='word_1_278' title='bbox 804 2299 855 2333; x_wconf 83' lang='grc' dir='ltr'><em>διὸ</em></span> 
     </span>
     <span class='ocr_line' id='line_1_38' title="bbox 218 2343 855 2389; baseline -0.003 -10"><span class='ocrx_word' id='word_1_279' title='bbox 218 2345 259 2389; x_wconf 83' lang='grc' dir='ltr'><strong>δὴ</strong></span> <span class='ocrx_word' id='word_1_280' title='bbox 275 2348 328 2379; x_wconf 78' lang='grc' dir='ltr'><strong>καὶ</strong></span> <span class='ocrx_word' id='word_1_281' title='bbox 346 2345 406 2379; x_wconf 75' lang='grc' dir='ltr'><strong>ταύ</strong></span> <span class='ocrx_word' id='word_1_282' title='bbox 412 2359 466 2380; x_wconf 65' lang='grc' dir='ltr'><strong>τας</strong></span> <span class='ocrx_word' id='word_1_283' title='bbox 483 2367 526 2370; x_wconf 88' lang='grc'>-</span> <span class='ocrx_word' id='word_1_284' title='bbox 548 2343 638 2379; x_wconf 80' lang='grc' dir='ltr'><em>εἷιαι</em></span> <span class='ocrx_word' id='word_1_285' title='bbox 663 2347 731 2379; x_wconf 87' lang='lat' dir='ltr'><strong>dici</strong></span> <span class='ocrx_word' id='word_1_286' title='bbox 755 2348 855 2378; x_wconf 84' lang='lat' dir='ltr'><strong>etiam</strong></span> 
     </span>
     <span class='ocr_line' id='line_1_39' title="bbox 217 2390 854 2437; baseline -0.002 -14"><span class='ocrx_word' id='word_1_287' title='bbox 217 2393 342 2437; x_wconf 84' lang='lat' dir='ltr'><strong>pqtuit:</strong></span> <span class='ocrx_word' id='word_1_288' title='bbox 375 2393 430 2424; x_wconf 76' lang='grc' dir='ltr'><strong>καὶ</strong></span> <span class='ocrx_word' id='word_1_289' title='bbox 457 2391 504 2424; x_wconf 77' lang='grc' dir='ltr'><em>ὅτι</em></span> <span class='ocrx_word' id='word_1_290' title='bbox 531 2390 572 2435; x_wconf 77' lang='grc' dir='ltr'><strong>δὴ</strong></span> <span class='ocrx_word' id='word_1_291' title='bbox 597 2393 650 2424; x_wconf 80' lang='grc' dir='ltr'><strong>καὶ</strong></span> <span class='ocrx_word' id='word_1_292' title='bbox 679 2390 733 2423; x_wconf 80' lang='grc' dir='ltr'><em>διὰ</em></span> <span class='ocrx_word' id='word_1_293' title='bbox 759 2395 816 2423; x_wconf 74' lang='lat' dir='ltr'><strong>tos</strong></span> <span class='ocrx_word' id='word_1_294' title='bbox 821 2404 854 2422; x_wconf 79' lang='grc' dir='ltr'><strong>το</strong></span> 
     </span>
     <span class='ocr_line' id='line_1_40' title="bbox 217 2437 855 2476; baseline 0 -8"><span class='ocrx_word' id='word_1_295' title='bbox 217 2439 315 2469; x_wconf 71' lang='grc' dir='ltr'><em>αὗται</em></span> <span class='ocrx_word' id='word_1_296' title='bbox 332 2437 396 2476; x_wconf 75' lang='grc' dir='ltr'><strong>μὲι</strong></span> <span class='ocrx_word' id='word_1_297' title='bbox 413 2455 454 2460; x_wconf 85' lang='grc'><strong>-</strong></span> <span class='ocrx_word' id='word_1_298' title='bbox 469 2434 641 2469; x_wconf 51' lang='lat' dir='ltr'><strong>aream&amp;</strong></span> <span class='ocrx_word' id='word_1_299' title='bbox 648 2440 706 2475; x_wconf 77' lang='grc' dir='ltr'><em>)οι’</em></span> <span class='ocrx_word' id='word_1_300' title='bbox 719 2437 855 2471; x_wconf 78' lang='grc' dir='ltr'><em>ει’”,σι-</em></span> 
     </span>
     <span class='ocr_line' id='line_1_41' title="bbox 220 2480 856 2525; baseline -0.002 -12"><span class='ocrx_word' id='word_1_301' title='bbox 220 2480 238 2525; x_wconf 85' lang='grc' dir='ltr'><em>ἡ</em></span> <span class='ocrx_word' id='word_1_302' title='bbox 283 2481 321 2513; x_wconf 82' lang='grc' dir='ltr'><strong>δὲ</strong></span> <span class='ocrx_word' id='word_1_303' title='bbox 362 2481 571 2524; x_wconf 73' lang='grc' dir='ltr'><em>γιμιασῑικί</em></span> <span class='ocrx_word' id='word_1_304' title='bbox 623 2483 677 2514; x_wconf 76' lang='grc' dir='ltr'><strong>καὶ</strong></span> <span class='ocrx_word' id='word_1_305' title='bbox 723 2480 856 2524; x_wconf 82' lang='grc' dir='ltr'><em>ιατρικὴ</em></span> 
     </span>
     <span class='ocr_line' id='line_1_42' title="bbox 217 2527 856 2560; baseline -0.002 -1"><span class='ocrx_word' id='word_1_306' title='bbox 217 2547 261 2551; x_wconf 94' lang='grc'><strong>-</strong></span> <span class='ocrx_word' id='word_1_307' title='bbox 292 2527 476 2560; x_wconf 74' lang='grc' dir='ltr'><em>δέσποιναί</em></span> <span class='ocrx_word' id='word_1_308' title='bbox 502 2537 571 2558; x_wconf 85' lang='grc' dir='ltr'><em>εισι</em></span> <span class='ocrx_word' id='word_1_309' title='bbox 602 2539 742 2558; x_wconf 73' lang='grc' dir='ltr'><em>τοι-των.</em></span> <span class='ocrx_word' id='word_1_310' title='bbox 791 2528 856 2558; x_wconf 86' lang='lat' dir='ltr'><strong>Sed</strong></span> 
     </span>
     <span class='ocr_line' id='line_1_43' title="bbox 219 2571 855 2604; baseline -0.002 0"><span class='ocrx_word' id='word_1_311' title='bbox 219 2574 382 2604; x_wconf 80' lang='lat' dir='ltr'><strong>transitur</strong></span> <span class='ocrx_word' id='word_1_312' title='bbox 419 2572 462 2603; x_wconf 91' lang='lat' dir='ltr'><strong>ab</strong></span> <span class='ocrx_word' id='word_1_313' title='bbox 501 2583 566 2603; x_wconf 90' lang='lat' dir='ltr'><strong>usu</strong></span> <span class='ocrx_word' id='word_1_314' title='bbox 601 2573 696 2604; x_wconf 75' lang='lat' dir='ltr'><strong>vocis</strong></span> <span class='ocrx_word' id='word_1_315' title='bbox 733 2571 782 2604; x_wconf 75' lang='grc' dir='ltr'><em>ὅτι</em></span> <span class='ocrx_word' id='word_1_316' title='bbox 814 2571 855 2603; x_wconf 83' lang='lat' dir='ltr'><strong>ad</strong></span> 
     </span>
     <span class='ocr_line' id='line_1_44' title="bbox 218 2618 856 2659; baseline 0 -10"><span class='ocrx_word' id='word_1_317' title='bbox 218 2618 443 2657; x_wconf 80' lang='lat' dir='ltr'><strong>infinitivum,</strong></span> <span class='ocrx_word' id='word_1_318' title='bbox 476 2622 514 2648; x_wconf 88' lang='lat' dir='ltr'><strong>ut</strong></span> <span class='ocrx_word' id='word_1_319' title='bbox 545 2628 645 2659; x_wconf 79' lang='lat' dir='ltr'><strong>saepe</strong></span> <span class='ocrx_word' id='word_1_320' title='bbox 676 2618 715 2649; x_wconf 85' lang='lat' dir='ltr'><strong>fit</strong></span> <span class='ocrx_word' id='word_1_321' title='bbox 738 2619 773 2649; x_wconf 88' lang='lat' dir='ltr'><strong>in</strong></span> <span class='ocrx_word' id='word_1_322' title='bbox 799 2619 856 2650; x_wconf 94' lang='lat' dir='ltr'><strong>ob-</strong></span> 
     </span>
     <span class='ocr_line' id='line_1_45' title="bbox 218 2663 500 2704; baseline 0 -10"><span class='ocrx_word' id='word_1_323' title='bbox 218 2664 313 2704; x_wconf 86' lang='lat' dir='ltr'><strong>liqua</strong></span> <span class='ocrx_word' id='word_1_324' title='bbox 337 2663 500 2694; x_wconf 86' lang='lat' dir='ltr'><strong>oratione.</strong></span> 
     </span>
    </p>
   </div>
   <div class='ocr_carea' id='block_1_6' title="bbox 264 2728 854 2772">
    <p class='ocr_par' dir='ltr' id='par_1_8' title="bbox 264 2728 854 2772">
     <span class='ocr_line' id='line_1_46' title="bbox 264 2728 854 2772; baseline 0.003 -10"><span class='ocrx_word' id='word_1_325' title='bbox 264 2730 361 2762; x_wconf 83' lang='grc' dir='ltr'><em>τοτὲ</em></span> <span class='ocrx_word' id='word_1_326' title='bbox 396 2730 471 2770; x_wconf 84' lang='grc' dir='ltr'><em>μέν</em></span> <span class='ocrx_word' id='word_1_327' title='bbox 507 2741 575 2769; x_wconf 87' lang='grc' dir='ltr'><em>μοι</em></span> <span class='ocrx_word' id='word_1_328' title='bbox 608 2728 762 2764; x_wconf 69' lang='grc' dir='ltr'><em>δοκεῖς</em></span> <span class='ocrx_word' id='word_1_329' title='bbox 794 2728 854 2772; x_wconf 80' lang='lat'><strong>—]</strong></span> 
     </span>
    </p>
   </div>
   <div class='ocr_carea' id='block_1_7' title="bbox 921 1648 1566 2770">
    <p class='ocr_par' dir='ltr' id='par_1_9' title="bbox 921 1648 1566 2770">
     <span class='ocr_line' id='line_1_47' title="bbox 921 1648 1562 1689; baseline 0 -10"><span class='ocrx_word' id='word_1_330' title='bbox 921 1648 1156 1689; x_wconf 86' lang='lat' dir='ltr'><strong>Exspectabas</strong></span> <span class='ocrx_word' id='word_1_331' title='bbox 1194 1648 1383 1679; x_wconf 82' lang='lat' dir='ltr'><strong>subiectum</strong></span> <span class='ocrx_word' id='word_1_332' title='bbox 1414 1648 1455 1679; x_wconf 87' lang='lat' dir='ltr'><strong>iri</strong></span> <span class='ocrx_word' id='word_1_333' title='bbox 1489 1648 1562 1679; x_wconf 83' lang='grc' dir='ltr'><em>τοτὲ</em></span> 
     </span>
     <span class='ocr_line' id='line_1_48' title="bbox 923 1691 1561 1735; baseline 0 -11"><span class='ocrx_word' id='word_1_334' title='bbox 923 1693 961 1725; x_wconf 75' lang='grc' dir='ltr'><strong>δὲ</strong></span> <span class='ocrx_word' id='word_1_335' title='bbox 983 1692 1100 1735; x_wconf 71' lang='grc' dir='ltr'><em>λέγεις,</em></span> <span class='ocrx_word' id='word_1_336' title='bbox 1125 1691 1174 1724; x_wconf 81' lang='grc' dir='ltr'><em>ὅτι</em></span> <span class='ocrx_word' id='word_1_337' title='bbox 1191 1691 1377 1733; x_wconf 66' lang='grc' dir='ltr'><em>ἅνθρωποι</em></span> <span class='ocrx_word' id='word_1_338' title='bbox 1398 1694 1461 1724; x_wconf 83' lang='grc' dir='ltr'><em>κτλ.</em></span> <span class='ocrx_word' id='word_1_339' title='bbox 1495 1693 1561 1724; x_wconf 80' lang='lat' dir='ltr'><strong>Sed</strong></span> 
     </span>
     <span class='ocr_line' id='line_1_49' title="bbox 921 1738 1560 1780; baseline -0.002 -11"><span class='ocrx_word' id='word_1_340' title='bbox 921 1739 1048 1769; x_wconf 81' lang='lat' dir='ltr'><strong>maiore</strong></span> <span class='ocrx_word' id='word_1_341' title='bbox 1093 1748 1170 1769; x_wconf 90' lang='lat' dir='ltr'><strong>cum</strong></span> <span class='ocrx_word' id='word_1_342' title='bbox 1211 1739 1378 1780; x_wconf 80' lang='lat' dir='ltr'><strong>gravitate</strong></span> <span class='ocrx_word' id='word_1_343' title='bbox 1419 1738 1560 1769; x_wconf 81' lang='lat' dir='ltr'><strong>dicitur:</strong></span> 
     </span>
     <span class='ocr_line' id='line_1_50' title="bbox 922 1780 1560 1825; baseline -0.002 -11"><span class='ocrx_word' id='word_1_344' title='bbox 922 1782 1012 1825; x_wconf 45' lang='grc' dir='ltr'><strong>ἥκει)Ἰ</strong></span> <span class='ocrx_word' id='word_1_345' title='bbox 1045 1783 1083 1814; x_wconf 84' lang='grc' dir='ltr'><strong>δὲ</strong></span> <span class='ocrx_word' id='word_1_346' title='bbox 1114 1780 1233 1825; x_wconf 76' lang='grc' dir='ltr'><em>ὀλίγον</em></span> <span class='ocrx_word' id='word_1_347' title='bbox 1268 1782 1415 1823; x_wconf 74' lang='grc' dir='ltr'><em>ὕστερον</em></span> <span class='ocrx_word' id='word_1_348' title='bbox 1442 1782 1560 1824; x_wconf 75' lang='grc' dir='ltr'><em>λέγων,</em></span> 
     </span>
     <span class='ocr_line' id='line_1_51' title="bbox 923 1828 1560 1869; baseline 0 -10"><span class='ocrx_word' id='word_1_349' title='bbox 923 1829 963 1859; x_wconf 89' lang='lat' dir='ltr'><strong>de</strong></span> <span class='ocrx_word' id='word_1_350' title='bbox 995 1828 1120 1869; x_wconf 90' lang='lat' dir='ltr'><strong>quibus</strong></span> <span class='ocrx_word' id='word_1_351' title='bbox 1150 1828 1264 1859; x_wconf 81' lang='lat' dir='ltr'><strong>verbis</strong></span> <span class='ocrx_word' id='word_1_352' title='bbox 1289 1829 1406 1859; x_wconf 87' lang='lat' dir='ltr'><strong>monui</strong></span> <span class='ocrx_word' id='word_1_353' title='bbox 1431 1828 1560 1869; x_wconf 87' lang='lat' dir='ltr'><strong>aliquid</strong></span> 
     </span>
     <span class='ocr_line' id='line_1_52' title="bbox 923 1872 1560 1914; baseline -0.002 -9"><span class='ocrx_word' id='word_1_354' title='bbox 923 1874 965 1905; x_wconf 82' lang='lat' dir='ltr'><strong>ad</strong></span> <span class='ocrx_word' id='word_1_355' title='bbox 998 1884 1029 1914; x_wconf 91' lang='lat' dir='ltr'><strong>p.</strong></span> <span class='ocrx_word' id='word_1_356' title='bbox 1060 1872 1136 1905; x_wconf 87' lang='lat'>491.</span> <span class='ocrx_word' id='word_1_357' title='bbox 1168 1874 1204 1904; x_wconf 92' lang='grc' dir='ltr'><strong>Β.</strong></span> <span class='ocrx_word' id='word_1_358' title='bbox 1255 1873 1413 1904; x_wconf 79' lang='lat' dir='ltr'><strong>Ceterum</strong></span> <span class='ocrx_word' id='word_1_359' title='bbox 1454 1874 1560 1904; x_wconf 87' lang='lat' dir='ltr'><strong>mani-</strong></span> 
     </span>
     <span class='ocr_line' id='line_1_53' title="bbox 922 1917 1561 1961; baseline 0 -12"><span class='ocrx_word' id='word_1_360' title='bbox 922 1919 1045 1950; x_wconf 88' lang='lat' dir='ltr'><strong>festum</strong></span> <span class='ocrx_word' id='word_1_361' title='bbox 1084 1923 1135 1950; x_wconf 85' lang='lat' dir='ltr'><strong>est</strong></span> <span class='ocrx_word' id='word_1_362' title='bbox 1175 1917 1367 1961; x_wconf 56' lang='lat' dir='ltr'><strong>verba-ita</strong></span> <span class='ocrx_word' id='word_1_363' title='bbox 1401 1918 1561 1949; x_wconf 90' lang='lat' dir='ltr'><strong>struenda</strong></span> 
     </span>
     <span class='ocr_line' id='line_1_54' title="bbox 923 1962 1561 2001; baseline 0 -6"><span class='ocrx_word' id='word_1_364' title='bbox 923 1974 1015 1995; x_wconf 88' lang='lat' dir='ltr'><strong>esse:</strong></span> <span class='ocrx_word' id='word_1_365' title='bbox 1056 1963 1129 1995; x_wconf 83' lang='grc' dir='ltr'><em>τοτὲ</em></span> <span class='ocrx_word' id='word_1_366' title='bbox 1162 1963 1225 2001; x_wconf 81' lang='grc' dir='ltr'><em>μὲν</em></span> <span class='ocrx_word' id='word_1_367' title='bbox 1262 1963 1328 1994; x_wconf 80' lang='grc' dir='ltr'><em>οὐν</em></span> <span class='ocrx_word' id='word_1_368' title='bbox 1360 1974 1416 2001; x_wconf 81' lang='grc' dir='ltr'><em>μοι</em></span> <span class='ocrx_word' id='word_1_369' title='bbox 1449 1962 1561 1996; x_wconf 78' lang='grc' dir='ltr'><em>δοκεῖς</em></span> 
     </span>
     <span class='ocr_line' id='line_1_55' title="bbox 923 2006 1561 2049; baseline 0 -10"><span class='ocrx_word' id='word_1_370' title='bbox 923 2006 1120 2047; x_wconf 70' lang='grc' dir='ltr'><em>μανθάνειν</em></span> <span class='ocrx_word' id='word_1_371' title='bbox 1151 2007 1480 2049; x_wconf 84' lang='lat' dir='ltr'><strong>(intelligere),</strong></span> <span class='ocrx_word' id='word_1_372' title='bbox 1513 2007 1561 2040; x_wconf 85' lang='grc' dir='ltr'><em>ὅτι</em></span> 
     </span>
     <span class='ocr_line' id='line_1_56' title="bbox 923 2050 1560 2095; baseline 0 -10"><span class='ocrx_word' id='word_1_373' title='bbox 923 2053 1027 2095; x_wconf 77' lang='grc' dir='ltr'><em>λέγω,</em></span> <span class='ocrx_word' id='word_1_374' title='bbox 1061 2052 1110 2084; x_wconf 82' lang='grc' dir='ltr'><em>ὅτι</em></span> <span class='ocrx_word' id='word_1_375' title='bbox 1143 2050 1244 2085; x_wconf 72' lang='grc' dir='ltr'><strong>ταύτὰ</strong></span> <span class='ocrx_word' id='word_1_376' title='bbox 1276 2056 1376 2084; x_wconf 83' lang='grc' dir='ltr'><em>ταῦτα</em></span> <span class='ocrx_word' id='word_1_377' title='bbox 1401 2053 1468 2084; x_wconf 80' lang='grc' dir='ltr'><em>ἔστι</em></span> <span class='ocrx_word' id='word_1_378' title='bbox 1494 2053 1560 2093; x_wconf 91' lang='lat' dir='ltr'><strong>(lo-</strong></span> 
     </span>
     <span class='ocr_line' id='line_1_57' title="bbox 924 2097 1559 2137; baseline -0.003 -7"><span class='ocrx_word' id='word_1_379' title='bbox 924 2109 1015 2130; x_wconf 87' lang='lat' dir='ltr'><strong>cum</strong></span> <span class='ocrx_word' id='word_1_380' title='bbox 1060 2097 1240 2137; x_wconf 84' lang='lat' dir='ltr'><strong>habent,</strong></span> <span class='ocrx_word' id='word_1_381' title='bbox 1285 2098 1461 2137; x_wconf 83' lang='lat' dir='ltr'><strong>valent)</strong></span> <span class='ocrx_word' id='word_1_382' title='bbox 1504 2098 1559 2130; x_wconf 85' lang='grc' dir='ltr'><strong>καὶ</strong></span> 
     </span>
     <span class='ocr_line' id='line_1_58' title="bbox 925 2141 1561 2185; baseline 0 -10"><span class='ocrx_word' id='word_1_383' title='bbox 925 2144 1004 2183; x_wconf 77' lang='grc' dir='ltr'><em>περὶ</em></span> <span class='ocrx_word' id='word_1_384' title='bbox 1045 2141 1170 2185; x_wconf 65' lang='grc' dir='ltr'><em>υιχήν,</em></span> <span class='ocrx_word' id='word_1_385' title='bbox 1212 2143 1265 2174; x_wconf 81' lang='grc' dir='ltr'><strong>καὶ</strong></span> <span class='ocrx_word' id='word_1_386' title='bbox 1303 2141 1480 2185; x_wconf 71' lang='grc' dir='ltr'><em>ὁμολογεῖς</em></span> <span class='ocrx_word' id='word_1_387' title='bbox 1515 2141 1561 2176; x_wconf 69' lang='grc' dir='ltr'><strong>αἷς</strong></span> 
     </span>
     <span class='ocr_line' id='line_1_59' title="bbox 925 2186 1561 2230; baseline -0.002 -10"><span class='ocrx_word' id='word_1_388' title='bbox 925 2188 1029 2221; x_wconf 71' lang='grc' dir='ltr'><em>ειδώς</em></span> <span class='ocrx_word' id='word_1_389' title='bbox 1063 2186 1082 2219; x_wconf 84' lang='grc' dir='ltr'><strong>ίί</strong></span> <span class='ocrx_word' id='word_1_390' title='bbox 1115 2200 1141 2219; x_wconf 85' lang='grc' dir='ltr'><em>τι</em></span> <span class='ocrx_word' id='word_1_391' title='bbox 1173 2186 1238 2229; x_wconf 77' lang='grc' dir='ltr'><strong>ἐγώ</strong></span> <span class='ocrx_word' id='word_1_392' title='bbox 1271 2187 1366 2230; x_wconf 79' lang='grc' dir='ltr'><em>λέγω.</em></span> <span class='ocrx_word' id='word_1_393' title='bbox 1420 2189 1561 2219; x_wconf 84' lang='lat' dir='ltr'><strong>Frustra</strong></span> 
     </span>
     <span class='ocr_line' id='line_1_60' title="bbox 923 2232 1560 2275; baseline 0 -10"><span class='ocrx_word' id='word_1_394' title='bbox 923 2235 1061 2265; x_wconf 87' lang='lat' dir='ltr'><strong>fuerunt</strong></span> <span class='ocrx_word' id='word_1_395' title='bbox 1093 2234 1151 2274; x_wconf 87' lang='lat' dir='ltr'><strong>qui</strong></span> <span class='ocrx_word' id='word_1_396' title='bbox 1183 2232 1202 2263; x_wconf 85' lang='grc' dir='ltr'>ὅ</span> <span class='ocrx_word' id='word_1_397' title='bbox 1234 2245 1260 2264; x_wconf 81' lang='grc' dir='ltr'><em>τι</em></span> <span class='ocrx_word' id='word_1_398' title='bbox 1289 2233 1374 2275; x_wconf 74' lang='grc' dir='ltr'><em>λέγω</em></span> <span class='ocrx_word' id='word_1_399' title='bbox 1398 2233 1560 2274; x_wconf 85' lang='lat' dir='ltr'><strong>reeipien-</strong></span> 
     </span>
     <span class='ocr_line' id='line_1_61' title="bbox 924 2278 1561 2318; baseline 0 -8"><span class='ocrx_word' id='word_1_400' title='bbox 924 2279 1004 2310; x_wconf 87' lang='lat' dir='ltr'><strong>dum</strong></span> <span class='ocrx_word' id='word_1_401' title='bbox 1030 2279 1284 2316; x_wconf 84' lang='lat' dir='ltr'><strong>arbitrarentur,</strong></span> <span class='ocrx_word' id='word_1_402' title='bbox 1318 2288 1421 2318; x_wconf 85' lang='lat' dir='ltr'><strong>quam</strong></span> <span class='ocrx_word' id='word_1_403' title='bbox 1445 2278 1561 2310; x_wconf 83' lang='lat' dir='ltr'><strong>lectio-</strong></span> 
     </span>
     <span class='ocr_line' id='line_1_62' title="bbox 924 2322 1559 2365; baseline 0.003 -10"><span class='ocrx_word' id='word_1_404' title='bbox 924 2335 1001 2355; x_wconf 88' lang='lat' dir='ltr'><strong>nem</strong></span> <span class='ocrx_word' id='word_1_405' title='bbox 1016 2324 1113 2355; x_wconf 91' lang='lat' dir='ltr'><strong>nullo</strong></span> <span class='ocrx_word' id='word_1_406' title='bbox 1127 2329 1226 2365; x_wconf 80' lang='lat' dir='ltr'><strong>paeto</strong></span> <span class='ocrx_word' id='word_1_407' title='bbox 1239 2322 1414 2354; x_wconf 83' lang='lat' dir='ltr'><strong>ferendam</strong></span> <span class='ocrx_word' id='word_1_408' title='bbox 1428 2333 1559 2357; x_wconf 84' lang='lat' dir='ltr'><strong>censeO.</strong></span> 
     </span>
     <span class='ocr_line' id='line_1_63' title="bbox 924 2366 1561 2410; baseline 0 -10"><span class='ocrx_word' id='word_1_409' title='bbox 924 2370 1008 2400; x_wconf 83' lang='lat' dir='ltr'><strong>Mox</strong></span> <span class='ocrx_word' id='word_1_410' title='bbox 1040 2379 1114 2400; x_wconf 73' lang='lat' dir='ltr'><strong>voe.</strong></span> <span class='ocrx_word' id='word_1_411' title='bbox 1145 2366 1328 2407; x_wconf 69' lang='grc' dir='ltr'><em>ἅνθρωποι</em></span> <span class='ocrx_word' id='word_1_412' title='bbox 1360 2368 1400 2399; x_wconf 89' lang='lat' dir='ltr'><strong>de</strong></span> <span class='ocrx_word' id='word_1_413' title='bbox 1432 2368 1561 2410; x_wconf 88' lang='lat' dir='ltr'><strong>glosse-</strong></span> 
     </span>
     <span class='ocr_line' id='line_1_64' title="bbox 925 2413 1560 2454; baseline 0 -9"><span class='ocrx_word' id='word_1_414' title='bbox 925 2418 1013 2445; x_wconf 85' lang='lat' dir='ltr'><strong>mate</strong></span> <span class='ocrx_word' id='word_1_415' title='bbox 1046 2418 1241 2454; x_wconf 84' lang='lat' dir='ltr'><strong>suspectum</strong></span> <span class='ocrx_word' id='word_1_416' title='bbox 1266 2413 1394 2445; x_wconf 89' lang='lat' dir='ltr'><strong>Astio</strong></span> <span class='ocrx_word' id='word_1_417' title='bbox 1423 2413 1560 2445; x_wconf 83' lang='lat' dir='ltr'><strong>videba-</strong></span> 
     </span>
     <span class='ocr_line' id='line_1_65' title="bbox 925 2460 1559 2499; baseline 0 -9"><span class='ocrx_word' id='word_1_418' title='bbox 925 2464 996 2498; x_wconf 89' lang='lat' dir='ltr'><strong>tur,</strong></span> <span class='ocrx_word' id='word_1_419' title='bbox 1031 2460 1088 2499; x_wconf 89' lang='lat' dir='ltr'><strong>qui</strong></span> <span class='ocrx_word' id='word_1_420' title='bbox 1113 2464 1226 2489; x_wconf 86' lang='lat' dir='ltr'><strong>tamen</strong></span> <span class='ocrx_word' id='word_1_421' title='bbox 1251 2463 1370 2498; x_wconf 86' lang='lat' dir='ltr'><strong>postea</strong></span> <span class='ocrx_word' id='word_1_422' title='bbox 1393 2469 1487 2490; x_wconf 84' lang='lat' dir='ltr'><strong>suam</strong></span> <span class='ocrx_word' id='word_1_423' title='bbox 1512 2469 1559 2490; x_wconf 79' lang='lat' dir='ltr'><strong>re-</strong></span> 
     </span>
     <span class='ocr_line' id='line_1_66' title="bbox 924 2504 1561 2535; baseline 0 0"><span class='ocrx_word' id='word_1_424' title='bbox 924 2504 1083 2535; x_wconf 83' lang='lat' dir='ltr'><strong>tractavit</strong></span> <span class='ocrx_word' id='word_1_425' title='bbox 1122 2504 1336 2534; x_wconf 84' lang='lat' dir='ltr'><strong>sententiam.</strong></span> <span class='ocrx_word' id='word_1_426' title='bbox 1398 2504 1470 2535; x_wconf 83' lang='lat' dir='ltr'><strong>Neo</strong></span> <span class='ocrx_word' id='word_1_427' title='bbox 1510 2508 1561 2535; x_wconf 87' lang='lat' dir='ltr'><strong>est</strong></span> 
     </span>
     <span class='ocr_line' id='line_1_67' title="bbox 924 2547 1561 2590; baseline 0 -10"><span class='ocrx_word' id='word_1_428' title='bbox 924 2549 1092 2590; x_wconf 86' lang='lat' dir='ltr'><strong>profecto,</strong></span> <span class='ocrx_word' id='word_1_429' title='bbox 1126 2558 1187 2579; x_wconf 84' lang='lat' dir='ltr'><strong>eur</strong></span> <span class='ocrx_word' id='word_1_430' title='bbox 1220 2557 1294 2579; x_wconf 80' lang='lat' dir='ltr'><strong>voe.</strong></span> <span class='ocrx_word' id='word_1_431' title='bbox 1326 2547 1561 2580; x_wconf 83' lang='lat' dir='ltr'><strong>sollicitemus.</strong></span> 
     </span>
     <span class='ocr_line' id='line_1_68' title="bbox 924 2590 1566 2635; baseline 0.002 -11"><span class='ocrx_word' id='word_1_432' title='bbox 924 2595 1013 2625; x_wconf 90' lang='lat' dir='ltr'><strong>Nam</strong></span> <span class='ocrx_word' id='word_1_433' title='bbox 1057 2590 1243 2633; x_wconf 74' lang='grc' dir='ltr'><em>ἄνθρωποι</em></span> <span class='ocrx_word' id='word_1_434' title='bbox 1279 2594 1373 2624; x_wconf 80' lang='grc' dir='ltr'><em>καλοὶ</em></span> <span class='ocrx_word' id='word_1_435' title='bbox 1411 2590 1566 2635; x_wconf 73' lang='grc' dir='ltr'><em>κάγαθοί</em></span> 
     </span>
     <span class='ocr_line' id='line_1_69' title="bbox 925 2638 1560 2677; baseline -0.002 -7"><span class='ocrx_word' id='word_1_436' title='bbox 925 2639 1066 2677; x_wconf 84' lang='lat' dir='ltr'><strong>dieitur,</strong></span> <span class='ocrx_word' id='word_1_437' title='bbox 1110 2643 1147 2669; x_wconf 88' lang='lat' dir='ltr'><strong>ut</strong></span> <span class='ocrx_word' id='word_1_438' title='bbox 1178 2638 1374 2670; x_wconf 85' lang='lat' dir='ltr'><strong>ostendatur</strong></span> <span class='ocrx_word' id='word_1_439' title='bbox 1406 2638 1560 2670; x_wconf 86' lang='lat' dir='ltr'><strong>Calliclis</strong></span> 
     </span>
     <span class='ocr_line' id='line_1_70' title="bbox 925 2683 1561 2724; baseline -0.003 -8"><span class='ocrx_word' id='word_1_440' title='bbox 925 2684 1128 2716; x_wconf 82' lang='lat' dir='ltr'><strong>sententiam</strong></span> <span class='ocrx_word' id='word_1_441' title='bbox 1189 2683 1361 2724; x_wconf 84' lang='lat' dir='ltr'><strong>aliquibus</strong></span> <span class='ocrx_word' id='word_1_442' title='bbox 1417 2684 1561 2715; x_wconf 91' lang='lat' dir='ltr'><strong>homini-</strong></span> 
     </span>
     <span class='ocr_line' id='line_1_71' title="bbox 924 2728 1560 2770; baseline -0.002 -9"><span class='ocrx_word' id='word_1_443' title='bbox 924 2729 989 2761; x_wconf 89' lang='lat' dir='ltr'><strong>bus</strong></span> <span class='ocrx_word' id='word_1_444' title='bbox 1021 2729 1215 2760; x_wconf 83' lang='lat' dir='ltr'><strong>memoratis</strong></span> <span class='ocrx_word' id='word_1_445' title='bbox 1248 2737 1368 2770; x_wconf 89' lang='lat' dir='ltr'><strong>parum</strong></span> <span class='ocrx_word' id='word_1_446' title='bbox 1400 2738 1474 2761; x_wconf 83' lang='lat' dir='ltr'><strong>esse</strong></span> <span class='ocrx_word' id='word_1_447' title='bbox 1505 2728 1560 2760; x_wconf 89' lang='lat' dir='ltr'><strong>de-</strong></span> 
     </span>
    </p>
   </div>
  </div>
 </body>
</html>
