1687 2969
800 174 836 179 -
909 154 1039 192 XLVIII
1110 174 1151 179 —

294 274 423 321 atque
455 265 563 307 adeo
594 265 815 320 sapiens
855 281 953 308 vere
993 265 1179 306 divinus.
1239 264 1414 322 Quippe
1444 265 1635 322 pendent

294 324 392 365 inde
432 322 559 363 etiam
605 322 749 363 variae
793 321 1080 365 concludendi
1127 327 1255 375 atque
1303 321 1634 378 argumentandi

294 381 514 433 rationes,-
552 378 708 433 quibus
746 379 813 420 vel
856 395 1004 421 verum
1034 378 1323 434 investigatur
1356 386 1486 433 atque
1517 393 1633 420 com-

293 437 502 493 probatur
531 435 599 476 vel
632 435 785 476 falsum
817 436 1013 492 arguitur
1053 440 1095 477 et
1124 435 1356 488 refellitur,
1388 441 1438 477 ut
1468 451 1520 477 ex
1549 435 1634 477 illis

294 494 390 535 unis
430 493 611 534 maxime
662 492 799 534 omnis
849 493 951 534 artis
997 507 1102 534 usus
1143 506 1379 546 suspensus
1421 491 1632 533 videatur.

294 550 408 592 conf.
440 549 607 591 Phileb.
636 565 678 604 p.
717 550 780 589 16.
811 549 867 590 D.
899 564 993 604 sqq.
1025 550 1092 590 57.
1122 548 1174 590 Ε.
1207 550 1272 590 59.
1304 548 1356 589 B.
1388 546 1438 589 C.
1461 548 1633 591 Politia.

292 624 334 663 p.
374 608 468 648 285.
508 606 564 647 A.
606 619 700 660 sqq.
740 604 930 661 Sophist.
970 621 1011 661 p.
1054 606 1149 647 253.
1189 605 1241 646 B.
1273 604 1416 658 D.¹E.
1448 605 1543 646 254.
1574 604 1633 647 D.

294 679 388 718 sqq.
427 663 606 704 Theaet.
637 678 678 717 p.
724 662 815 703 146.
856 663 909 704 Ε.
949 663 1092 704 Parm.
1132 679 1173 719 p.
1207 662 1300 704 135.
1340 661 1406 704 D.
1447 662 1540 703 136.
1576 661 1633 703 D.

295 719 460 777 Cratyl.
492 736 533 775 p.
574 719 669 760 390.
712 717 762 760 C.
804 719 872 761 De
913 719 1022 775 Rep.
1067 719 1123 761 V.
1164 735 1204 775 p.
1246 720 1342 760 454.
1383 719 1440 760 A.
1479 718 1561 760 VI.
1590 734 1633 773 p.

293 778 388 819 511.
428 776 480 818 Β.
523 775 628 817 VII.
667 791 708 830 p.
746 776 842 818 532.
876 775 928 817 B.
959 801 1013 806 —
1043 775 1099 817 D.
1139 793 1180 832 p.
1223 777 1319 818 533.
1357 773 1408 817 C.
1453 775 1549 816 534.
1579 774 1633 817 Ε.

294 834 497 890 Sympos.
536 848 576 888 p.
618 833 712 873 209.
752 832 803 874 Β.
844 848 935 887 sqq.
974 833 1209 874 Praeterea
1254 847 1357 874 vero
1408 831 1636 873 dialectica

296 891 425 932 etiam
465 888 733 944 quaerendo,
776 888 1058 942 sciscitando,
1101 888 1452 942 sermocinando,
1497 887 1634 931 disse-

296 946 431 988 rendo
464 945 619 999 efficit,
662 950 710 985 ut
738 944 783 986 in
814 945 964 987 animis
995 946 1199 1001 gignatur
1228 945 1318 987 veri
1348 946 1542 999 rectique
1569 945 1635 985 in-

293 1002 549 1059 telligentia,
580 1001 781 1056 valetque
824 1001 908 1043 hoc
935 1002 980 1042 in
1020 1017 1178 1058 genere
1217 1007 1400 1055 tantum,
1432 1006 1481 1042 ut
1509 1001 1634 1042 vivae

294 1061 413 1102 vocis
442 1058 771 1111 institutionem,
804 1073 890 1112 qua
917 1058 1074 1112 utitur,
1117 1058 1233 1100 omni
1262 1059 1469 1100 librorum
1500 1057 1635 1113 scrip-

294 1117 403 1158 tioni
420 1115 671 1172 longissime
692 1114 1039 1171 anteponendam
1070 1130 1164 1157 esse
1184 1115 1418 1169 unicuique
1444 1114 1634 1170 largien-

296 1174 399 1215 dum
432 1173 502 1215 sit.
562 1172 630 1213 De
669 1186 754 1226 qua
783 1186 828 1213 re
867 1171 998 1227 longo
1042 1177 1086 1213 et
1124 1172 1300 1228 copioso
1332 1186 1529 1212 sermone
1561 1185 1634 1212 ex-

294 1231 482 1287 plicatur
512 1227 696 1271 Phaedr.
725 1245 767 1284 p.
792 1230 885 1271 274.
917 1227 967 1270 C.
990 1243 1102 1284 sqq.,
1135 1243 1322 1283 quocum
1341 1228 1437 1269 loco
1458 1232 1636 1269 conten-

296 1288 373 1329 das
415 1286 544 1328 etiam
583 1285 753 1327 Phileb.
783 1301 824 1340 p.
856 1287 923 1326 57.
961 1284 1014 1327 Ε.
1045 1300 1138 1340 sqq.
1172 1285 1352 1326 Theaet.
1382 1301 1424 1340 p.
1459 1286 1552 1326 176.
1584 1282 1634 1325 C.

295 1344 366 1386 De
407 1342 517 1399 Rep.
556 1341 662 1384 VH.
702 1356 744 1397 p.
786 1343 881 1385 531.
920 1341 977 1384 D.
1046 1342 1195 1396 Atque
1236 1357 1287 1383 ex
1330 1341 1397 1382 his
1438 1340 1636 1382 omnibus

296 1406 450 1457 sponte
482 1400 562 1441 iam
602 1398 881 1455 intelligitur,
921 1413 1107 1453 quanam
1138 1398 1442 1440 coniunctione
1481 1411 1531 1439 ac
1560 1412 1635 1439 ne-

297 1456 562 1500 cessitudine
593 1455 862 1497 nobilissima
890 1470 959 1496 ars
1001 1470 1098 1497 cum
1140 1455 1287 1497 divino
1318 1470 1476 1508 amore,
1511 1459 1638 1495 antea

295 1514 575 1567 adumbrato,
614 1512 823 1554 contineri
849 1512 1132 1554 existimanda
1161 1512 1230 1554 sit.
1307 1511 1523 1553 Nimirum
1572 1516 1638 1552 est

296 1586 347 1614 ea
374 1571 568 1626 profecto
596 1583 665 1610 ars
694 1584 794 1610 vere
825 1569 1031 1611 amatoria
1056 1568 1252 1610 dicenda.
1310 1568 1425 1610 Nam
1453 1567 1637 1623 primum

297 1627 471 1683 quidem
513 1626 647 1667 amori
695 1625 758 1666 illi
806 1625 952 1667 divino
1003 1626 1201 1667 subvenit
1248 1625 1292 1666 in
1347 1623 1639 1680 comparanda

296 1700 438 1726 rerum
470 1682 652 1725 scientia
692 1688 735 1723 et
765 1682 1038 1739 cognitione,
1081 1682 1204 1724 euius
1237 1680 1474 1737 cupiditate
1507 1679 1638 1721 animi

297 1757 444 1783 eorum
473 1739 639 1781 incensi
668 1745 782 1793 sunt,
815 1740 889 1794 qui
918 1738 1054 1780 dediti
1075 1744 1177 1780 sunt
1206 1738 1443 1794 sapientiae
1473 1736 1638 1787 studi03

296 1815 336 1840 v.
367 1796 553 1840 Phaedr.
580 1811 621 1851 p.
652 1796 747 1838 250.
778 1795 828 1837 B.
860 1822 916 1828 —-
944 1796 1001 1837 D.
1036 1796 1132 1837 coll.
1164 1795 1260 1836 249.
1291 1795 1348 1836 D.
1378 1794 1432 1835 E.
1466 1795 1562 1835 251.
1583 1793 1636 1834 E.

297 1856 392 1897 254.
433 1854 485 1895 B.
524 1852 696 1895 Deinde
737 1852 921 1894 eundam
953 1851 1128 1893 adiuvat
1158 1852 1285 1893 etiam
1317 1866 1383 1905 eo,
1417 1849 1534 1905 quod
1565 1849 1641 1904 qui

297 1912 373 1953 tali
403 1925 548 1952 amore
587 1908 883 1963 incaluerunt,
924 1909 955 1950 ii
986 1909 1115 1950 etiam
1145 1907 1366 1950 seientiam
1398 1913 1441 1955 et
1467 1906 1640 1962 sapien-

295 1968 415 2022 tiam,
456 1973 506 2008 ut
544 1966 629 2008 fert
658 1966 814 2007 amoris
854 1971 1030 2020 natura,
1069 1965 1114 2006 in
1145 1965 1325 2006 aliorum
1355 1964 1508 2005 animis
1538 1978 1639 2019 pro-

292 2039 455 2082 pagare
484 2023 681 2078 cupiunt3
713 2039 751 2063 V.
785 2021 935 2078 Symp.
965 2038 1006 2077 p.
1039 2023 1134 2063 204.
1165 2047 1220 2052 -
1241 2023 1336 2064 209.
1368 2019 1419 2062 C.
1451 2019 1639 2062 Phaedr.

293 2099 336 2138 p.
380 2082 475 2123 249.
509 2078 559 2121 C.
591 2104 646 2110 -—
674 2080 769 2121 253.
800 2079 853 2120 E.
885 2079 954 2120 De
984 2078 1093 2134 Rep.
1125 2079 1206 2121 VI.
1246 2095 1287 2134 p.
1319 2079 1415 2119 490.
1446 2077 1498 2118 Β.
1557 2076 1642 2118 Est

296 2139 409 2180 enim
449 2137 577 2178 etiam
615 2136 660 2177 in
707 2135 891 2177 dicendo
940 2136 1006 2177 vis
1048 2136 1139 2177 eius
1186 2135 1370 2176 maxima
1419 2133 1641 2187 efficitque

295 2211 381 2236 nna
418 2194 529 2247 hoc,
572 2199 620 2234 ut
659 2193 849 2249 vulgaris
890 2192 1107 2233 rhetorica
1146 2192 1282 2249 ipsius
1335 2191 1505 2232 demum
1558 2203 1640 2244 ope

295 2252 388 2306 fiat,
431 2249 549 2306 quod
579 2249 770 2305 alioquin
800 2250 960 2291 frustra
987 2249 1082 2290 fieri
1121 2248 1319 2302 studeat,
1362 2260 1640 2302 ψυχαγωγια,

297 2309 419 2350 cuius
460 2305 677 2363 praesidio
719 2312 762 2348 et
817 2305 1063 2347 adiumento
1116 2304 1464 2347 conversantium
1510 2303 1640 2343 animi

297 2364 353 2406 ad
389 2379 517 2405 verae
555 2363 792 2418 sapientiae
821 2362 993 2404 laudem
1033 2362 1335 2412 instituantur3
1374 2377 1414 2404 v.
1453 2358 1641 2401 Phaedr.

296 2436 339 2478 p.
372 2421 467 2462 261.
500 2420 596 2461 coll.
627 2434 669 2475 p.
701 2420 797 2461 271.
828 2420 884 2462 D.
942 2419 1066 2461 Haec
1105 2434 1206 2461 vero
1248 2417 1391 2459 omnia
1421 2431 1553 2471 quum
1582 2416 1643 2456 ita

297 2493 393 2520 sese
423 2476 635 2529 habeant,
668 2477 864 2532 sequitur
891 2476 1112 2532 profecto,
1143 2481 1193 2516 ut
1224 2473 1510 2531 philosophus
1540 2472 1643 2514 item

299 2534 355 2577 sit
384 2549 472 2576 non
500 2532 629 2574 modo
662 2532 930 2587 dialecticus,
963 2531 1041 2574 sed
1081 2532 1208 2574 etiam
1239 2530 1460 2585 ἐρωτικός.
1510 2529 1644 2571 Amat

299 2591 411 2633 enim
452 2595 495 2631 et
532 2595 808 2631 conscetatur
845 2605 933 2631 non
971 2589 1110 2631 solum
1139 2587 1375 2643 quaerendi
1406 2585 1483 2629 sed
1514 2585 1643 2626 etiam

301 2645 544 2689 disserendi
569 2652 612 2687 et
645 2646 920 2701 colloquendi
951 2646 1340 2702 opportunitatem,
1384 2658 1469 2699 quo
1510 2641 1644 2683 amori

301 2703 596 2757 subveniatur,
627 2702 825 2757 adeoque
867 2702 1161 2746 lubentissime
1194 2707 1376 2758 usurpat
1407 2712 1642 2751 sermones,
