1687 2969
420 181 658 221 GORGIAS.
688 182 729 220 P.
762 186 854 220 459.
887 186 978 220 460.
1011 183 1067 221 ed.
1101 183 1154 221 St.
1383 184 1455 219 121

114 290 232 339 εἰδὼς
261 289 307 332 ἐν
336 286 416 332 οὐκ
446 291 575 332 εἰδόσι
603 292 764 343 μᾶλλον
793 294 871 331 τοῦ
901 291 1083 340 εἰδότος,·
1114 287 1140 343 ἢ
1169 290 1332 344 ἀνάγκη
1363 289 1461 330 εἰδέ-

112 370 204 405 ναι,
246 356 315 396 καὶ
357 356 423 397 δεῖ
447 356 811 408 προεπιστάμενον
849 363 981 396 ταῦτα
1010 354 1241 408 ἀφικέσθαι
1268 356 1383 407 παρὰ
1414 353 1458 395 σὲ
1489 354 1526 396 Ε

112 417 189 462 τὸν
225 418 431 475 μέλλοντα
459 422 730 475 μαθήσεσθαι
757 420 835 474 τὴν
866 421 1115 474 ῥητορικήνς
1156 422 1189 461 εἰ
1218 419 1261 461 δὲ
1291 421 1367 474 μή,
1408 419 1461 460 σὺ

115 486 138 528 ὁ
176 492 249 540 τῆς
288 486 511 540 ῥητορικῆς
546 486 796 533 διδάσκαλος
829 487 993 527 τούτων
1021 486 1097 539 μὲν
1127 482 1253 527 οὐδὲν
1284 485 1462 535 διδάξεις

112 549 189 593 τὸν
229 549 570 606 ἀφικνούμενον·
611 553 670 592 ου’
707 553 788 604 γὰρ
827 548 906 592 σόν
945 549 1091 605 ἔργον·
1133 552 1319 604 ποιήσεις
1348 551 1384 591 δ’
1417 549 1462 591 ἐν

113 620 202 666 τοῖς
222 619 394 666 πολλοῖς
416 618 558 658 δοκεῖν
586 616 740 658 εἰδέναι
769 615 903 657 αὐτόν
931 617 981 657 τὰ
1011 623 1185 658 τοιαῦτα
1215 612 1295 657 οὐκ
1324 616 1462 657 εἰδότα

114 682 184 724 καὶ
222 683 365 723 δοκεῖν
403 681 573 734 ἀγαθὸν
602 679 710 724 εἶναι
739 682 819 725 οὐκ
849 685 977 731 ὄντα;
1020 680 1048 735 ἢ
1074 680 1123 722 τὸ
1153 683 1356 734 παράπαν
1385 677 1463 734 οὐχ

114 743 204 796 οἷός
223 762 265 788 τε
289 745 370 788 ε’σει
394 745 532 789 αυτὸν
550 748 713 798 διδάξαι
735 747 813 801 τὴν
836 747 1077 801 ῥητορικήν.
1109 746 1182 787 ἐὰν
1203 745 1260 800 μὴ
1289 748 1462 824 προειδῆ

115 811 208 865 περὶ
247 813 412 854 τούτων
449 814 528 867 τὴν
566 813 791 866 ἀλήθειανς
832 810 859 866 η’
888 816 976 861 πῶς
1004 829 1054 853 τα
1083 816 1258 853 τοιαῦτα
1287 809 1388 865 ε’χει
1431 813 1463 852 ὡ

117 878 300 931 Γοργίας
344 878 414 920 καὶ
441 874 549 931 πρὸς
576 879 695 927 Διός,
726 875 861 931 ὥςπερ
889 881 983 931 ἀρτι
1012 873 1142 925 εἶπες,
1183 877 1463 924 ἀποκαλύψας

114 949 188 996 τῆς
209 943 432 998 ῥητορικῆς
453 943 537 984 εἰπὲ
560 944 621 991 τίς
641 937 737 985 ποθ’
760 944 787 998 ή
816 940 995 997 δύναμίς
1025 942 1148 983 ἐστιν.
1200 944 1325 983 ΓΟΡ.
1360 938 1462 983 Ἀλλ’

115 1008 198 1062 ἐγὼ
236 1008 313 1062 μὲν
352 1005 494 1063 οἶμαι,
537 1003 570 1050 ὦ
600 1007 847 1061 Σώκρατες,
889 1008 962 1050 ἐὰν
997 1004 1103 1062 τύχῃ
1131 1006 1187 1060 μὴ
1217 1008 1354 1056 εἰδώς,
1395 1007 1464 1049 καὶ

113 1081 245 1115 ταῦτα
275 1071 370 1126 παρ’
401 1073 506 1128 ἐμοῦ
535 1076 782 1129 μαθήσεται..
841 1076 942 1114 ΣΩ..
985 1070 1080 1128 ’Έχε
1110 1074 1179 1128 δή·
1218 1076 1355 1121 καλῶς
1384 1073 1464 1126 γὰρ

111 1141 253 1192 λέγεις.
285 1138 437 1190 ἐάνπερ
462 1139 689 1193 ῥητορικόν
712 1141 765 1180 σύ
788 1156 881 1180 τινα
912 1141 1105 1193 ποιήσῃς,
1135 1139 1299 1191 ἀνάγκη
1329 1135 1465 1179 αὐτόν

181 1273 220 1305 Ε.
269 1272 310 1304 εἰ
334 1272 379 1305 δὲ
403 1271 469 1317 μή,
499 1272 548 1305 σὺ
573 1271 591 1306 6
617 1272 654 1326 L]
692 1273 808 1305 Clark.
840 1273 874 1305 εἰ
898 1272 935 1305 δὲ
960 1277 992 1304 et
1016 1272 1051 1303 in
1076 1283 1183 1315 marg.
1208 1284 1262 1315 γρ.
1288 1272 1323 1304 εἰ
1347 1272 1386 1304 δὲ
1410 1270 1464 1313 μή.

183 1315 316 1350 αὐτὸν
347 1317 535 1362 διδάξαι]
571 1318 703 1359 διδαξαι
729 1316 836 1350 αὐτὸν
861 1320 937 1350 Vat.
963 1318 1049 1350 Ven.
1080 1317 1159 1350 ΞΣ.
1195 1317 1296 1349 Vind.
1321 1316 1352 1350 2.
1378 1317 1407 1350 6.
1435 1316 1464 1349 7.

114 1364 309 1440 ἓξὲξ-Ἦ.
336 1364 424 1406 Aug.
448 1365 587 1396 Mcerm.
614 1365 701 1396 Flor.
728 1364 771 1404 b.,
796 1375 896 1406 quem
922 1363 1104 1395 verborum
1129 1363 1281 1395 ordinem
1307 1362 1467 1405 probavit

183 1455 220 1485 P.
246 1452 323 1486 460.
369 1451 466 1485 Ἀλλ’
501 1452 580 1497 ἐγώ
613 1454 691 1492 μὲν
724 1450 863 1493 οἶμαι,
898 1448 925 1486 ὦ
958 1453 1012 1495 Σ]
1051 1449 1144 1493 οἶμαι
1180 1464 1244 1485 om.
1281 1454 1359 1485 Par.
1392 1454 1465 1485 EF.

113 1499 204 1530 Flor.
223 1499 244 1530 f.
262 1510 288 1531 s.
324 1499 413 1531 Dein
439 1499 533 1531 solus
559 1500 671 1541 steph.
698 1499 737 1530 de
763 1500 962 1532 coniectura
987 1498 1225 1541 μαθήσεσθαι,
1251 1499 1307 1530 sed
1333 1509 1364 1530 v.
1387 1509 1465 1530 ann.

112 1611 264 1653 Respicit
287 1611 444 1643 Socrates
475 1611 518 1643 ad
542 1611 647 1644 verba
673 1612 756 1644 Gor-

111 1657 188 1711 giae
213 1667 244 1698 p.
269 1655 346 1709 455.
370 1657 413 1688 D.

160 1699 256 1733 'Am'
285 1699 365 1754 ἐγώ
391 1701 469 1740 μὲι
494 1697 628 1740 οἶμαι,
654 1696 679 1733 ὦ
704 1702 755 1739 Σ.,

124 1766 157 1771 -
182 1744 446 1790 μαθήσεται]
481 1745 587 1779 codd.
618 1747 756 1789 plurimi

115 1797 217 1833 atque
256 1792 375 1834 optimi
413 1790 622 1834 μαθήσεται,
666 1792 755 1834 quod

114 1837 206 1868 editt.
242 1842 321 1868 vett.
359 1838 394 1868 in
426 1835 651 1879 μαθήσεσθαι
687 1849 756 1869 mu-

113 1886 238 1914 tarunt.
293 1883 404 1924 Atque
452 1883 542 1914 hanc
589 1883 755 1914 rationem

114 1929 214 1959 unice
256 1938 370 1959 veram
409 1932 507 1969 putat
546 1928 756 1960 Heindor-

114 1973 148 2003 fi
157 1983 177 2004 u
189 1983 222 2012 s,
248 1973 307 2014 qui
317 1973 470 2014 alioquin
481 1972 584 2026 scribi
596 1973 756 2005 debuisse

116 2019 315 2049 arbinatur:
341 2015 422 2049 'Am'
443 2016 505 2049 ἐὰν
522 2016 598 2060 τι’χῃ
621 2037 675 2057 μ,
701 2018 754 2050 καὶ

116 2074 226 2100 ταυτα,
241 2058 344 2101 οἷιιαι,
367 2060 444 2103 παρ’
461 2062 545 2101 ἐμοῦ
556 2063 756 2106 ιιαθήσειαι.

116 2109 162 2139 At
194 2108 283 2139 enim
319 2118 397 2139 vero
431 2108 518 2139 solet
548 2109 597 2139 ita
629 2110 756 2150 passim

116 2156 192 2195 post
207 2153 372 2184 formulas
390 2151 465 2191 ἐιιοὶ
483 2152 590 2190 δοκεῖ,
614 2155 762 2185 οἰεσθαί

116 2210 153 2240 γε
170 2198 245 2240 χρή,
262 2197 328 2241 ἐγιίι
343 2197 408 2236 μὲι
423 2193 528 2236 οἶμαι,
555 2197 639 2230 alibi
655 2200 756 2230 etiam

118 2242 339 2283 naoevste'tms
356 2243 515 2284 usurpari
537 2243 666 2283 solitas,
687 2254 755 2275 non

116 2287 316 2327 infinitivus,
335 2287 394 2319 sed
408 2287 616 2320 indicativus
630 2289 757 2320 inferri.

117 2332 272 2371 Accedit,
309 2333 399 2374 quod
423 2333 629 2364 indicativus
654 2333 757 2375 longe

118 2378 404 2409 accommodatior
422 2382 473 2410 est
493 2379 664 2420 sophistae
681 2389 742 2410 con

116 2422 295 2462 fidentiae,
339 2433 441 2464 quam
476 2424 583 2455 oratio
619 2423 758 2455 aliunde

117 2478 292 2507 suspensa.
307 2467 463 2499 Ceterum
479 2470 568 2500 conf.
582 2470 609 2500 P
612 2474 758 2510 rotagm.

118 2523 151 2554 p.
171 2510 248 2544 314.
273 2513 317 2544 C:
345 2512 443 2544 δοκεῖ
464 2513 530 2545 σιἰι
554 2525 620 2552 μοι,
648 2511 665 2545 6
693 2515 757 2544 θιι-

122 2556 237 2598 ρωρὸς
260 2575 303 2580 ——
329 2556 518 2610 κιιτήκοιιει
539 2556 642 2600 ἡμων.
667 2559 759 2590 Men.

118 2613 151 2644 p.
176 2601 229 2634 94.
253 2603 298 2633 B:
341 2601 431 2634 δοκῶ
466 2602 547 2641 με’-ιι,
585 2601 759 2645 ἐβοίλειο.

118 2647 311 2688 Sophist.p
314 2645 422 2681 ..231
449 2648 490 2678 D.
534 2650 584 2679 De
616 2648 759 2689 Republ.

119 2693 160 2724 V.
192 2703 223 2734 p.
252 2658 329 2724 4615.
361 2692 409 2723 A:
453 2688 545 2731 οἶμαι
580 2692 634 2734 δέ,
676 2691 759 2724 οιιδὲ

824 1610 932 1645 ἀλλοις
956 1610 1118 1651 ἀτιμάσει.
1156 1611 1240 1643 lbid.
1263 1623 1295 1653 p.
1314 1610 1390 1644 473.
1416 1613 1465 1643 D:

827 1657 917 1689 διικιιι
938 1656 984 1694 δι,
1012 1655 1096 1689 ιιιίδὲ
1113 1669 1155 1688 τοι
1175 1655 1337 1703 ἀιθρωῖτ.
1364 1656 1467 1711 γένει.

826 1704 883 1734 VI.
918 1713 948 1744 p.
974 1701 1048 1734 507.
1083 1703 1130 1733 D:
1170 1704 1263 1741 οἶμαι
1297 1699 1465 1739 §3013ss

826 1746 935 1779 ἄλλοι
962 1746 1167 1790 προςδεήσει
1186 1745 1343 1780 οιιδειός.
1370 1748 1412 1779 X
1434 1758 1466 1788 p

825 1792 901 1825 608.
921 1794 962 1824 D.
988 1793 1135 1834 Sophist.
1153 1804 1183 1834 p.
1203 1791 1279 1825 231.
1298 1793 1348 1823 D:
1377 1792 1467 1824 δοκοι

826 1838 890 1877 μὲιι
913 1836 991 1880 γάρ,
1019 1837 1052 1869 τὸ
1080 1841 1218 1879 πρῶτον
1242 1835 1375 1879 εὑρέθη
1403 1839 1465 1879 θη-

829 1882 957 1926 1)Εἰ’ῐήκ“.
991 1883 1108 1925 Lysid.
1131 1894 1162 1925 p.
1181 1882 1257 1917 206.
1277 1883 1313 1914 C.
1334 1881 1410 1914 218.
1428 1883 1467 1914 E.

826 1929 977 1970 Utraque
1025 1929 1235 1960 constructio
1281 1929 1468 1960 coniuncta

826 1975 990 2016 reperitur
1014 1974 1156 2005 Lachet.
1180 1985 1210 2015 p.
1239 1972 1311 2005 184
1332 1974 1382 2012 B.,
1407 1973 1468 2004 ubi

827 2030 856 2050 v.
892 2030 972 2050 ann.
1016 2019 1214 2060 Thucyd.
1247 2019 1273 2058 Ι,
1299 2017 1336 2050 3:
1375 1998 1472 2050 δοκεῖ

828 2064 864 2096 δι’
888 2075 952 2103 Ιιοι,
979 2062 1063 2096 οὐδὲ
1088 2062 1235 2103 roi‘woua
1262 2075 1359 2095 tomo
1385 2062 1467 2104 ξύμ-

829 2108 919 2140 πασά
967 2121 1017 2140 m)
1062 2121 1163 2150 ειχει.
1223 2109 1328 2140 Plura
1374 2108 1469 2140 dabit

827 2154 1094 2186 Schaefeuls
1152 2154 1191 2185 ad
1246 2154 1469 2185 Demosthen.

827 2200 985 2240 Apparat
1012 2201 1053 2230 ’.Γ
1079 2199 1119 2230 V.
1144 2210 1176 2240 p.
1201 2197 1254 2231 96.

865 2242 955 2285 ’Έχε
983 2243 1047 2286 627¹·
1081 2245 1217 2277 καλῶς
1241 2256 1271 2286 γ.
1297 2242 1357 2286 —]
1390 2245 1469 2275 Fre-

827 2300 935 2343 quens
951 2289 1042 2341 apud
1058 2289 1235 2320 Platonem
1254 2292 1304 2319 est
1322 2288 1470 2320 formula

828 2334 878 2374 ἔχε
897 2332 948 2375 δή,
966 2334 1065 2365 cuius
1082 2335 1239 2376 exempla
1254 2334 1471 2376 collegerunt

828 2380 984 2410 Astius
1009 2379 1051 2411 ad
1076 2379 1255 2420 Rcmpubl.
1280 2390 1311 2420 p.
1328 2377 1406 2411 353.
1430 2380 1468 2412 B.

829 2424 869 2455 ad
895 2425 997 2466 L.eg
1025 2423 1151 2466 9627.
1172 2425 1209 2456 O.
1241 2424 1468 2456 Heind01f.

829 2468 870 2499 ad
888 2470 1099 2510 Protagor.p
1103 2467 1201 2501 ..349
1216 2470 1258 2500 D.
1278 2470 1365 2501 conf.
1380 2470 1470 2501 infra

829 2524 859 2555 p.
875 2512 1011 2546 4903.
1038 2515 1088 2555 ἔχε
1111 2513 1152 2556 δὴ
1177 2512 1292 2546 αὐτου.
1317 2514 1469 2546 Heind.

830 2558 964 2599 quidem
990 2559 1160 2601 explicat:
1187 2560 1400 2599 subsiste,
1426 2564 1471 2590 ut

829 2603 889 2634 sit
920 2605 1162 2636 retinentis
1196 2604 1471 2636 revocantis-

830 2658 927 2689 qne,
965 2649 999 2680 si
1036 2651 1131 2691 quis
1164 2649 1254 2681 alio
1286 2659 1470 2690 pergere

831 2698 901 2724 aut
920 2693 1039 2727 aliud
1061 2699 1237 2727 acturus
1260 2694 1466 2726 videatur.

1494 880 1577 922 460
