1687 2969
494 166 736 205 GORGIAS.
1397 168 1475 202 303

767 168 810 205 P.
842 169 934 204 514.
965 167 1024 205 ed.
1057 167 1113 206 St.

127 277 232 324 λους
271 274 328 323 ὡς
364 274 503 316 ἱκανοὶ
539 274 677 327 ἰατροὶ
716 277 854 325 ὄντες,
894 274 1218 328 ἐπεσκεψάμεθα
1246 274 1387 328 δήπου
1424 273 1479 314 ἂν

130 339 211 393 ἐγώ
240 355 283 381 τε
311 339 357 381 σὲ
384 339 456 381 καὶ
484 340 538 380 σὺ
567 337 650 393 ἐμέ,
685 338 793 392 Φέρε
821 339 928 391 πρὸς
952 342 1080 389 θεῶν,
1111 335 1241 388 αὐτὸς
1269 338 1313 380 δὲ
1341 339 1365 380 ὁ
1387 342 1478 380 Σω-

128 406 284 459 κράτης
314 407 404 453 πῶς
433 403 512 458 ἔχει
540 404 588 446 τὸ
617 408 737 458 σῶμα
765 404 872 456 πρὸς
896 405 1083 458 ὑγίειανς
1112 401 1140 457 ἢ
1170 405 1250 458 ἤδη
1274 419 1335 453 τις
1355 406 1481 452 ἄλλος

127 470 197 511 διὰ
226 472 465 523 Σωκράτην
494 470 712 523 ἀπηλλάγη
740 470 898 519 νόσου,
943 467 970 523 ἢ
998 471 1152 518 δοῦλος
1180 466 1207 523 ἢ
1235 469 1478 521 ἐλεύθερος;

131 535 229 576 Κᾶν
259 534 362 588 ἐγώ,
393 532 532 589 οἶμαι,
561 535 656 587 περὶ
684 538 764 576 σοῦ
793 535 910 586 ἕτερα
939 537 1116 576 τοιαῦτα
1147 533 1372 576 ἐσκόπουν.
1409 533 1479 576 καὶ

128 601 164 641 εἰ
191 600 248 654 μὴ
279 601 539 654 ηὑρίσκομεν
579 596 626 641 δι’
667 601 778 655 η’μὰς
806 598 967 654 μηδένα
1006 601 1155 653 βελτίω
1197 600 1403 653 γεγονότα
1432 600 1479 640 τὸ

129 668 276 719 σῶμα,
320 667 421 719 μήτε
461 668 547 706 τῶν
587 665 719 716 ξένων
747 667 849 719 μήτε
886 667 972 705 τῶν
1001 666 1163 715 ἀστῶν,
1203 666 1304 718 μήτε
1341 664 1478 717 ἄνδρα

128 733 230 785 μήτε
265 734 473 784 γυναῖκα,
514 733 621 783 πρὸς
657 731 789 779 Διός,
829 725 861 771 ὦ
904 731 1175 779 Καλλίκλεις,
1216 730 1268 771 οὐ
1306 729 1476 783 καταγέ-

127 799 285 837 λαστον
326 796 380 837 ἂν
407 792 462 849 1ἧν
500 803 550 849 τῇ
590 797 770 850 ἀληθείᾳ
813 797 870 844 εἰς
903 802 1112 837 τοσοῦτον
1149 796 1297 844 ἀνοίας
1336 794 1479 836 ἐλθεῖν

128 963 158 996 1.
182 963 213 996 2.
238 964 268 998 6.
295 963 325 997 7.
357 965 433 997 Par.
459 965 561 997 CIV.
593 964 684 997 Flor.
716 975 746 997 a.
771 963 803 996 b.
830 974 859 997 c.
884 964 915 996 d.
940 975 975 996 x.
1009 964 1095 1007 Aug.
1129 964 1289 1004 Meerm.,
1328 963 1364 995 in
1396 966 1477 996 vett.

128 1009 223 1042 editt.
247 1014 299 1042 est
323 1011 439 1053 ἔγωγε.

196 1053 215 1098 ἢ
241 1053 319 1098 ἤδη
347 1067 405 1089 τις
430 1053 574 1097 ἄλλος]
608 1055 664 1087 Sic
689 1056 766 1087 Par.
791 1056 828 1087 F.
854 1065 939 1089 corr.
989 1053 1102 1086 Ceteri
1126 1053 1206 1086 libri
1239 1052 1257 1097 ἢ
1292 1053 1326 1085 εἰ
1357 1052 1399 1096 δή
1434 1065 1478 1086 τις

126 1098 235 1134 ἄλλος.

195 1144 310 1188 εἰμὴ
342 1142 638 1188 ηὑρίσκομεν]
687 1145 743 1177 Sic
776 1144 892 1177 Clark.
925 1145 1000 1178 vat.
1034 1154 1093 1186 pro
1128 1144 1222 1186 vulg.
1256 1141 1477 1184 εὑρίσκομεν.

128 1191 218 1223 conf.
243 1202 274 1233 p.
298 1190 376 1223 513.
400 1191 440 1223 Ε.
471 1191 592 1223 Matth.
626 1191 774 1223 Gramm.
809 1192 838 1230 ἓ.
865 1189 939 1223 167.
964 1191 1091 1222 Buttm.
1124 1191 1154 1229 ξ.
1179 1188 1235 1224 84.
1258 1188 1290 1223 3.
1322 1189 1475 1222 Lobeck.

127 1236 169 1269 ad
194 1236 322 1279 Phryn.
345 1246 378 1278 p.
404 1234 480 1269 140.

836 1390 1010 1432 obliquam
1046 1396 1197 1431 mutata,
1239 1391 1477 1434 corrigendum

836 1437 968 1468 censuit
993 1434 1012 1478 ἢ
1038 1436 1102 1478 ηδη
1129 1448 1174 1470 τις
1198 1434 1305 1470 ἄλλος.
1366 1437 1476 1477 Quam

836 1481 1107 1513 emendationem
1121 1481 1270 1523 amplexi
1283 1485 1363 1514 sunt
1375 1483 1475 1514 etiam

836 1527 1018 1558 Bekker.
1051 1531 1085 1558 et
1107 1527 1210 1566 Ast,
1243 1532 1276 1559 et
1308 1538 1370 1570 ego
1396 1538 1477 1569 quo-

836 1582 901 1612 que
934 1571 1137 1613 amplector,
1178 1572 1241 1603 etsi
1273 1572 1366 1604 solus
1402 1572 1474 1604 eod.

835 1617 942 1648 Paris.
978 1617 1017 1648 F.
1049 1616 1153 1648 habet
1185 1615 1268 1658 ἤδη,
1300 1617 1402 1658 idque
1433 1628 1476 1649 ex

836 1662 1042 1693 correctione
1098 1661 1262 1694 additum.
1338 1663 1476 1694 Etenim

127 1394 171 1426 rit
195 1405 238 1425 ex
261 1393 323 1432 iis,
356 1403 443 1435 quae
469 1391 511 1424 ad
535 1392 681 1435 Apolog.
707 1393 766 1425 So-

128 1444 208 1470 crat.
238 1449 270 1480 p.
304 1437 359 1470 11.
390 1438 651 1480 disputavimus.
698 1437 767 1469 Ad·

127 1485 238 1516 dimus
272 1483 472 1525 Sophist.p
477 1482 584 1516 ,.256
610 1484 652 1570 Bp
694 1484 765 1515 Me-

127 1540 204 1562 nex.
241 1539 274 1570 p.
297 1527 375 1561 236.
403 1529 446 1560 D.
451 1494 533 1570 pLy
536 1528 598 1560 sid.
656 1527 764 1562 .2Ο9.

127 1575 167 1607 E.
190 1575 328 1616 Protag.
359 1584 390 1615 p.
415 1572 490 1606 318.
510 1539 563 1605 ΥΒ.
600 1574 652 1604 De
683 1574 765 1615 Rep.

128 1621 222 1652 VIII.
268 1630 300 1661 p.
347 1618 423 1652 515.
471 1619 510 1650 E.
564 1618 766 1660 Xenoph.

128 1665 244 1707 Symp.
277 1665 321 1703 Π,
344 1663 399 1697 20.
446 1665 499 1696 De
530 1664 656 1695 aoristo
689 1662 766 1695 ἑπε-

130 1708 336 1750 σκεψάμεθα
369 1713 447 1751 post
476 1709 711 1751 imperfectum
735 1708 770 1740 εἰ

128 1775 172 1779 -
212 1756 472 1795 παρεκαλοῦμεν
512 1754 623 1796 posito
663 1765 694 1787 v.
735 1764 767 1795 p.

127 1799 204 1833 447.
231 1801 273 1832 D.
298 1800 376 1832 coll.
402 1800 641 1841 Euthyphron.
665 1810 696 1840 p.
714 1798 767 1830 12.

128 1847 171 1878 D.
218 1845 374 1888 Sympos.
406 1856 437 1887 p.
471 1844 545 1877 199.
576 1846 618 1876 D.
651 1845 767 1885 ibique

129 1894 244 1923 annot.
270 1891 353 1922 Post
377 1889 437 1929 ἑμέ
459 1889 685 1932 exspectabas
712 1889 767 1921 ad-

128 1936 236 1968 ditum
261 1934 415 1978 λέγοντες
441 1933 549 1968 οὕτως
573 1939 632 1967 aut
656 1934 767 1966 simile

129 1981 300 2023 quiddam.
355 1980 422 2013 Sed
453 1980 571 2012 eadem
604 1980 767 2012 orationis

130 2027 239 2058 forma
269 2030 321 2058 est
351 2036 383 2067 p.
408 2024 485 2058 515.
510 2026 551 2057 A.
609 2025 767 2057 Ceterum

131 2068 351 2113 δημοσιεύειν
368 2075 420 2102 est
435 2069 578 2102 verbum
594 2071 767 2113 proprium

130 2127 234 2158 quum
269 2116 310 2148 de
341 2116 499 2148 omnibus
531 2116 595 2154 iis,
626 2117 684 2156 qui
708 2126 768 2157 pu-

128 2161 220 2193 blica
227 2172 369 2193 munera
381 2165 565 2203 capessunt
574 2161 627 2202 (in
637 2159 767 2192 Staats-

130 2207 256 2239 diemte
295 2206 415 2247 treten)
462 2211 533 2238 tum
579 2206 682 2237 etiam
727 2205 767 2236 de

130 2251 314 2283 medicis
375 2251 559 2293 publice
612 2250 768 2282 eondu-

131 2298 218 2328 etis
243 2300 284 2328 et
316 2302 452 2328 artem
482 2306 596 2328 suam
631 2295 768 2337 publi-

131 2351 178 2374 ce
202 2340 534 2374 factitantibus.
576 2341 627 2372 De
652 2340 768 2371 huius-

130 2386 223 2419 modi
245 2386 388 2418 medicis
419 2396 603 2427 eorumque
633 2385 768 2417 fortuna

131 2442 162 2466 v.
189 2431 373 2465 Boeckh.
400 2431 526 2464 oecon.
551 2431 655 2465 Attio.
678 2431 717 2462 T.
741 2431 766 2461 I.

132 2487 163 2519 p.
189 2475 266 2508 132.

176 2519 196 2563 ἢ
234 2519 312 2563 ηὸη
351 2532 413 2553 τις
444 2518 565 2553 ἄλλος
589 2519 651 2562 —]
678 2520 768 2553 V.ett

131 2565 225 2597 editt.
257 2564 278 2607 ἢ
302 2577 332 2597 ει
367 2563 408 2607 δή
433 2578 489 2599 τις.
536 2564 767 2597 Heindorf.

131 2621 236 2652 quum
265 2611 352 2642 haec
384 2621 444 2652 per
466 2610 768 2652 interrogationem

130 2657 299 2697 acciperet
332 2659 435 2697 atque
458 2655 598 2687 mirifice
623 2655 768 2686 offende-

131 2706 224 2733 retur
261 2704 356 2732 recta
392 2701 543 2732 oratione
582 2700 698 2732 statim
732 2700 767 2731 in

836 1711 978 1748 possunt
1003 1706 1141 1748 quidem
1173 1707 1259 1739 haec
1291 1708 1409 1739 referri
1434 1707 1476 1739 ad

835 1752 1077 1793 praecedentia
1108 1752 1188 1784 illa:
1231 1755 1303 1785 πῶς
1337 1753 1400 1794 ἔχει
1442 1750 1476 1784 τὸ

838 1801 933 1836 σῶμα
958 1809 985 1828 κ.
1012 1809 1035 1828 τ.
1063 1798 1107 1834 λ..
1141 1798 1190 1829 ita
1214 1802 1253 1828 ut
1277 1797 1311 1829 εί
1333 1809 1401 1829 non
1426 1798 1476 1829 in-

835 1847 1007 1884 terrogare
1031 1846 1186 1884 putetur,
1220 1842 1278 1875 sed
1310 1843 1478 1875 conditio—

836 1888 889 1919 nis
925 1888 1029 1919 faeiat
1068 1887 1365 1929 significationem.
1425 1889 1477 1919 Ita

836 1934 943 1966 oratio
967 1936 1086 1975 gratae
1107 1933 1283 1965 cuiusdam
1300 1933 1476 1975 negligen-

836 1978 904 2009 tiae
936 1978 1084 2019 speeiem
1119 1978 1243 2010 referet
1275 1989 1295 2010 a
1326 1978 1475 2020 dialogo-

836 2033 910 2054 rum
930 2022 1178 2055 consuetudine
1197 2024 1337 2055 minime
1355 2023 1476 2055 abhor-

836 2073 976 2100 rentem.
1023 2068 1123 2108 Aut,
1155 2069 1282 2110 inquit,
1316 2069 1354 2100 si
1379 2069 1476 2110 quis

837 2113 974 2152 alius,
1008 2113 1100 2144 sive
1127 2123 1276 2145 servus
1300 2114 1394 2145 sive
1419 2114 1476 2145 in-

836 2168 1023 2201 genuus,
1070 2168 1146 2199 per
1185 2158 1409 2191 Socratem
1456 2170 1476 2191 a

837 2204 984 2246 morbo
1032 2202 1255 2235 liberatus
1294 2208 1379 2235 est:
1427 2214 1475 2235 sc.

838 2251 909 2281 πῶς
942 2248 1043 2281 οὗτος
1076 2248 1141 2289 ἔχει
1182 2246 1216 2280 τὸ
1257 2251 1352 2287 σῶμα
1386 2248 1475 2289 πρὸς

839 2290 991 2345 ι’γιέιαῖς
1017 2292 1083 2324 Sed
1108 2293 1183 2334 ipsa
1207 2294 1379 2326 sententia
1394 2294 1475 2326 huic

835 2338 961 2370 rationi
984 2337 1194 2370 adversatur.

883 2394 920 2414 ει
954 2380 1007 2424 μὴ
1039 2379 1316 2424 ηὑρισκομεν
1341 2402 1382 2408 -
1406 2395 1474 2426 μη-

839 2427 913 2459 δέ]
922 2427 953 2470 α]
980 2428 1024 2458 Η.
1049 2439 1076 2459 e.
1104 2425 1187 2459 τινά.

881 2473 920 2504 Ε.
969 2472 1033 2506 εἰς
1078 2476 1299 2504 τοσοῦτον
1331 2492 1373 2496 -
1405 2470 1473 2505 ἀτ-

837 2515 1067 2560 equinam]
1121 2518 1353 2550 Heindorf.
1407 2516 1468 2550 ἀν-

840 2562 1007 2603 θρώπους
1032 2563 1167 2594 censuit
1190 2566 1363 2604 tamquam
1383 2573 1476 2605 pror·

837 2617 895 2640 sus
918 2607 1150 2649 importunum
1179 2607 1361 2639 delendum
1391 2618 1475 2640 esse.

838 2652 903 2684 Sed
927 2657 1017 2684 reete
1040 2652 1208 2684 iudicavit
1225 2653 1377 2684 Buttm.
1403 2664 1475 2685 ora-

836 2698 964 2730 tionem
988 2697 1062 2729 fieri
1082 2698 1285 2739 graviorem,
1309 2697 1390 2729 dum
1413 2708 1474 2739 pro
