1687 2969
190 131 268 164 202
735 129 942 166 PLATON
946 129 994 166 IS

188 236 286 283 τοὺς
325 234 438 288 παρὰ
477 236 610 288 φύσιν
646 235 858 287 ἅπαντας,
898 235 1135 284 ἐπαναστὰς
1162 237 1355 290 ἀνεφάνη
1384 239 1530 278 δεσπό-

187 316 260 354 της
287 300 484 354 ημὲτερος
521 300 544 341 ὁ
574 302 749 349 δοῦλος,
794 317 863 342 και
905 301 1096 343 ἐνταῦθα
1136 300 1332 354 ἐξέλαμψε
1372 302 1419 342 τὸ
1452 308 1530 379 γῆς

119 365 156 407 Β
190 366 358 418 φύσεως
387 365 563 406 δίκαιον.
605 366 723 407 δοκεῖ
756 365 799 407 δὲ
837 383 908 419 μοι
945 366 1016 407 καὶ
1046 367 1264 419 Πίνδαρος
1302 366 1407 419 ἅπερ
1447 366 1528 419 ἐγὼ

184 430 292 484 λέγω
322 430 622 472 ἐνδείκνυσθαι
650 431 695 472 ἐν
722 437 780 471 τῶ
810 434 983 485 slopan,
1024 430 1070 472 ἐν
1099 432 1131 485 ᾡ
1171 430 1300 485 λέγει,
1337 431 1402 473 ὅτι
1431 433 1528 473 Νό-

163 511 284 549 ‘pos
312 496 335 536 ὁ
363 497 587 537 πάντων
627 496 892 548 βασιλεὺς
931 499 1152 538 θνατῶν
1189 511 1241 538 τε
1279 497 1365 539 καὶ
1403 498 1527 538 ‹iea-

185 561 388 602 νάτων·
427 554 552 609 οὗτος
580 560 624 601 δὲ
653 561 727 615 δή,
760 562 914 614 φησίν,
955 563 1349 619 ἄγειῃδλικαιῶν.
1372 563 1430 604 τὸ
1461 564 1527 614 βι-

187 627 459 667 αιότατον
506 626 787 681 ύπερτοέτᾳ
833 616 998 680 χειρθίῗ
1028 618 1417 681 γὲιἐκίιιαίρομαι
1455 626 1529 681 ἔρ-

185 700 370 743 γοισιν
392 686 714 743 (Ηρακλέος,
756 691 871 732 ἐπεὶ
900 693 1182 744 damoetas
1205 717 1256 723 —
1280 691 1388 746 λέγει
1416 693 1528 734 οὕτω

186 772 298 806 πως,
336 758 383 797 τὸ
422 756 504 809 γὰρ
544 752 656 809 ᾆσμα
694 757 773 798 οὐκ
814 755 1046 811 ἐπίσταμαι.
1084 757 1192 812 λέγει
1234 759 1287 809 δ’,
1330 755 1394 799 ὅτι
1432 761 1529 800 οὔτε

254 944 468 998 ᾃεσπότης
508 944 732 989 ἡμέτερος]
782 944 945 988 ὑμέτερος
976 946 1092 990 steph.
1124 951 1256 990 praeter
1288 947 1442 980 codicum
1472 958 1531 981 au-

185 995 429 1079 ct01113‘t.3tec‚151;·ffl
470 1036 621 1068 δικαιῶ
635 1036 670 1079 ν]
720 1037 760 1068 V.
801 1037 921 1078 βιαίως
957 1035 992 1069 τὸ
1026 1035 1246 1070 δικαιότατον.
1304 1038 1370 1070 Sed
1407 1039 1531 1080 βιαίων

187 1081 302 1115 Clark.
336 1083 410 1114 Vat.
438 1082 541 1114 Coisl.
574 1082 659 1113 Ven.
695 1083 735 1114 Σ.
760 1083 862 1115 Vind.
894 1082 922 1114 1.
948 1082 979 1115 2.
1012 1082 1042 1115 6.
1069 1082 1098 1115 7.
1132 1085 1210 1115 Par.
1240 1083 1352 1116 BCF.
1383 1084 1475 1115 Flor.
1499 1095 1527 1116 a.

187 1128 217 1158 b.
242 1137 271 1159 0.
296 1127 326 1159 d.
352 1138 394 1159 m.
420 1139 449 1159 0.
474 1139 505 1159 x.
533 1128 658 1169 βιαιιῦν
682 1128 767 1160 Ven.
795 1128 832 1161 Ξ.
873 1128 1078 1170 Plerumque
1104 1129 1139 1161 hi
1164 1139 1282 1161 versus
1307 1130 1357 1161 sic
1383 1129 1529 1161 afferun-

183 1307 381 1348 metaphora
422 1308 465 1339 ab
507 1317 592 1348 equo
638 1307 823 1339 ferociente

184 1353 327 1394 repetita
359 1357 420 1384 est.
482 1352 581 1392 Quod
618 1353 822 1395 intelligitur

183 1399 285 1430 etiam
301 1409 343 1429 ex
358 1408 423 1429 usu
440 1398 535 1429 verbi
553 1395 820 1434 ἀποσείσασθαι,

184 1444 246 1475 hoc
271 1444 306 1474 in
331 1453 456 1484 genere
489 1444 571 1474 satis
604 1444 820 1484 frequentati.

182 1488 374 1530 Xenoph.
399 1488 522 1530 Cyrop.
549 1489 625 1528 VH,
652 1489 681 1527 1,
708 1489 767 1522 18:
801 1486 819 1520 ὁ

184 1535 286 1567 ramos
316 1531 508 1574 σφαδάζων
539 1531 736 1565 α’ποσειέται
762 1531 821 1565 τὸ]-

186 1579 319 1620 Ampor.
364 1578 569 1610 Herodot.
595 1580 678 1618 VII,
714 1578 776 1610 88:
803 1577 820 1610 ὁ

184 1626 288 1657 ἵππος
328 1621 407 1657 στας
453 1621 568 1664 ὀρθὸς
613 1623 820 1656 ἀπεσείσατο

184 1667 242 1701 τὸν
272 1667 486 1709 Φαρνούχεα.
522 1670 581 1709 IX,
606 1668 665 1702 22:
692 1671 819 1701 ι”σταται

183 1713 298 1755 ὀρθὸς
331 1715 385 1745 καὶ
421 1712 627 1746 ἀποσείεται.
686 1714 819 1747 Deinde

181 1758 360 1803 γράμματα
390 1770 458 1791 non
484 1760 524 1791 de
548 1761 819 1802 psephisma—

182 1806 238 1837 tis
263 1804 487 1846 intelligenda
511 1809 609 1844 sunt,
641 1805 731 1847 quod
762 1816 819 1837 vo-

181 1851 245 1882 luit
268 1850 577 1890 Heindorfius,
602 1850 660 1882 sed
680 1851 818 1882 omnino

181 1895 223 1927 de
256 1895 478 1935 formulis,
517 1896 552 1926 in
586 1907 727 1937 quarum
758 1906 819 1927 nu-

181 1951 273 1972 mero
308 1944 387 1971 sunt
419 1941 741 1982 psephismata,
781 1945 819 1972 ut

181 1996 260 2017 vere
301 1986 435 2016 monuit
467 1986 733 2018 Sehaeferus
775 1985 819 2017 ad

182 2031 357 2062 Demosth.
382 2031 543 2072 Apparat.
560 2033 598 2062 T.
614 2032 672 2062 IV.
696 2042 728 2073 p.
742 2030 818 2063 260.

180 2095 223 2099 -
240 2074 577 2118 μαγγανεύματα
602 2080 682 2108 sunt
705 2087 817 2118 prae·

181 2121 368 2162 stigiae‚
408 2125 445 2151 ut
476 2122 580 2164 Legg.
611 2122 652 2156 X.
678 2132 709 2163 p.
742 2120 818 2154 908.

180 2167 222 2199 D.
243 2167 301 2197 XI.
326 2176 358 2207 p.
375 2164 450 2198 933.
476 2167 519 2198 al.
536 2178 565 2197 v.
592 2167 817 2209 Spanhem.

180 2211 221 2242 ad
260 2211 432 2252 Aristoph.
472 2211 561 2243 I’lut.
600 2223 631 2245 v.
665 2210 742 2244 310.
775 2231 818 2235 —-

179 2255 260 2287 ἐπα
277 2254 434 2288 words
461 2254 712 2298 ἀνεφανη-
731 2255 817 2297 ἑξέ-

179 2302 327 2339 λαμψε.
376 2302 427 2332 De
459 2301 522 2333 hoc
546 2313 612 2333 usu
643 2303 761 2333 aoristi
786 2313 817 2333 v.

179 2345 221 2377 ad
245 2345 421 2377 Phaedon.
444 2357 475 2388 p.
492 2345 543 2379 73.
568 2348 610 2379 D.
637 2358 663 2378 c.
688 2347 818 2378 XVIII.

222 2391 261 2422 B.
302 2391 371 2421 καὶ
413 2390 653 2434 Πίνδαρος]
700 2393 817 2434 Respi-

178 2436 266 2467 citur
296 2435 338 2466 ad
364 2436 546 2468 Pindari
576 2438 816 2479 fragmentum,

179 2479 270 2521 quod
302 2480 428 2522 legitur
459 2492 490 2522 p.
524 2481 576 2515 76.
609 2484 649 2514 T.
674 2483 736 2514 III.
766 2482 817 2514 ed.

180 2527 313 2567 Heyn.
338 2537 368 2567 p.
395 2524 470 2559 640.
501 2528 540 2558 Τ.
567 2527 610 2558 11.
635 2528 670 2558 P.
698 2528 740 2558 ΙΙ.
766 2527 816 2559 ed.

179 2571 365 2602 Boeekh.
384 2572 533 2612 Reposui
547 2576 659 2604 autem
677 2572 817 2604 δικαιῶν

181 2612 215 2646 τὸ
241 2614 454 2656 βιαιότατον,
488 2617 577 2657 quod
608 2617 710 2649 habet
743 2617 818 2649 cod.

178 2661 324 2693 Bekker.
343 2661 384 2693 V.
408 2662 444 2693 in
467 2672 573 2705 marg.
597 2663 817 2705 adscriptum.

893 1307 969 1349 Ipse
1007 1307 1106 1340 Plato
1152 1308 1257 1350 Legg.
1297 1319 1328 1349 p.
1367 1307 1441 1340 714.
1482 1310 1529 1340 E:

892 1355 944 1384 καὶ
973 1352 1106 1393 ἔφαμέν
1138 1365 1204 1384 που
1231 1352 1312 1385 κατὰ
1339 1352 1448 1393 φύσιν
1474 1353 1530 1385 τὸν

894 1398 1076 1439 Πίνδαρον
1117 1395 1213 1441 ἄγειν
1255 1398 1449 1430 δικαιοῦντα
1495 1397 1528 1431 τὸ

891 1441 1103 1485 βιαιότατον,
1152 1443 1242 1484 quod
1281 1448 1371 1476 certe
1417 1445 1528 1487 magis

889 1489 1019 1530 poetice
1050 1489 1178 1521 dictum
1216 1500 1318 1530 quam
1349 1490 1528 1531 vulgatum

890 1533 994 1565 illud:
1033 1532 1106 1576 ἄγει
1136 1534 1258 1575 βιαίως
1291 1532 1326 1566 τὸ
1358 1533 1526 1566 δικαιότα-

892 1591 958 1611 τον.
1014 1580 1127 1620 Quum
1162 1590 1242 1611 vero
1274 1579 1436 1612 Callicles
1471 1580 1528 1612 do-

890 1629 965 1656 ceat
983 1635 1026 1656 ex
1050 1628 1237 1657 naturae
1262 1625 1337 1666 lege
1355 1625 1525 1657 fortiorem

889 1670 943 1701 ius
974 1671 1197 1709 constituere,
1237 1675 1270 1702 et
1302 1681 1406 1712 quum
1437 1670 1525 1712 apud

889 1716 1000 1757 ipsum
1038 1715 1219 1747 Platonem
1257 1716 1362 1758 Legg.
1402 1716 1462 1747 ΙΙΙ.
1494 1727 1526 1758 p,

889 1759 964 1793 690.
989 1761 1027 1792 Β.
1052 1760 1110 1792 IV.
1135 1771 1167 1802 p.
1192 1759 1266 1792 714.
1286 1762 1326 1792 D.
1352 1762 1527 1803 Protagor.

888 1816 919 1847 p.
944 1803 1020 1839 337.
1038 1806 1092 1845 D.‚
1116 1806 1176 1837 ubi
1192 1805 1331 1838 Pindari
1351 1806 1436 1838 haee
1452 1817 1527 1838 sen-

889 1851 995 1882 tentia
1025 1851 1080 1881 vel
1112 1850 1269 1882 laudatur
1305 1851 1360 1882 vel
1391 1851 1526 1893 respici-

888 1900 962 1934 tur,
1002 1894 1083 1927 κατὰ
1116 1893 1226 1935 φύσιν
1258 1895 1419 1936 addatur,
1452 1907 1526 1938 pro-

887 1940 1002 1972 babile
1024 1944 1075 1972 est
1093 1940 1183 1981 quod
1200 1941 1345 1972 coniecit
1368 1942 1526 1973 Boeck-

888 1986 984 2017 hius
1017 1986 1053 2016 in
1084 1986 1168 2017 Min.
1195 1990 1228 2017 et
1251 1986 1356 2029 Legg.
1381 1997 1413 2028 p.
1440 1985 1526 2027 178„

887 2031 988 2075 etiam
1013 2031 1076 2062 hoe
1101 2031 1175 2062 loco
1191 2030 1407 2063 scribendum
1433 2042 1524 2064 esse:

888 2077 990 2109 οὺτος
1016 2076 1054 2108 δὲ
1080 2074 1139 2118 δή,
1173 2078 1280 2118 φησί,
1316 2075 1421 2108 κατὰ
1450 2075 1523 2117 φύ-

889 2132 957 2152 σιν
982 2119 1064 2163 ἄγει,
1091 2132 1155 2153 nee
1170 2122 1241 2153 veri
1267 2121 1348 2162 quid
1364 2121 1450 2153 vidit
1475 2122 1525 2154 de

889 2167 1007 2198 Geer.
1041 2167 1187 2198 Diatrib.
1217 2166 1256 2198 de
1290 2167 1424 2198 Politic,
1448 2167 1525 2199 Pla-

887 2216 954 2243 ton.
981 2222 1012 2253 p.
1030 2210 1096 2251 22„
1121 2212 1179 2252 qui
1202 2211 1267 2243 hoc
1293 2211 1524 2244 additamento

887 2267 971 2298 opus
996 2267 1069 2288 esse
1093 2256 1243 2298 negavit.
1288 2257 1387 2297 Quod
1411 2260 1523 2289 autem

887 2301 1088 2334 scholiastes
1141 2301 1282 2332 Pindari
1336 2303 1522 2344 pleniorem

886 2346 1054 2388 praebens
1079 2346 1192 2378 locum
1209 2346 1294 2377 illud
1315 2345 1396 2378 κατὰ
1416 2345 1525 2387 φύσιν

887 2393 1019 2430 reticet,
1089 2396 1187 2423 acute
1245 2391 1324 2423 inde
1388 2392 1524 2434 collegit

886 2436 1135 2468 Boeckhius
1160 2436 1201 2468 ad
1226 2437 1362 2469 Pindar.
1387 2438 1523 2478 Fragm.

887 2493 916 2523 p.
943 2480 1019 2514 642.
1044 2481 1077 2512 id
1102 2492 1169 2513 non
1195 2485 1274 2513 ante
1295 2483 1435 2514 verbum
1451 2481 1524 2535 α’γει

886 2527 1010 2559 lectum
1036 2537 1120 2566 esse,
1146 2526 1204 2558 sed
1222 2531 1300 2558 ante
1324 2538 1443 2559 vocem
1467 2525 1523 2559 10¹-

886 2583 958 2610 μος,
984 2572 1126 2604 f01tasse
1151 2572 1253 2604 etiam
1277 2572 1354 2604 aliis
1379 2572 1524 2604 nonnul-

885 2618 927 2649 lis
951 2616 1129 2649 vocabulis
1160 2618 1379 2659 interpositis.
1427 2618 1536 2657 Quae*

886 2663 915 2694 si
938 2672 1020 2694 vera
1044 2667 1139 2703 sunt,
1173 2673 1239 2705 quo
1270 2663 1347 2695 loco
1380 2662 1436 2694 hic
1459 2662 1522 2695 ali-
