<?xml version="1.0" encoding="UTF-8"?>
<!DOCTYPE html PUBLIC "-//W3C//DTD XHTML 1.0 Transitional//EN"
    "http://www.w3.org/TR/xhtml1/DTD/xhtml1-transitional.dtd">
<html xmlns="http://www.w3.org/1999/xhtml" xml:lang="en" lang="en">
 <head>
  <title>
</title>
<meta http-equiv="Content-Type" content="text/html;charset=utf-8" />
  <meta name='ocr-system' content='tesseract 3.04.00' />
  <meta name='ocr-capabilities' content='ocr_page ocr_carea ocr_par ocr_line ocrx_word'/>
</head>
<body>
  <div class='ocr_page' id='page_1' title='image "./n1operaomniarecens04platuoft/n1operaomniarecens04platuoft_0448.png"; bbox 0 0 1687 2969; ppageno 0'>
   <div class='ocr_carea' id='block_1_1' title="bbox 200 143 1063 184">
    <p class='ocr_par' dir='ltr' id='par_1_1' title="bbox 200 143 1063 184">
     <span class='ocr_line' id='line_1_1' title="bbox 200 143 1063 184; baseline -0.005 0"><span class='ocrx_word' id='word_1_1' title='bbox 200 151 220 184; x_wconf 84' lang='lat'>5</span> <span class='ocrx_word' id='word_1_2' title='bbox 227 151 250 184; x_wconf 88' lang='grc'>6</span> <span class='ocrx_word' id='word_1_3' title='bbox 668 143 1025 182; x_wconf 86' lang='lat' dir='ltr'>PROLEGOMEN</span> <span class='ocrx_word' id='word_1_4' title='bbox 1028 144 1063 180; x_wconf 86' lang='lat' dir='ltr'><strong>A</strong></span> 
     </span>
    </p>
   </div>
   <div class='ocr_carea' id='block_1_2' title="bbox 200 254 1564 2714">
    <p class='ocr_par' dir='ltr' id='par_1_2' title="bbox 200 254 1556 1527">
     <span class='ocr_line' id='line_1_2' title="bbox 200 254 1546 306; baseline -0.002 -11"><span class='ocrx_word' id='word_1_5' title='bbox 200 262 369 306; x_wconf 87' lang='lat' dir='ltr'>tempore</span> <span class='ocrx_word' id='word_1_6' title='bbox 399 257 523 306; x_wconf 86' lang='lat' dir='ltr'>operis</span> <span class='ocrx_word' id='word_1_7' title='bbox 553 257 664 293; x_wconf 88' lang='lat' dir='ltr'>modo</span> <span class='ocrx_word' id='word_1_8' title='bbox 694 256 912 305; x_wconf 85' lang='lat' dir='ltr'>expositum</span> <span class='ocrx_word' id='word_1_9' title='bbox 951 258 1028 301; x_wconf 90' lang='lat' dir='ltr'>est;</span> <span class='ocrx_word' id='word_1_10' title='bbox 1068 255 1194 303; x_wconf 88' lang='lat' dir='ltr'>placet</span> <span class='ocrx_word' id='word_1_11' title='bbox 1222 254 1340 302; x_wconf 86' lang='lat' dir='ltr'>igitur</span> <span class='ocrx_word' id='word_1_12' title='bbox 1370 255 1546 292; x_wconf 76' lang='lat' dir='ltr'>accedere</span> 
     </span>
     <span class='ocr_line' id='line_1_3' title="bbox 200 311 1547 363; baseline -0.003 -12"><span class='ocrx_word' id='word_1_13' title='bbox 200 315 315 351; x_wconf 89' lang='lat' dir='ltr'>etiam</span> <span class='ocrx_word' id='word_1_14' title='bbox 336 314 383 350; x_wconf 87' lang='lat' dir='ltr'>ad</span> <span class='ocrx_word' id='word_1_15' title='bbox 405 326 488 350; x_wconf 89' lang='lat' dir='ltr'>eam</span> <span class='ocrx_word' id='word_1_16' title='bbox 508 312 782 363; x_wconf 87' lang='lat' dir='ltr'>quaestionem,</span> <span class='ocrx_word' id='word_1_17' title='bbox 815 324 913 361; x_wconf 88' lang='lat' dir='ltr'>quae</span> <span class='ocrx_word' id='word_1_18' title='bbox 933 311 1101 360; x_wconf 74' lang='lat' dir='ltr'><strong>pertinet</strong></span> <span class='ocrx_word' id='word_1_19' title='bbox 1129 311 1176 347; x_wconf 86' lang='lat' dir='ltr'>ad</span> <span class='ocrx_word' id='word_1_20' title='bbox 1195 314 1377 359; x_wconf 91' lang='lat' dir='ltr'>tempora,</span> <span class='ocrx_word' id='word_1_21' title='bbox 1408 311 1547 361; x_wconf 88' lang='lat' dir='ltr'>quibus</span> 
     </span>
     <span class='ocr_line' id='line_1_4' title="bbox 200 367 1545 417; baseline -0.002 -11"><span class='ocrx_word' id='word_1_22' title='bbox 200 370 393 417; x_wconf 83' lang='lat' dir='ltr'>dialogum</span> <span class='ocrx_word' id='word_1_23' title='bbox 430 369 605 406; x_wconf 88' lang='lat' dir='ltr'>habitum</span> <span class='ocrx_word' id='word_1_24' title='bbox 655 368 747 416; x_wconf 90' lang='lat' dir='ltr'>fingi</span> <span class='ocrx_word' id='word_1_25' title='bbox 788 367 983 416; x_wconf 73' lang='lat' dir='ltr'>probabile</span> <span class='ocrx_word' id='word_1_26' title='bbox 1021 367 1209 404; x_wconf 86' lang='lat' dir='ltr'>videatur.</span> <span class='ocrx_word' id='word_1_27' title='bbox 1287 367 1417 404; x_wconf 86' lang='lat' dir='ltr'>Habet</span> <span class='ocrx_word' id='word_1_28' title='bbox 1454 380 1545 404; x_wconf 86' lang='lat' dir='ltr'>vero</span> 
     </span>
     <span class='ocr_line' id='line_1_5' title="bbox 200 423 1548 473; baseline -0.002 -11"><span class='ocrx_word' id='word_1_29' title='bbox 200 427 295 462; x_wconf 89' lang='lat' dir='ltr'>haec</span> <span class='ocrx_word' id='word_1_30' title='bbox 324 429 363 462; x_wconf 88' lang='lat' dir='ltr'>et</span> <span class='ocrx_word' id='word_1_31' title='bbox 390 425 473 473; x_wconf 89' lang='lat' dir='ltr'>ipsa</span> <span class='ocrx_word' id='word_1_32' title='bbox 500 424 712 471; x_wconf 75' lang='lat' dir='ltr'>singulares</span> <span class='ocrx_word' id='word_1_33' title='bbox 742 424 926 473; x_wconf 85' lang='lat' dir='ltr'>quasdam</span> <span class='ocrx_word' id='word_1_34' title='bbox 955 423 1219 468; x_wconf 86' lang='lat' dir='ltr'>difficultates,</span> <span class='ocrx_word' id='word_1_35' title='bbox 1257 435 1354 472; x_wconf 88' lang='lat' dir='ltr'>quae</span> <span class='ocrx_word' id='word_1_36' title='bbox 1384 423 1449 460; x_wconf 77' lang='lat' dir='ltr'>vel·</span> <span class='ocrx_word' id='word_1_37' title='bbox 1477 436 1548 459; x_wconf 88' lang='lat' dir='ltr'>nu-</span> 
     </span>
     <span class='ocr_line' id='line_1_6' title="bbox 201 478 1547 531; baseline -0.002 -13"><span class='ocrx_word' id='word_1_38' title='bbox 201 481 375 531; x_wconf 78' lang='lat' dir='ltr'>perrimis</span> <span class='ocrx_word' id='word_1_39' title='bbox 404 481 492 518; x_wconf 87' lang='lat' dir='ltr'>libri</span> <span class='ocrx_word' id='word_1_40' title='bbox 530 480 802 529; x_wconf 77' lang='lat' dir='ltr'>interpretibus</span> <span class='ocrx_word' id='word_1_41' title='bbox 842 479 946 517; x_wconf 83' lang='lat' dir='ltr'>visae</span> <span class='ocrx_word' id='word_1_42' title='bbox 986 483 1076 516; x_wconf 87' lang='lat' dir='ltr'>sunt</span> <span class='ocrx_word' id='word_1_43' title='bbox 1119 479 1211 515; x_wconf 91' lang='lat' dir='ltr'>adeo</span> <span class='ocrx_word' id='word_1_44' title='bbox 1250 478 1547 524; x_wconf 73' lang='lat' dir='ltr'>inextricabiles,</span> 
     </span>
     <span class='ocr_line' id='line_1_7' title="bbox 202 534 1547 587; baseline -0.004 -12"><span class='ocrx_word' id='word_1_45' title='bbox 202 541 246 575; x_wconf 90' lang='lat' dir='ltr'>ut</span> <span class='ocrx_word' id='word_1_46' title='bbox 273 537 446 587; x_wconf 87' lang='lat' dir='ltr'>plerique</span> <span class='ocrx_word' id='word_1_47' title='bbox 476 550 606 573; x_wconf 85' lang='lat' dir='ltr'>omnes</span> <span class='ocrx_word' id='word_1_48' title='bbox 626 549 707 573; x_wconf 88' lang='lat' dir='ltr'>rem</span> <span class='ocrx_word' id='word_1_49' title='bbox 737 536 778 571; x_wconf 90' lang='lat' dir='ltr'>in</span> <span class='ocrx_word' id='word_1_50' title='bbox 807 535 930 572; x_wconf 87' lang='lat' dir='ltr'>medio</span> <span class='ocrx_word' id='word_1_51' title='bbox 950 536 1166 584; x_wconf 81' lang='lat' dir='ltr'>relinquere</span> <span class='ocrx_word' id='word_1_52' title='bbox 1187 534 1398 571; x_wconf 89' lang='lat' dir='ltr'>consultius</span> <span class='ocrx_word' id='word_1_53' title='bbox 1428 534 1547 571; x_wconf 82' lang='lat' dir='ltr'>duxe-</span> 
     </span>
     <span class='ocr_line' id='line_1_8' title="bbox 201 589 1548 643; baseline -0.001 -13"><span class='ocrx_word' id='word_1_54' title='bbox 201 594 290 639; x_wconf 85' lang='lat' dir='ltr'>rint,</span> <span class='ocrx_word' id='word_1_55' title='bbox 322 606 438 643; x_wconf 88' lang='lat' dir='ltr'>quam</span> <span class='ocrx_word' id='word_1_56' title='bbox 467 592 652 629; x_wconf 83' lang='lat' dir='ltr'>curiosius</span> <span class='ocrx_word' id='word_1_57' title='bbox 673 593 719 629; x_wconf 86' lang='lat' dir='ltr'>de</span> <span class='ocrx_word' id='word_1_58' title='bbox 750 604 795 628; x_wconf 87' lang='lat' dir='ltr'>ea</span> <span class='ocrx_word' id='word_1_59' title='bbox 824 604 1015 639; x_wconf 82' lang='lat' dir='ltr'>exponere</span> <span class='ocrx_word' id='word_1_60' title='bbox 1038 594 1105 628; x_wconf 88' lang='lat' dir='ltr'>aut</span> <span class='ocrx_word' id='word_1_61' title='bbox 1135 590 1227 627; x_wconf 86' lang='lat' dir='ltr'>certi</span> <span class='ocrx_word' id='word_1_62' title='bbox 1254 589 1346 640; x_wconf 88' lang='lat' dir='ltr'>quid</span> <span class='ocrx_word' id='word_1_63' title='bbox 1368 594 1548 628; x_wconf 83' lang='lat' dir='ltr'>statuere.</span> 
     </span>
     <span class='ocr_line' id='line_1_9' title="bbox 204 646 1550 699; baseline -0.003 -13"><span class='ocrx_word' id='word_1_64' title='bbox 204 649 462 686; x_wconf 86' lang='lat' dir='ltr'>Nihilominus</span> <span class='ocrx_word' id='word_1_65' title='bbox 502 649 703 699; x_wconf 81' lang='lat' dir='ltr'>exquirere</span> <span class='ocrx_word' id='word_1_66' title='bbox 743 647 982 693; x_wconf 79' lang='lat' dir='ltr'>conabimur,</span> <span class='ocrx_word' id='word_1_67' title='bbox 1027 660 1121 683; x_wconf 90' lang='lat' dir='ltr'>num</span> <span class='ocrx_word' id='word_1_68' title='bbox 1159 659 1236 696; x_wconf 88' lang='lat' dir='ltr'>qua</span> <span class='ocrx_word' id='word_1_69' title='bbox 1276 647 1323 683; x_wconf 89' lang='lat' dir='ltr'>ad</span> <span class='ocrx_word' id='word_1_70' title='bbox 1361 646 1550 696; x_wconf 90' lang='lat' dir='ltr'>liquidum</span> 
     </span>
     <span class='ocr_line' id='line_1_10' title="bbox 203 702 1550 755; baseline -0.003 -12"><span class='ocrx_word' id='word_1_71' title='bbox 203 706 359 755; x_wconf 87' lang='lat' dir='ltr'>perduci</span> <span class='ocrx_word' id='word_1_72' title='bbox 390 708 505 755; x_wconf 82' lang='lat' dir='ltr'>queat</span> <span class='ocrx_word' id='word_1_73' title='bbox 534 705 635 754; x_wconf 88' lang='lat' dir='ltr'>quod</span> <span class='ocrx_word' id='word_1_74' title='bbox 665 704 789 741; x_wconf 87' lang='lat' dir='ltr'>adhuc</span> <span class='ocrx_word' id='word_1_75' title='bbox 819 703 859 739; x_wconf 89' lang='lat' dir='ltr'>in</span> <span class='ocrx_word' id='word_1_76' title='bbox 888 703 1002 739; x_wconf 87' lang='lat' dir='ltr'>dubio</span> <span class='ocrx_word' id='word_1_77' title='bbox 1034 706 1072 740; x_wconf 89' lang='lat' dir='ltr'>et</span> <span class='ocrx_word' id='word_1_78' title='bbox 1099 703 1243 740; x_wconf 88' lang='lat' dir='ltr'>incerto</span> <span class='ocrx_word' id='word_1_79' title='bbox 1276 702 1452 740; x_wconf 86' lang='lat' dir='ltr'>relictum</span> <span class='ocrx_word' id='word_1_80' title='bbox 1481 706 1550 748; x_wconf 88' lang='lat' dir='ltr'>est,</span> 
     </span>
     <span class='ocr_line' id='line_1_11' title="bbox 204 760 1550 811; baseline -0.002 -13"><span class='ocrx_word' id='word_1_81' title='bbox 204 775 325 811; x_wconf 87' lang='lat' dir='ltr'>eoque</span> <span class='ocrx_word' id='word_1_82' title='bbox 355 762 464 797; x_wconf 90' lang='lat' dir='ltr'>modo</span> <span class='ocrx_word' id='word_1_83' title='bbox 495 760 680 809; x_wconf 79' lang='lat' dir='ltr'>experiri,</span> <span class='ocrx_word' id='word_1_84' title='bbox 722 773 815 795; x_wconf 88' lang='lat' dir='ltr'>num</span> <span class='ocrx_word' id='word_1_85' title='bbox 842 760 915 795; x_wconf 91' lang='lat' dir='ltr'>hac</span> <span class='ocrx_word' id='word_1_86' title='bbox 944 772 1094 809; x_wconf 83' lang='lat' dir='ltr'>quoque</span> <span class='ocrx_word' id='word_1_87' title='bbox 1132 771 1246 807; x_wconf 87' lang='lat' dir='ltr'>opera</span> <span class='ocrx_word' id='word_1_88' title='bbox 1283 762 1414 795; x_wconf 87' lang='lat' dir='ltr'>nostra</span> <span class='ocrx_word' id='word_1_89' title='bbox 1443 772 1550 807; x_wconf 86' lang='lat' dir='ltr'>prae-</span> 
     </span>
     <span class='ocr_line' id='line_1_12' title="bbox 205 814 1551 865; baseline -0.002 -10"><span class='ocrx_word' id='word_1_90' title='bbox 205 817 440 855; x_wconf 83' lang='lat' dir='ltr'>stantissimo</span> <span class='ocrx_word' id='word_1_91' title='bbox 470 816 633 853; x_wconf 85' lang='lat' dir='ltr'>sermoni</span> <span class='ocrx_word' id='word_1_92' title='bbox 655 815 800 865; x_wconf 88' lang='lat' dir='ltr'>aliquid</span> <span class='ocrx_word' id='word_1_93' title='bbox 819 815 915 851; x_wconf 91' lang='lat' dir='ltr'>lucis</span> <span class='ocrx_word' id='word_1_94' title='bbox 938 816 1139 852; x_wconf 88' lang='lat' dir='ltr'>admovere</span> <span class='ocrx_word' id='word_1_95' title='bbox 1159 814 1359 864; x_wconf 87' lang='lat' dir='ltr'>possimus.</span> <span class='ocrx_word' id='word_1_96' title='bbox 1397 815 1551 852; x_wconf 85' lang='lat' dir='ltr'>Tracta-</span> 
     </span>
     <span class='ocr_line' id='line_1_13' title="bbox 205 870 1553 920; baseline -0.002 -10"><span class='ocrx_word' id='word_1_97' title='bbox 205 874 330 910; x_wconf 87' lang='lat' dir='ltr'>bimus</span> <span class='ocrx_word' id='word_1_98' title='bbox 360 876 489 910; x_wconf 87' lang='lat' dir='ltr'>autem</span> <span class='ocrx_word' id='word_1_99' title='bbox 517 873 617 909; x_wconf 91' lang='lat' dir='ltr'>hanc</span> <span class='ocrx_word' id='word_1_100' title='bbox 646 872 846 909; x_wconf 81' lang='lat' dir='ltr'>materiam</span> <span class='ocrx_word' id='word_1_101' title='bbox 875 872 946 907; x_wconf 91' lang='lat' dir='ltr'>hoc</span> <span class='ocrx_word' id='word_1_102' title='bbox 966 872 1109 917; x_wconf 80' lang='lat' dir='ltr'>ordine,</span> <span class='ocrx_word' id='word_1_103' title='bbox 1140 874 1185 908; x_wconf 93' lang='lat' dir='ltr'>ut</span> <span class='ocrx_word' id='word_1_104' title='bbox 1213 871 1378 919; x_wconf 88' lang='lat' dir='ltr'>primum</span> <span class='ocrx_word' id='word_1_105' title='bbox 1399 870 1553 920; x_wconf 86' lang='lat' dir='ltr'>quidem</span> 
     </span>
     <span class='ocr_line' id='line_1_14' title="bbox 206 927 1553 966; baseline -0.001 0"><span class='ocrx_word' id='word_1_106' title='bbox 206 929 332 966; x_wconf 85' lang='lat' dir='ltr'>varias</span> <span class='ocrx_word' id='word_1_107' title='bbox 362 942 405 965; x_wconf 90' lang='lat' dir='ltr'>ac</span> <span class='ocrx_word' id='word_1_108' title='bbox 433 928 603 965; x_wconf 74' lang='lat' dir='ltr'>diversas</span> <span class='ocrx_word' id='word_1_109' title='bbox 640 928 856 965; x_wconf 86' lang='lat' dir='ltr'>criticorum</span> <span class='ocrx_word' id='word_1_110' title='bbox 895 928 941 963; x_wconf 89' lang='lat' dir='ltr'>de</span> <span class='ocrx_word' id='word_1_111' title='bbox 980 941 1020 965; x_wconf 88' lang='lat' dir='ltr'>re</span> <span class='ocrx_word' id='word_1_112' title='bbox 1060 931 1304 965; x_wconf 82' lang='lat' dir='ltr'>controversa</span> <span class='ocrx_word' id='word_1_113' title='bbox 1342 927 1553 964; x_wconf 88' lang='lat' dir='ltr'>sententias</span> 
     </span>
     <span class='ocr_line' id='line_1_15' title="bbox 205 983 1553 1034; baseline -0.001 -12"><span class='ocrx_word' id='word_1_114' title='bbox 205 985 337 1034; x_wconf 86' lang='lat' dir='ltr'>paucis</span> <span class='ocrx_word' id='word_1_115' title='bbox 366 998 640 1033; x_wconf 81' lang='lat' dir='ltr'>proponamus,</span> <span class='ocrx_word' id='word_1_116' title='bbox 682 984 818 1020; x_wconf 87' lang='lat' dir='ltr'>deinde</span> <span class='ocrx_word' id='word_1_117' title='bbox 857 983 965 1031; x_wconf 80' lang='lat' dir='ltr'>signa</span> <span class='ocrx_word' id='word_1_118' title='bbox 995 987 1034 1021; x_wconf 89' lang='lat' dir='ltr'>et</span> <span class='ocrx_word' id='word_1_119' title='bbox 1062 983 1202 1020; x_wconf 88' lang='lat' dir='ltr'>indicia</span> <span class='ocrx_word' id='word_1_120' title='bbox 1231 987 1445 1032; x_wconf 90' lang='lat' dir='ltr'>temporum</span> <span class='ocrx_word' id='word_1_121' title='bbox 1474 983 1553 1020; x_wconf 90' lang='lat' dir='ltr'>dia-</span> 
     </span>
     <span class='ocr_line' id='line_1_16' title="bbox 206 1039 1552 1090; baseline -0.001 -12"><span class='ocrx_word' id='word_1_122' title='bbox 206 1042 291 1089; x_wconf 86' lang='lat' dir='ltr'>logo</span> <span class='ocrx_word' id='word_1_123' title='bbox 319 1041 393 1089; x_wconf 91' lang='lat' dir='ltr'>ipsi</span> <span class='ocrx_word' id='word_1_124' title='bbox 422 1041 606 1089; x_wconf 88' lang='lat' dir='ltr'>impressa</span> <span class='ocrx_word' id='word_1_125' title='bbox 638 1040 858 1087; x_wconf 82' lang='lat' dir='ltr'>colligamus</span> <span class='ocrx_word' id='word_1_126' title='bbox 889 1053 1094 1090; x_wconf 89' lang='lat' dir='ltr'>eorumque</span> <span class='ocrx_word' id='word_1_127' title='bbox 1124 1044 1300 1077; x_wconf 87' lang='lat' dir='ltr'>notemus</span> <span class='ocrx_word' id='word_1_128' title='bbox 1337 1039 1552 1088; x_wconf 85' lang='lat' dir='ltr'>discrepan-</span> 
     </span>
     <span class='ocr_line' id='line_1_17' title="bbox 206 1095 1553 1146; baseline -0.001 -12"><span class='ocrx_word' id='word_1_129' title='bbox 206 1098 310 1142; x_wconf 87' lang='lat' dir='ltr'>tiam,</span> <span class='ocrx_word' id='word_1_130' title='bbox 352 1100 543 1146; x_wconf 87' lang='lat' dir='ltr'>postremo</span> <span class='ocrx_word' id='word_1_131' title='bbox 575 1100 705 1133; x_wconf 88' lang='lat' dir='ltr'>autem</span> <span class='ocrx_word' id='word_1_132' title='bbox 733 1095 996 1144; x_wconf 82' lang='lat' dir='ltr'>dispiciamus,</span> <span class='ocrx_word' id='word_1_133' title='bbox 1028 1110 1120 1132; x_wconf 89' lang='lat' dir='ltr'>num</span> <span class='ocrx_word' id='word_1_134' title='bbox 1150 1109 1247 1146; x_wconf 85' lang='lat' dir='ltr'>quae</span> <span class='ocrx_word' id='word_1_135' title='bbox 1277 1095 1399 1144; x_wconf 86' lang='lat' dir='ltr'>prima</span> <span class='ocrx_word' id='word_1_136' title='bbox 1429 1095 1553 1144; x_wconf 86' lang='lat' dir='ltr'>specie</span> 
     </span>
     <span class='ocr_line' id='line_1_18' title="bbox 207 1151 1553 1201; baseline -0.001 -12"><span class='ocrx_word' id='word_1_137' title='bbox 207 1153 373 1190; x_wconf 82' lang='lat' dir='ltr'>maxime</span> <span class='ocrx_word' id='word_1_138' title='bbox 403 1153 503 1190; x_wconf 90' lang='lat' dir='ltr'>inter</span> <span class='ocrx_word' id='word_1_139' title='bbox 532 1153 615 1201; x_wconf 86' lang='lat' dir='ltr'>ipsa</span> <span class='ocrx_word' id='word_1_140' title='bbox 642 1165 812 1201; x_wconf 82' lang='lat' dir='ltr'>pugnare</span> <span class='ocrx_word' id='word_1_141' title='bbox 843 1152 1043 1198; x_wconf 75' lang='lat' dir='ltr'>videntur,</span> <span class='ocrx_word' id='word_1_142' title='bbox 1087 1165 1132 1188; x_wconf 90' lang='lat' dir='ltr'>ea</span> <span class='ocrx_word' id='word_1_143' title='bbox 1161 1152 1262 1189; x_wconf 88' lang='lat' dir='ltr'>inter</span> <span class='ocrx_word' id='word_1_144' title='bbox 1292 1165 1330 1188; x_wconf 90' lang='lat' dir='ltr'>sc</span> <span class='ocrx_word' id='word_1_145' title='bbox 1362 1151 1553 1188; x_wconf 86' lang='lat' dir='ltr'>conciliari</span> 
     </span>
     <span class='ocr_line' id='line_1_19' title="bbox 208 1208 1554 1259; baseline -0.002 -12"><span class='ocrx_word' id='word_1_146' title='bbox 208 1214 247 1247; x_wconf 84' lang='lat' dir='ltr'>et</span> <span class='ocrx_word' id='word_1_147' title='bbox 276 1211 323 1246; x_wconf 88' lang='lat' dir='ltr'>ad</span> <span class='ocrx_word' id='word_1_148' title='bbox 352 1222 469 1246; x_wconf 89' lang='lat' dir='ltr'>unam</span> <span class='ocrx_word' id='word_1_149' title='bbox 498 1209 689 1259; x_wconf 87' lang='lat' dir='ltr'>quandam</span> <span class='ocrx_word' id='word_1_150' title='bbox 718 1214 932 1256; x_wconf 84' lang='lat' dir='ltr'>temporum</span> <span class='ocrx_word' id='word_1_151' title='bbox 961 1211 1121 1245; x_wconf 77' lang='lat' dir='ltr'>formam</span> <span class='ocrx_word' id='word_1_152' title='bbox 1151 1212 1190 1245; x_wconf 86' lang='lat' dir='ltr'>ot</span> <span class='ocrx_word' id='word_1_153' title='bbox 1210 1208 1426 1255; x_wconf 79' lang='lat' dir='ltr'>imaginem,</span> <span class='ocrx_word' id='word_1_154' title='bbox 1456 1221 1554 1257; x_wconf 89' lang='lat' dir='ltr'>quac</span> 
     </span>
     <span class='ocr_line' id='line_1_20' title="bbox 208 1263 1555 1314; baseline -0.001 -12"><span class='ocrx_word' id='word_1_155' title='bbox 208 1265 425 1314; x_wconf 86' lang='lat' dir='ltr'>philosophi</span> <span class='ocrx_word' id='word_1_156' title='bbox 466 1265 590 1301; x_wconf 87' lang='lat' dir='ltr'>animo</span> <span class='ocrx_word' id='word_1_157' title='bbox 629 1265 679 1301; x_wconf 86' lang='lat' dir='ltr'>sit</span> <span class='ocrx_word' id='word_1_158' title='bbox 718 1266 940 1309; x_wconf 80' lang='lat' dir='ltr'>obversata,</span> <span class='ocrx_word' id='word_1_159' title='bbox 980 1265 1114 1301; x_wconf 78' lang='lat' dir='ltr'>referri</span> <span class='ocrx_word' id='word_1_160' title='bbox 1152 1268 1307 1314; x_wconf 84' lang='lat' dir='ltr'>queant.</span> <span class='ocrx_word' id='word_1_161' title='bbox 1374 1263 1484 1304; x_wconf 76' lang='lat' dir='ltr'>Quod</span> <span class='ocrx_word' id='word_1_162' title='bbox 1524 1265 1555 1301; x_wconf 88' lang='lat' dir='ltr'>si</span> 
     </span>
     <span class='ocr_line' id='line_1_21' title="bbox 209 1320 1556 1369; baseline -0.001 -11"><span class='ocrx_word' id='word_1_163' title='bbox 209 1322 402 1358; x_wconf 86' lang='lat' dir='ltr'>commode</span> <span class='ocrx_word' id='word_1_164' title='bbox 431 1321 514 1358; x_wconf 86' lang='lat' dir='ltr'>fieri</span> <span class='ocrx_word' id='word_1_165' title='bbox 545 1320 703 1369; x_wconf 81' lang='lat' dir='ltr'>poterit,</span> <span class='ocrx_word' id='word_1_166' title='bbox 745 1324 845 1357; x_wconf 88' lang='lat' dir='ltr'>certe</span> <span class='ocrx_word' id='word_1_167' title='bbox 876 1320 992 1357; x_wconf 89' lang='lat' dir='ltr'>ctiam</span> <span class='ocrx_word' id='word_1_168' title='bbox 1030 1325 1180 1369; x_wconf 89' lang='lat' dir='ltr'>tempus</span> <span class='ocrx_word' id='word_1_169' title='bbox 1210 1321 1303 1357; x_wconf 88' lang='lat' dir='ltr'>illud</span> <span class='ocrx_word' id='word_1_170' title='bbox 1332 1320 1556 1368; x_wconf 85' lang='lat' dir='ltr'>indagatum</span> 
     </span>
     <span class='ocr_line' id='line_1_22' title="bbox 211 1376 1556 1426; baseline -0.001 -12"><span class='ocrx_word' id='word_1_171' title='bbox 211 1392 294 1415; x_wconf 87' lang='lat' dir='ltr'>esse</span> <span class='ocrx_word' id='word_1_172' title='bbox 323 1377 451 1426; x_wconf 90' lang='lat' dir='ltr'>putari</span> <span class='ocrx_word' id='word_1_173' title='bbox 490 1377 637 1422; x_wconf 87' lang='lat' dir='ltr'>licebit,</span> <span class='ocrx_word' id='word_1_174' title='bbox 677 1389 751 1426; x_wconf 90' lang='lat' dir='ltr'>quo</span> <span class='ocrx_word' id='word_1_175' title='bbox 791 1389 912 1413; x_wconf 85' lang='lat' dir='ltr'>sermo</span> <span class='ocrx_word' id='word_1_176' title='bbox 952 1377 1106 1414; x_wconf 86' lang='lat' dir='ltr'>habitus</span> <span class='ocrx_word' id='word_1_177' title='bbox 1144 1377 1237 1424; x_wconf 85' lang='lat' dir='ltr'>fingi</span> <span class='ocrx_word' id='word_1_178' title='bbox 1278 1376 1556 1413; x_wconf 85' lang='lat' dir='ltr'>existimandus</span> 
     </span>
     <span class='ocr_line' id='line_1_23' title="bbox 212 1432 1556 1481; baseline -0.001 -11"><span class='ocrx_word' id='word_1_179' title='bbox 212 1434 273 1479; x_wconf 89' lang='lat' dir='ltr'>sit,</span> <span class='ocrx_word' id='word_1_180' title='bbox 302 1433 528 1481; x_wconf 84' lang='lat' dir='ltr'>praesertim</span> <span class='ocrx_word' id='word_1_181' title='bbox 557 1433 588 1469; x_wconf 89' lang='lat' dir='ltr'>si</span> <span class='ocrx_word' id='word_1_182' title='bbox 618 1432 734 1469; x_wconf 83' lang='lat' dir='ltr'>etiam</span> <span class='ocrx_word' id='word_1_183' title='bbox 764 1432 933 1470; x_wconf 76' lang='lat' dir='ltr'>universi</span> <span class='ocrx_word' id='word_1_184' title='bbox 970 1432 1056 1469; x_wconf 89' lang='lat' dir='ltr'>libri</span> <span class='ocrx_word' id='word_1_185' title='bbox 1088 1445 1274 1470; x_wconf 88' lang='lat' dir='ltr'>summam</span> <span class='ocrx_word' id='word_1_186' title='bbox 1313 1432 1346 1469; x_wconf 88' lang='lat' dir='ltr'>ei</span> <span class='ocrx_word' id='word_1_187' title='bbox 1377 1433 1443 1469; x_wconf 87' lang='lat' dir='ltr'>uni</span> <span class='ocrx_word' id='word_1_188' title='bbox 1474 1446 1556 1470; x_wconf 85' lang='lat' dir='ltr'>esse</span> 
     </span>
     <span class='ocr_line' id='line_1_24' title="bbox 212 1488 991 1527; baseline -0.003 -1"><span class='ocrx_word' id='word_1_189' title='bbox 212 1490 502 1527; x_wconf 85' lang='lat' dir='ltr'>convenientem</span> <span class='ocrx_word' id='word_1_190' title='bbox 532 1489 835 1525; x_wconf 84' lang='lat' dir='ltr'>demonstratum</span> <span class='ocrx_word' id='word_1_191' title='bbox 864 1488 991 1526; x_wconf 85' lang='lat' dir='ltr'>fuerit.</span> 
     </span>
    </p>

    <p class='ocr_par' dir='ltr' id='par_1_3' title="bbox 209 1543 1564 2714">
     <span class='ocr_line' id='line_1_25' title="bbox 294 1543 1556 1595; baseline 0 -14"><span class='ocrx_word' id='word_1_192' title='bbox 294 1547 431 1595; x_wconf 88' lang='lat' dir='ltr'>Itaque</span> <span class='ocrx_word' id='word_1_193' title='bbox 460 1545 628 1594; x_wconf 87' lang='lat' dir='ltr'>primum</span> <span class='ocrx_word' id='word_1_194' title='bbox 659 1544 813 1594; x_wconf 88' lang='lat' dir='ltr'>quidem</span> <span class='ocrx_word' id='word_1_195' title='bbox 841 1544 907 1581; x_wconf 88' lang='lat' dir='ltr'>ubi</span> <span class='ocrx_word' id='word_1_196' title='bbox 937 1544 1167 1594; x_wconf 85' lang='lat' dir='ltr'>quaerimus,</span> <span class='ocrx_word' id='word_1_197' title='bbox 1200 1543 1292 1594; x_wconf 87' lang='lat' dir='ltr'>quid</span> <span class='ocrx_word' id='word_1_198' title='bbox 1321 1544 1409 1581; x_wconf 88' lang='lat' dir='ltr'>libri</span> <span class='ocrx_word' id='word_1_199' title='bbox 1439 1544 1556 1582; x_wconf 87' lang='lat' dir='ltr'>inter-</span> 
     </span>
     <span class='ocr_line' id='line_1_26' title="bbox 209 1600 1556 1652; baseline -0.001 -13"><span class='ocrx_word' id='word_1_200' title='bbox 209 1606 335 1650; x_wconf 90' lang='lat' dir='ltr'>pretes</span> <span class='ocrx_word' id='word_1_201' title='bbox 365 1605 480 1652; x_wconf 88' lang='lat' dir='ltr'>atque</span> <span class='ocrx_word' id='word_1_202' title='bbox 520 1600 640 1638; x_wconf 90' lang='lat' dir='ltr'>critici</span> <span class='ocrx_word' id='word_1_203' title='bbox 683 1601 729 1636; x_wconf 87' lang='lat' dir='ltr'>de</span> <span class='ocrx_word' id='word_1_204' title='bbox 769 1604 937 1649; x_wconf 85' lang='lat' dir='ltr'>tempore</span> <span class='ocrx_word' id='word_1_205' title='bbox 966 1600 1238 1646; x_wconf 79' lang='lat' dir='ltr'>iudicaverint,</span> <span class='ocrx_word' id='word_1_206' title='bbox 1279 1613 1353 1650; x_wconf 88' lang='lat' dir='ltr'>quo</span> <span class='ocrx_word' id='word_1_207' title='bbox 1383 1600 1556 1648; x_wconf 80' lang='lat' dir='ltr'>dialogus</span> 
     </span>
     <span class='ocr_line' id='line_1_27' title="bbox 210 1656 1557 1706; baseline -0.001 -11"><span class='ocrx_word' id='word_1_208' title='bbox 210 1661 426 1706; x_wconf 69' lang='lat' dir='ltr'>pei-oretur,</span> <span class='ocrx_word' id='word_1_209' title='bbox 466 1661 601 1704; x_wconf 84' lang='lat' dir='ltr'>regnat</span> <span class='ocrx_word' id='word_1_210' title='bbox 630 1670 720 1693; x_wconf 86' lang='lat' dir='ltr'>sane</span> <span class='ocrx_word' id='word_1_211' title='bbox 749 1657 919 1693; x_wconf 73' lang='lat' dir='ltr'>maxima</span> <span class='ocrx_word' id='word_1_212' title='bbox 949 1670 993 1693; x_wconf 84' lang='lat' dir='ltr'>ea</span> <span class='ocrx_word' id='word_1_213' title='bbox 1030 1657 1076 1693; x_wconf 90' lang='lat' dir='ltr'>de</span> <span class='ocrx_word' id='word_1_214' title='bbox 1106 1670 1146 1693; x_wconf 94' lang='lat' dir='ltr'>re</span> <span class='ocrx_word' id='word_1_215' title='bbox 1177 1656 1454 1694; x_wconf 88' lang='lat' dir='ltr'>sententiarum</span> <span class='ocrx_word' id='word_1_216' title='bbox 1483 1657 1557 1694; x_wconf 90' lang='lat' dir='ltr'>dis-</span> 
     </span>
     <span class='ocr_line' id='line_1_28' title="bbox 211 1712 1558 1763; baseline -0.001 -12"><span class='ocrx_word' id='word_1_217' title='bbox 211 1713 425 1762; x_wconf 81' lang='lat' dir='ltr'>crepantia,</span> <span class='ocrx_word' id='word_1_218' title='bbox 466 1712 776 1763; x_wconf 87' lang='lat' dir='ltr'>quandoquidem</span> <span class='ocrx_word' id='word_1_219' title='bbox 807 1712 869 1749; x_wconf 92' lang='lat' dir='ltr'>alii</span> <span class='ocrx_word' id='word_1_220' title='bbox 901 1726 989 1749; x_wconf 88' lang='lat' dir='ltr'>eum</span> <span class='ocrx_word' id='word_1_221' title='bbox 1019 1713 1117 1749; x_wconf 84' lang='lat' dir='ltr'>circa</span> <span class='ocrx_word' id='word_1_222' title='bbox 1136 1713 1226 1749; x_wconf 87' lang='lat' dir='ltr'>belli</span> <span class='ocrx_word' id='word_1_223' title='bbox 1246 1712 1558 1761; x_wconf 85' lang='lat' dir='ltr'>Peloponnesiaci</span> 
     </span>
     <span class='ocr_line' id='line_1_29' title="bbox 210 1769 1558 1814; baseline 0.001 -9"><span class='ocrx_word' id='word_1_224' title='bbox 210 1769 323 1807; x_wconf 83' lang='lat' dir='ltr'>initia</span> <span class='ocrx_word' id='word_1_225' title='bbox 351 1769 526 1806; x_wconf 89' lang='lat' dir='ltr'>habitum</span> <span class='ocrx_word' id='word_1_226' title='bbox 557 1782 638 1806; x_wconf 90' lang='lat' dir='ltr'>esse</span> <span class='ocrx_word' id='word_1_227' title='bbox 668 1769 894 1814; x_wconf 85' lang='lat' dir='ltr'>voluerunt,</span> <span class='ocrx_word' id='word_1_228' title='bbox 926 1769 991 1805; x_wconf 89' lang='lat' dir='ltr'>alii</span> <span class='ocrx_word' id='word_1_229' title='bbox 1021 1782 1108 1805; x_wconf 88' lang='lat' dir='ltr'>eum</span> <span class='ocrx_word' id='word_1_230' title='bbox 1137 1769 1373 1806; x_wconf 87' lang='lat' dir='ltr'>rettulerunt</span> <span class='ocrx_word' id='word_1_231' title='bbox 1400 1770 1480 1806; x_wconf 84' lang='lat' dir='ltr'>fere</span> <span class='ocrx_word' id='word_1_232' title='bbox 1511 1770 1558 1806; x_wconf 87' lang='lat' dir='ltr'>ad</span> 
     </span>
     <span class='ocr_line' id='line_1_30' title="bbox 210 1824 1560 1875; baseline 0 -13"><span class='ocrx_word' id='word_1_233' title='bbox 210 1826 315 1863; x_wconf 88' lang='lat' dir='ltr'>illius</span> <span class='ocrx_word' id='word_1_234' title='bbox 346 1825 504 1871; x_wconf 81' lang='lat' dir='ltr'>exitum,</span> <span class='ocrx_word' id='word_1_235' title='bbox 535 1825 699 1875; x_wconf 87' lang='lat' dir='ltr'>denique</span> <span class='ocrx_word' id='word_1_236' title='bbox 721 1824 835 1862; x_wconf 82' lang='lat' dir='ltr'>etiam</span> <span class='ocrx_word' id='word_1_237' title='bbox 857 1824 1091 1862; x_wconf 83' lang='lat' dir='ltr'>exstiterunt</span> <span class='ocrx_word' id='word_1_238' title='bbox 1119 1824 1185 1874; x_wconf 93' lang='lat' dir='ltr'>qui</span> <span class='ocrx_word' id='word_1_239' title='bbox 1205 1825 1239 1862; x_wconf 93' lang='lat' dir='ltr'>ei</span> <span class='ocrx_word' id='word_1_240' title='bbox 1261 1825 1429 1861; x_wconf 88' lang='lat' dir='ltr'>medium</span> <span class='ocrx_word' id='word_1_241' title='bbox 1458 1825 1560 1862; x_wconf 86' lang='lat' dir='ltr'>inter</span> 
     </span>
     <span class='ocr_line' id='line_1_31' title="bbox 210 1880 1558 1932; baseline 0 -14"><span class='ocrx_word' id='word_1_242' title='bbox 210 1886 417 1932; x_wconf 83' lang='lat' dir='ltr'>utrumque</span> <span class='ocrx_word' id='word_1_243' title='bbox 446 1884 598 1930; x_wconf 88' lang='lat' dir='ltr'>tempus</span> <span class='ocrx_word' id='word_1_244' title='bbox 633 1880 840 1918; x_wconf 79' lang='lat' dir='ltr'>terminum</span> <span class='ocrx_word' id='word_1_245' title='bbox 868 1880 1117 1928; x_wconf 86' lang='lat' dir='ltr'>assignarent.</span> <span class='ocrx_word' id='word_1_246' title='bbox 1166 1881 1266 1917; x_wconf 88' lang='lat' dir='ltr'>Nam</span> <span class='ocrx_word' id='word_1_247' title='bbox 1295 1882 1558 1928; x_wconf 86' lang='lat' dir='ltr'>Augustus</span> 
     </span>
     <span class='ocr_line' id='line_1_32' title="bbox 211 1936 1557 1987; baseline 0 -13"><span class='ocrx_word' id='word_1_248' title='bbox 211 1938 366 1987; x_wconf 88' lang='lat' dir='ltr'>quidem</span> <span class='ocrx_word' id='word_1_249' title='bbox 412 1936 698 1974; x_wconf 84' lang='lat' dir='ltr'>Boeckhius</span> <span class='ocrx_word' id='word_1_250' title='bbox 748 1936 787 1973; x_wconf 91' lang='lat' dir='ltr'>in</span> <span class='ocrx_word' id='word_1_251' title='bbox 837 1950 997 1974; x_wconf 86' lang='lat' dir='ltr'>censura</span> <span class='ocrx_word' id='word_1_252' title='bbox 1043 1936 1221 1974; x_wconf 88' lang='lat' dir='ltr'>editionis</span> <span class='ocrx_word' id='word_1_253' title='bbox 1259 1937 1557 1974; x_wconf 87' lang='lat' dir='ltr'>Heindorfianae</span> 
     </span>
     <span class='ocr_line' id='line_1_33' title="bbox 210 1992 1559 2031; baseline 0 -1"><span class='ocrx_word' id='word_1_254' title='bbox 210 1993 352 2030; x_wconf 88' lang='lat' dir='ltr'>Diariis</span> <span class='ocrx_word' id='word_1_255' title='bbox 390 1993 570 2031; x_wconf 85' lang='lat' dir='ltr'>Litterar.</span> <span class='ocrx_word' id='word_1_256' title='bbox 610 1992 837 2030; x_wconf 88' lang='lat' dir='ltr'>Ienensibus</span> <span class='ocrx_word' id='word_1_257' title='bbox 877 1993 967 2029; x_wconf 88' lang='lat' dir='ltr'>anni</span> <span class='ocrx_word' id='word_1_258' title='bbox 1012 1995 1128 2030; x_wconf 84' lang='lat'>1808.</span> <span class='ocrx_word' id='word_1_259' title='bbox 1168 1993 1232 2030; x_wconf 86' lang='lat' dir='ltr'>fol.</span> <span class='ocrx_word' id='word_1_260' title='bbox 1277 1994 1365 2031; x_wconf 82' lang='lat'><strong>176.</strong></span> <span class='ocrx_word' id='word_1_261' title='bbox 1413 1993 1559 2031; x_wconf 88' lang='lat' dir='ltr'>inserta</span> 
     </span>
     <span class='ocr_line' id='line_1_34' title="bbox 211 2048 1557 2099; baseline 0 -13"><span class='ocrx_word' id='word_1_262' title='bbox 211 2062 423 2086; x_wconf 88' lang='lat' dir='ltr'>sermonem</span> <span class='ocrx_word' id='word_1_263' title='bbox 451 2049 569 2086; x_wconf 85' lang='lat' dir='ltr'>refert</span> <span class='ocrx_word' id='word_1_264' title='bbox 598 2049 645 2085; x_wconf 88' lang='lat' dir='ltr'>ad</span> <span class='ocrx_word' id='word_1_265' title='bbox 675 2048 835 2097; x_wconf 89' lang='lat' dir='ltr'>primam</span> <span class='ocrx_word' id='word_1_266' title='bbox 866 2049 1027 2096; x_wconf 81' lang='lat' dir='ltr'>Gorgiae</span> <span class='ocrx_word' id='word_1_267' title='bbox 1056 2049 1287 2096; x_wconf 84' lang='lat' dir='ltr'>legationem</span> <span class='ocrx_word' id='word_1_268' title='bbox 1317 2050 1466 2099; x_wconf 88' lang='lat' dir='ltr'>Olymp.</span> <span class='ocrx_word' id='word_1_269' title='bbox 1495 2053 1557 2086; x_wconf 87' lang='grc'>88.</span> 
     </span>
     <span class='ocr_line' id='line_1_35' title="bbox 212 2104 1557 2154; baseline 0.001 -13"><span class='ocrx_word' id='word_1_270' title='bbox 212 2118 244 2142; x_wconf 89' lang='lat' dir='ltr'>a.</span> <span class='ocrx_word' id='word_1_271' title='bbox 277 2109 311 2142; x_wconf 87' lang='lat'>2.</span> <span class='ocrx_word' id='word_1_272' title='bbox 351 2119 403 2138; x_wconf 81' lang='grc'>---</span> <span class='ocrx_word' id='word_1_273' title='bbox 444 2106 521 2141; x_wconf 82' lang='lat'>427</span> <span class='ocrx_word' id='word_1_274' title='bbox 566 2118 597 2141; x_wconf 86' lang='lat' dir='ltr'>a.</span> <span class='ocrx_word' id='word_1_275' title='bbox 635 2105 721 2141; x_wconf 85' lang='lat' dir='ltr'>Chr.</span> <span class='ocrx_word' id='word_1_276' title='bbox 762 2118 798 2141; x_wconf 88' lang='lat' dir='ltr'>n.</span> <span class='ocrx_word' id='word_1_277' title='bbox 839 2104 947 2141; x_wconf 85' lang='lat' dir='ltr'>iussu</span> <span class='ocrx_word' id='word_1_278' title='bbox 983 2105 1278 2151; x_wconf 83' lang='lat' dir='ltr'>Leontinorum,</span> <span class='ocrx_word' id='word_1_279' title='bbox 1317 2106 1557 2154; x_wconf 89' lang='lat' dir='ltr'>popularium</span> 
     </span>
     <span class='ocr_line' id='line_1_36' title="bbox 212 2161 1558 2210; baseline 0 -12"><span class='ocrx_word' id='word_1_280' title='bbox 212 2175 384 2206; x_wconf 86' lang='lat' dir='ltr'>suorum,</span> <span class='ocrx_word' id='word_1_281' title='bbox 424 2161 598 2198; x_wconf 87' lang='lat' dir='ltr'>Athenas</span> <span class='ocrx_word' id='word_1_282' title='bbox 635 2165 861 2210; x_wconf 88' lang='lat' dir='ltr'>susceptam.</span> <span class='ocrx_word' id='word_1_283' title='bbox 920 2161 990 2198; x_wconf 80' lang='lat' dir='ltr'>Cui</span> <span class='ocrx_word' id='word_1_284' title='bbox 1030 2162 1242 2199; x_wconf 85' lang='lat' dir='ltr'>sententiae</span> <span class='ocrx_word' id='word_1_285' title='bbox 1281 2175 1404 2210; x_wconf 88' lang='lat' dir='ltr'>nuper</span> <span class='ocrx_word' id='word_1_286' title='bbox 1442 2162 1558 2199; x_wconf 87' lang='lat' dir='ltr'>etiam</span> 
     </span>
     <span class='ocr_line' id='line_1_37' title="bbox 213 2217 1558 2268; baseline 0 -14"><span class='ocrx_word' id='word_1_287' title='bbox 213 2218 505 2267; x_wconf 79' lang='lat' dir='ltr'>Sybrandus</span> <span class='ocrx_word' id='word_1_288' title='bbox 544 2217 602 2253; x_wconf 90' lang='lat' dir='ltr'>De</span> <span class='ocrx_word' id='word_1_289' title='bbox 642 2217 782 2264; x_wconf 86' lang='lat' dir='ltr'>Gorgia</span> <span class='ocrx_word' id='word_1_290' title='bbox 820 2217 917 2253; x_wconf 87' lang='lat' dir='ltr'>Plat.</span> <span class='ocrx_word' id='word_1_291' title='bbox 955 2231 990 2265; x_wconf 93' lang='lat' dir='ltr'>p.</span> <span class='ocrx_word' id='word_1_292' title='bbox 1024 2221 1046 2253; x_wconf 73' lang='lat'><strong>4</strong></span> <span class='ocrx_word' id='word_1_293' title='bbox 1085 2231 1201 2268; x_wconf 77' lang='lat' dir='ltr'>seqq,</span> <span class='ocrx_word' id='word_1_294' title='bbox 1242 2218 1558 2265; x_wconf 88' lang='lat' dir='ltr'>Voegelinus</span> 
     </span>
     <span class='ocr_line' id='line_1_38' title="bbox 213 2273 1557 2323; baseline 0.001 -14"><span class='ocrx_word' id='word_1_295' title='bbox 213 2275 298 2310; x_wconf 87' lang='lat' dir='ltr'>Act.</span> <span class='ocrx_word' id='word_1_296' title='bbox 329 2273 463 2310; x_wconf 79' lang='lat' dir='ltr'>Societ.</span> <span class='ocrx_word' id='word_1_297' title='bbox 505 2273 635 2309; x_wconf 87' lang='lat' dir='ltr'>Graec.</span> <span class='ocrx_word' id='word_1_298' title='bbox 666 2273 768 2321; x_wconf 90' lang='lat' dir='ltr'>Lips.</span> <span class='ocrx_word' id='word_1_299' title='bbox 799 2273 840 2309; x_wconf 85' lang='lat' dir='ltr'>T.</span> <span class='ocrx_word' id='word_1_300' title='bbox 863 2274 893 2309; x_wconf 84' lang='lat' dir='ltr'>I.</span> <span class='ocrx_word' id='word_1_301' title='bbox 924 2273 1031 2310; x_wconf 84' lang='lat' dir='ltr'>Fasc.</span> <span class='ocrx_word' id='word_1_302' title='bbox 1066 2274 1133 2310; x_wconf 84' lang='lat' dir='ltr'>IV.</span> <span class='ocrx_word' id='word_1_303' title='bbox 1163 2287 1199 2321; x_wconf 86' lang='lat' dir='ltr'>p.</span> <span class='ocrx_word' id='word_1_304' title='bbox 1232 2276 1309 2309; x_wconf 75' lang='lat'>234</span> <span class='ocrx_word' id='word_1_305' title='bbox 1341 2286 1444 2323; x_wconf 87' lang='lat' dir='ltr'>seqq.</span> <span class='ocrx_word' id='word_1_306' title='bbox 1475 2273 1557 2310; x_wconf 91' lang='lat' dir='ltr'>alii-</span> 
     </span>
     <span class='ocr_line' id='line_1_39' title="bbox 214 2328 1558 2378; baseline 0.001 -13"><span class='ocrx_word' id='word_1_307' title='bbox 214 2342 288 2378; x_wconf 86' lang='lat' dir='ltr'>que</span> <span class='ocrx_word' id='word_1_308' title='bbox 318 2329 373 2366; x_wconf 88' lang='lat' dir='ltr'>ita</span> <span class='ocrx_word' id='word_1_309' title='bbox 402 2328 601 2376; x_wconf 87' lang='lat' dir='ltr'>suffragati</span> <span class='ocrx_word' id='word_1_310' title='bbox 632 2334 732 2374; x_wconf 83' lang='lat' dir='ltr'>sunt,</span> <span class='ocrx_word' id='word_1_311' title='bbox 763 2332 807 2365; x_wconf 87' lang='lat' dir='ltr'>ut</span> <span class='ocrx_word' id='word_1_312' title='bbox 836 2342 920 2365; x_wconf 89' lang='lat' dir='ltr'>eam</span> <span class='ocrx_word' id='word_1_313' title='bbox 951 2330 1043 2366; x_wconf 88' lang='lat' dir='ltr'>adeo</span> <span class='ocrx_word' id='word_1_314' title='bbox 1071 2329 1227 2366; x_wconf 89' lang='lat' dir='ltr'>uberius</span> <span class='ocrx_word' id='word_1_315' title='bbox 1256 2329 1450 2366; x_wconf 87' lang='lat' dir='ltr'>illustrare</span> <span class='ocrx_word' id='word_1_316' title='bbox 1479 2334 1558 2367; x_wconf 89' lang='lat' dir='ltr'>stu-</span> 
     </span>
     <span class='ocr_line' id='line_1_40' title="bbox 212 2384 1559 2433; baseline 0.001 -13"><span class='ocrx_word' id='word_1_317' title='bbox 212 2384 376 2421; x_wconf 84' lang='lat' dir='ltr'>duerint.</span> <span class='ocrx_word' id='word_1_318' title='bbox 452 2385 533 2420; x_wconf 87' lang='lat' dir='ltr'>Nec</span> <span class='ocrx_word' id='word_1_319' title='bbox 571 2388 701 2421; x_wconf 89' lang='lat' dir='ltr'>tamen</span> <span class='ocrx_word' id='word_1_320' title='bbox 740 2398 785 2421; x_wconf 88' lang='lat' dir='ltr'>ea</span> <span class='ocrx_word' id='word_1_321' title='bbox 828 2384 925 2421; x_wconf 86' lang='lat' dir='ltr'>ratio</span> <span class='ocrx_word' id='word_1_322' title='bbox 974 2385 1087 2433; x_wconf 86' lang='lat' dir='ltr'>plane</span> <span class='ocrx_word' id='word_1_323' title='bbox 1125 2387 1285 2433; x_wconf 86' lang='lat' dir='ltr'>probata</span> <span class='ocrx_word' id='word_1_324' title='bbox 1323 2388 1381 2422; x_wconf 85' lang='lat' dir='ltr'>est</span> <span class='ocrx_word' id='word_1_325' title='bbox 1419 2385 1559 2423; x_wconf 88' lang='lat' dir='ltr'>criticis</span> 
     </span>
     <span class='ocr_line' id='line_1_41' title="bbox 212 2440 1556 2490; baseline 0.001 -14"><span class='ocrx_word' id='word_1_326' title='bbox 212 2440 496 2477; x_wconf 88' lang='lat' dir='ltr'>recentioribus.</span> <span class='ocrx_word' id='word_1_327' title='bbox 555 2440 655 2477; x_wconf 87' lang='lat' dir='ltr'>Nam</span> <span class='ocrx_word' id='word_1_328' title='bbox 685 2441 784 2478; x_wconf 86' lang='lat' dir='ltr'>Car.</span> <span class='ocrx_word' id='word_1_329' title='bbox 816 2441 970 2490; x_wconf 85' lang='lat' dir='ltr'>quidem</span> <span class='ocrx_word' id='word_1_330' title='bbox 1002 2441 1335 2478; x_wconf 79' lang='lat' dir='ltr'>Steinhartus</span> <span class='ocrx_word' id='word_1_331' title='bbox 1365 2455 1488 2490; x_wconf 89' lang='lat' dir='ltr'>nuper</span> <span class='ocrx_word' id='word_1_332' title='bbox 1517 2441 1556 2478; x_wconf 87' lang='lat' dir='ltr'>in</span> 
     </span>
     <span class='ocr_line' id='line_1_42' title="bbox 212 2496 1556 2545; baseline 0.001 -13"><span class='ocrx_word' id='word_1_333' title='bbox 212 2496 383 2543; x_wconf 83' lang='lat' dir='ltr'>Prolegg.</span> <span class='ocrx_word' id='word_1_334' title='bbox 413 2496 720 2544; x_wconf 84' lang='lat' dir='ltr'>interpretationi</span> <span class='ocrx_word' id='word_1_335' title='bbox 760 2497 854 2545; x_wconf 90' lang='lat' dir='ltr'>Opp.</span> <span class='ocrx_word' id='word_1_336' title='bbox 885 2497 981 2533; x_wconf 89' lang='lat' dir='ltr'>Plat.</span> <span class='ocrx_word' id='word_1_337' title='bbox 1012 2497 1258 2534; x_wconf 85' lang='lat' dir='ltr'>Germanicae</span> <span class='ocrx_word' id='word_1_338' title='bbox 1289 2499 1335 2534; x_wconf 91' lang='lat' dir='ltr'>ab</span> <span class='ocrx_word' id='word_1_339' title='bbox 1366 2497 1556 2534; x_wconf 88' lang='lat' dir='ltr'>Hieron.</span> 
     </span>
     <span class='ocr_line' id='line_1_43' title="bbox 212 2552 1556 2601; baseline 0.001 -13"><span class='ocrx_word' id='word_1_340' title='bbox 212 2552 433 2588; x_wconf 78' lang='lat' dir='ltr'>Miillero</span> <span class='ocrx_word' id='word_1_341' title='bbox 470 2552 593 2588; x_wconf 84' lang='lat' dir='ltr'>factae</span> <span class='ocrx_word' id='word_1_342' title='bbox 623 2552 839 2600; x_wconf 86' lang='lat' dir='ltr'>praemissis</span> <span class='ocrx_word' id='word_1_343' title='bbox 869 2552 951 2589; x_wconf 81' lang='lat' dir='ltr'>Vol.</span> <span class='ocrx_word' id='word_1_344' title='bbox 983 2553 1035 2589; x_wconf 84' lang='lat' dir='ltr'>II.</span> <span class='ocrx_word' id='word_1_345' title='bbox 1072 2566 1106 2601; x_wconf 90' lang='lat' dir='ltr'>p.</span> <span class='ocrx_word' id='word_1_346' title='bbox 1140 2556 1253 2598; x_wconf 57' lang='lat'>393„</span> <span class='ocrx_word' id='word_1_347' title='bbox 1293 2553 1364 2590; x_wconf 86' lang='lat' dir='ltr'>etsi</span> <span class='ocrx_word' id='word_1_348' title='bbox 1406 2553 1556 2589; x_wconf 91' lang='lat' dir='ltr'>omnino</span> 
     </span>
     <span class='ocr_line' id='line_1_44' title="bbox 212 2607 1556 2657; baseline 0.001 -14"><span class='ocrx_word' id='word_1_349' title='bbox 212 2609 259 2643; x_wconf 83' lang='lat' dir='ltr'>(le</span> <span class='ocrx_word' id='word_1_350' title='bbox 288 2607 408 2656; x_wconf 87' lang='lat' dir='ltr'>primo</span> <span class='ocrx_word' id='word_1_351' title='bbox 437 2607 502 2643; x_wconf 90' lang='lat' dir='ltr'>illo</span> <span class='ocrx_word' id='word_1_352' title='bbox 523 2608 685 2655; x_wconf 85' lang='lat' dir='ltr'>Gorgiae</span> <span class='ocrx_word' id='word_1_353' title='bbox 715 2608 755 2644; x_wconf 85' lang='lat' dir='ltr'>in</span> <span class='ocrx_word' id='word_1_354' title='bbox 776 2608 974 2646; x_wconf 85' lang='lat' dir='ltr'>Graeciam</span> <span class='ocrx_word' id='word_1_355' title='bbox 1004 2609 1173 2646; x_wconf 84' lang='lat' dir='ltr'>adventu</span> <span class='ocrx_word' id='word_1_356' title='bbox 1205 2609 1447 2657; x_wconf 85' lang='lat' dir='ltr'>cogitandum</span> <span class='ocrx_word' id='word_1_357' title='bbox 1475 2623 1556 2646; x_wconf 90' lang='lat' dir='ltr'>esse</span> 
     </span>
     <span class='ocr_line' id='line_1_45' title="bbox 212 2663 1564 2714; baseline 0.001 -14"><span class='ocrx_word' id='word_1_358' title='bbox 212 2663 390 2711; x_wconf 85' lang='lat' dir='ltr'>largitur,</span> <span class='ocrx_word' id='word_1_359' title='bbox 430 2667 558 2702; x_wconf 72' lang='lat' dir='ltr'>tamen</span> <span class='ocrx_word' id='word_1_360' title='bbox 597 2664 679 2701; x_wconf 84' lang='lat' dir='ltr'>fieri</span> <span class='ocrx_word' id='word_1_361' title='bbox 718 2664 810 2702; x_wconf 85' lang='lat' dir='ltr'>item</span> <span class='ocrx_word' id='word_1_362' title='bbox 846 2678 956 2713; x_wconf 86' lang='lat' dir='ltr'>posse</span> <span class='ocrx_word' id='word_1_363' title='bbox 986 2665 1153 2712; x_wconf 85' lang='lat' dir='ltr'>censuit,</span> <span class='ocrx_word' id='word_1_364' title='bbox 1194 2669 1238 2703; x_wconf 89' lang='lat' dir='ltr'>ut</span> <span class='ocrx_word' id='word_1_365' title='bbox 1266 2665 1564 2714; x_wconf 85' lang='lat' dir='ltr'>intelligendum</span> 
     </span>
    </p>
   </div>
  </div>
 </body>
</html>
