1687 2969
910 106 1008 144 XGVI

288 235 396 273 mus,
430 219 615 274 denique
646 217 701 260 ad
731 217 976 274 philosophi
1008 219 1122 259 omni
1153 218 1277 259 laude
1310 219 1513 261 cumulati
1545 220 1629 261 vir-

286 283 421 318 tutem
461 276 566 317 nihil
605 275 755 317 deesse
797 275 1126 317 existimandum
1175 275 1241 316 sit.
1303 276 1415 317 Nam
1446 277 1628 332 primum

287 332 460 387 quidem
492 348 733 374 sermonum
773 338 815 373 et
854 331 1163 373 audiendorum
1196 337 1239 373 et
1268 333 1629 374 instituendorum

289 396 354 431 est
383 390 508 444 longe
549 389 845 441 avidissimus,
886 389 1014 430 sicuti
1046 388 1179 444 exigit
1209 404 1364 430 munus
1399 389 1628 442 dialectici,

286 453 335 487 ut
365 462 418 487 ne
449 447 687 488 rhetoricas
719 445 891 500 quidem
924 445 1258 487 declamationes
1290 453 1555 501 aspernetur.
1588 463 1628 487 v.

286 519 327 558 p.
369 504 463 545 228.
506 503 556 545 Β.
597 504 693 544 230.
733 502 788 546 Ι).
830 502 882 542 Ε.
927 503 1021 543 236.
1063 502 1114 546 Ε.
1157 503 1251 546 237.
1284 503 1339 543 A.
1372 502 1426 543 al.
1457 503 1629 544 Deinde

286 576 372 601 11011
413 566 499 600 tam
528 566 747 600 externam
786 574 927 600 rerum
958 566 1152 602 naturam
1185 559 1362 613 eiusque
1395 559 1630 600 amoenita-

285 624 349 658 tes
391 616 669 672 contemplari
718 616 860 671 cupit,
903 630 1030 669 quam
1068 615 1261 658 homines
1301 615 1446 671 potius
1486 615 1632 657 studet

285 688 548 729 cognoscere
596 688 827 726 eorumque
880 688 1018 713 mores
1071 678 1114 713 et
1162 673 1336 728 ingenia
1392 672 1629 727 explorare,

285 731 428 774 omnia
460 730 619 785 quippe
648 729 837 772 referens
870 727 925 768 ad
956 728 1146 770 divinum
1188 728 1294 770 illud
1324 730 1471 784 γνῶθι
1506 745 1630 771 σεαυ-

284 788 387 836 τόν,
428 786 612 840 1(160(1116
644 785 768 826 etiam
799 801 892 825 raro
925 801 977 826 ex
1009 786 1114 826 urbe
1148 785 1392 841 egrediens,
1427 786 1629 840 quoniam

284 845 457 886 arbores
489 849 531 884 et
560 842 758 898 regiones
790 842 1087 882 circumiectae
1118 842 1259 897 ipsum
1289 842 1391 886 nihil
1421 842 1629 893 doceant3

283 901 478 941 homines
518 899 561 940 in
610 899 715 941 111116
766 904 986 939 versantes
1036 897 1221 939 doceant
1266 899 1470 954 plurima,
1522 914 1631 953 quae

283 956 338 997 ad
369 956 562 998 veritatis
595 955 885 1012 cognitionem
925 954 1119 1005 valeant3
1160 972 1199 996 v.
1230 971 1272 1011 p.
1307 957 1400 997 230.
1433 955 1490 997 D.
1551 955 1631 999 Ni-

282 1014 434 1054 mirum
477 1012 592 1054 istud
643 1027 814 1066 quoque
861 1012 985 1053 facile
1042 1017 1221 1067 apparet
1267 1011 1485 1068 proprium
1538 1027 1632 1054 esse

283 1070 526 1122 dialectici,
568 1075 774 1125 perpetuo
815 1075 903 1109 tam
944 1068 987 1109 in
1020 1068 1256 1123 gymnasiis
1288 1084 1413 1123 quam
1453 1069 1495 1109 in
1537 1069 1631 1111 aliis

282 1127 505 1170 hominum
573 1126 768 1167 coetibus
842 1124 1120 1179 colloquendi
1194 1130 1322 1179 atque
1394 1125 1631 1167 disserendi

282 1183 651 1239 opportunitatem
697 1182 964 1236 quaerentis3
1006 1198 1044 1222 v.
1085 1197 1126 1236 p.
1159 1183 1253 1222 227.
1286 1182 1340 1225 A.
1374 1194 1416 1223 et
1447 1183 1540 1223 261.
1573 1182 1630 1223 D.

282 1242 419 1282 Porro
463 1240 549 1284 vim
589 1239 883 1292 rationemque
916 1238 1020 1280 artis
1062 1237 1312 1279 dialecticae
1358 1238 1466 1280 adeo
1497 1245 1630 1292 tenet,

280 1303 329 1338 ut
369 1313 456 1338 non
503 1295 630 1338 modo
673 1296 765 1337 eius
810 1302 1042 1350 praecepta
1095 1301 1283 1350 exponat
1321 1295 1629 1350 sollertissime,

282 1353 358 1395 sed
398 1354 525 1395 etiam
564 1368 688 1396 11511111
725 1368 871 1393 60111111
910 1352 1035 1407 plane
1076 1352 1240 1394 calleat.
1300 1352 1414 1393 Nam
1445 1367 1554 1406 quae
1585 1368 1628 1407 p.

282 1412 375 1454 265.
406 1411 462 1451 D.
495 1435 548 1440 —
580 1410 672 1450 266.
707 1408 756 1450 C.
792 1410 887 1450 270.
917 1409 974 1449 A.
1005 1434 1058 1439 —
1092 1409 1186 1453 272.
1218 1408 1269 1452 B.
1301 1425 1342 1464 p.
1376 1410 1469 1450 277.
1501 1409 1553 1450 B.
1577 1408 1626 1450 C.

281 1467 331 1509 al.
375 1466 428 1510 de
469 1466 706 1510 dialecticis
748 1465 965 1521 disputat,
1009 1481 1060 1506 ea
1088 1481 1175 1507 non
1205 1465 1332 1506 modo
1363 1466 1630 1521 patefaciunt

281 1524 547 1577 luculenter,
591 1518 795 1578 quidnam
824 1521 931 1562 illud
962 1522 1041 1575 sit,
1074 1522 1117 1562 111
1148 1537 1233 1576 (1110
1265 1521 1515 1563 dialecticae
1543 1523 1628 1564 vir*

282 1587 351 1622 tus
384 1596 434 1622 ac
464 1580 731 1636 praestantia
762 1585 984 1631 cernatur,
1030 1594 1177 1619 verum
1210 1578 1344 1619 etiam
1374 1585 1520 1633 aperte
1552 1578 1628 1620 de-

284 1637 450 1679 clarant
471 1643 679 1692 quantum
702 1652 751 1678 ea
782 1635 838 1676 ad
856 1634 1166 1676 emendandam
1197 1635 1454 1676 rhetoricam
1474 1635 1626 1679 valeat.

284 1694 415 1747 Quod
446 1700 561 1736 certe
594 1694 685 1735 eius
718 1708 811 1734 esse
843 1691 1065 1733 fatendum
1095 1698 1175 1744 est,
1210 1692 1283 1746 qui
1312 1698 1429 1733 totus
1461 1692 1505 1733 in
1537 1691 1628 1733 dia-

283 1750 448 1792 lecticis
478 1750 656 1792 habitet.
716 1750 939 1791 Postremo
972 1748 1099 1789 etiam
1131 1748 1173 1788 111
1207 1748 1486 1801 orationibus,
1521 1764 1626 1803 quas

284 1807 522 1861 declamat,
562 1807 599 1848 is
631 1812 721 1859 est,
771 1806 844 1860 qui
875 1805 1017 1846 omnia
1056 1805 1135 1845 rite
1179 1804 1369 1857 definiat,
1413 1805 1627 1846 subtiliter

282 1864 517 1919 partiatur,
556 1863 671 1904 iusto
714 1862 863 1904 ordine
907 1866 1115 1916 exponat,
1167 1860 1351 1915 denique
1400 1877 1449 1902 co
1497 1861 1625 1904 modo

283 1927 592 1976 persequatur,
632 1924 681 1960 ut
717 1918 824 1963 nihil
864 1933 951 1959 non
992 1917 1148 1958 idonea
1178 1918 1343 1959 ratione
1373 1918 1625 1960 illustretur.

284 1976 408 2030 Quae
449 1976 588 2019 omnia
627 1981 741 2016 certe
790 1974 894 2019 satis
936 1974 1165 2026 evincunt,
1216 1975 1392 2030 opinor,
1442 1974 1626 2016 eundem

282 2034 401 2075 illum
423 2032 661 2086 Socratem,
687 2047 813 2087 quem
833 2036 957 2072 antea
975 2036 1024 2072 ut
1052 2031 1289 2086 perfectum
1311 2038 1541 2076 amatorem
1561 2031 1625 2072 in-

282 2091 456 2133 formari
494 2089 705 2142 vidimus,
748 2088 875 2129 etiam
914 2093 962 2128 ut
991 2087 1227 2144 perfectum
1261 2087 1530 2129 dialecticum
1562 2088 1625 2129 lo-

284 2153 485 2202 quentem
512 2145 680 2198 induci,
713 2146 774 2186 ita
804 2151 852 2185 ut
882 2144 985 2186 artis
1017 2143 1266 2185 dialecticae
1298 2159 1494 2186 caussam
1525 2151 1627 2200 agat

283 2204 588 2246 sollertissime.
661 2202 755 2243 Iam
794 2217 896 2242 vero
935 2200 990 2241 ad
1027 2200 1134 2245 haec
1176 2201 1317 2242 omnia
1354 2200 1522 2242 accedit
1551 2201 1625 2242 de-

282 2261 409 2314 nique
450 2261 577 2302 etiam
595 2259 768 2301 tertium
794 2257 914 2311 illud,
948 2257 1064 2312 quod
1094 2272 1190 2301 cum
1221 2263 1402 2311 utroque
1435 2273 1622 2311 munere,

282 2316 399 2371 quod
432 2317 469 2358 ei
500 2316 718 2372 proprium
751 2330 844 2357 esse
879 2314 1083 2367 vidimus,
1119 2313 1354 2355 arctissime
1387 2330 1490 2358 sane
1522 2329 1625 2356 con-

282 2374 475 2416 iunctum
515 2379 591 2414 est.
652 2373 818 2413 Tuetur
857 2371 967 2413 enim
1006 2370 1188 2414 oratoris
1228 2370 1353 2426 plane
1385 2370 1542 2412 excelsi
1575 2386 1624 2412 ac

282 2430 416 2473 divini
446 2429 594 2471 laudes
635 2429 716 2482 ita,
757 2434 806 2470 ut
843 2442 975 2484 prope
1015 2427 1232 2482 perfectus
1272 2427 1353 2468 hoc.
1384 2427 1428 2468 in
1467 2442 1623 2484 genere

282 2487 448 2528 censeri
488 2486 654 2530 debeat.
720 2485 834 2530 Nam
865 2500 995 2540 quum
1024 2489 1142 2527 recte
1182 2489 1223 2524 et
1251 2483 1464 2527 subtiliter
1493 2484 1625 2524 verba

282 2543 434 2596 iaciat,
479 2549 567 2584 tum
599 2543 726 2583 etiam
757 2548 934 2597 propter
972 2539 1205 2595 sapientiae
1237 2540 1407 2585 divinae
1438 2554 1623 2583 amorem

282 2599 573 2641 incredibilem
613 2599 739 2654 plane
787 2597 977 2640 abundat
1025 2596 1256 2652 praeclaris
1295 2612 1343 2638 ac
1382 2596 1623 2652 magnificis

282 2657 507 2700 sententiis
551 2656 823 2735 alnimumque
864 2659 1049 2696 ostentat
1097 2668 1181 2693 11011
1222 2653 1274 2694 ad
1326 2653 1500 2695 humilia
1548 2660 1623 2699 aut.
