1687 2969
232 172 253 204 4
260 172 282 205 2
705 170 1093 207 PROLEGOMENA

229 281 463 328 ostenditur,
504 295 601 332 quae
642 295 759 333 quum
790 283 835 319 ad
878 282 1041 331 speeiem
1080 283 1208 331 potius
1248 284 1429 322 scientiae
1461 298 1575 336 quam

230 339 276 374 ad
308 338 476 375 eiusdem
507 338 708 376 veritatem
738 340 1017 376 accommodata
1040 339 1099 385 sit,
1131 339 1283 377 omnino
1313 354 1431 390 quum
1455 342 1576 379 omnis

228 394 406 439 virtutis,
446 402 530 432 tum
568 395 753 444 imprimis
792 395 962 432 iustitiae
1004 395 1114 432 laude
1153 409 1288 433 vacare
1319 397 1575 435 existimanda

229 451 290 488 sit.
359 450 469 491 Quod
508 456 635 488 tamen
676 466 719 489 eo
759 453 869 488 modo
907 452 1121 500 peragitur,
1171 458 1215 490 ut
1252 453 1372 501 ipsius
1411 454 1572 502 Gorgiae

228 508 352 544 famae
383 511 422 545 et
451 508 726 546 existimationi
766 512 962 557 parcatur,
1004 508 1102 545 sicut
1131 509 1292 545 Phaedr.
1323 523 1358 558 p.
1392 511 1482 547 267.
1514 512 1573 557 A„

229 564 418 614 siquidem
447 565 480 601 ei
512 565 643 603 nativa
663 566 849 615 quaedam
880 565 968 601 boni
999 568 1036 601 et
1066 565 1157 602 iusti
1179 566 1411 602 verecundia
1440 566 1573 616 utique

229 620 458 658 conceditur.
524 622 574 659 Et
603 622 674 658 hoc
703 622 854 671 quidem
886 621 1057 658 universi
1087 622 1303 659 certaminis
1333 623 1487 660 initium
1517 627 1575 661 est

229 683 268 715 et
295 678 417 726 prima
446 678 554 728 quasi
584 691 734 726 pugnae
764 678 989 725 congressiO.

314 734 480 783 Suscipit
511 734 645 771 deinde
675 747 885 770 sennonem
916 734 1050 779 Polus,
1091 734 1241 772 iuvenis
1278 735 1460 782 magistro
1503 736 1570 773 ali-

229 797 372 840 quanto
419 791 590 836 calidior,
641 790 927 833 contentiosior,
976 790 1171 836 audacior,
1212 791 1277 840 qui
1318 805 1386 828 nec
1422 793 1574 830 dubitat

229 860 402 883 caussam
440 847 646 884 rhetorices
677 847 852 897 quamvis
882 847 1006 883 minus
1037 847 1236 884 honestam
1265 849 1442 895 gnaviter
1470 849 1571 886 tueri

229 916 271 939 ac
301 904 513 940 defendere.
574 904 619 939 In
650 917 723 953 quo
762 904 886 940 utitur
915 903 1064 940 dicendi
1103 916 1241 950 genere
1271 904 1474 953 sophistice
1514 918 1572 941 or-

229 963 319 997 nato
351 964 388 997 et
406 960 609 997 artificiose
631 960 898 997 calamistrato.
940 961 978 996 Is
1008 973 1108 1006 verO,
1129 966 1379 1010 posteaquam
1399 961 1571 999 Socrates

229 1016 394 1053 ostendit
432 1016 660 1053 rhetoricam
700 1017 771 1053 sibi
810 1016 931 1054 videri
972 1016 1083 1053 iuxta
1123 1029 1208 1053 cum
1246 1017 1471 1066 sophistica,
1513 1019 1573 1055 cui

228 1073 431 1109 admodum
460 1073 509 1110 sit
539 1077 721 1121 cognata,
762 1076 882 1110 artem
913 1086 993 1109 esse
1022 1073 1134 1121 plane
1165 1073 1415 1111 adulatoriam
1446 1078 1484 1112 et
1513 1088 1571 1111 co-

228 1129 425 1179 quinariae
446 1130 548 1166 haud
569 1129 781 1166 absimilem
800 1134 934 1178 utpote
955 1130 1080 1165 onmia
1099 1130 1223 1177 gratia
1242 1134 1356 1180 atque
1376 1130 1573 1179 voluptate

228 1186 450 1224 metientem
480 1185 531 1235 (p.
563 1189 654 1222 462.
686 1187 724 1223 C.
756 1208 811 1212 ——
842 1190 931 1223 465.
964 1186 1044 1233 E.)‚
1081 1186 1255 1234 neglecta
1282 1187 1353 1223 hac
1383 1187 1574 1225 sententia

227 1243 332 1280 illam
362 1246 544 1292 protenus
583 1243 777 1280 contendit
816 1243 887 1279 hoc
917 1242 1071 1292 quidem
1107 1243 1247 1279 habere
1276 1244 1489 1292 proprium,
1530 1248 1574 1281 ut

229 1299 311 1336 eius
351 1313 420 1348 ope
460 1300 506 1336 ad
545 1299 751 1335 maximam
791 1299 829 1335 in
868 1299 1061 1347 republica
1111 1300 1478 1338 auctoritatem
1527 1305 1573 1337 et

228 1356 511 1404 potentiam
550 1356 808 1404 perveniatur.
877 1356 1013 1405 Itaque
1055 1368 1137 1391 eam
1186 1357 1241 1393 ab
1289 1370 1379 1393 usu
1419 1361 1465 1394 et
1511 1357 1572 1394 ef-

227 1413 367 1450 fectu
406 1413 536 1449 laudat
574 1412 808 1463 mirificeque
843 1412 1036 1461 praedicat
1065 1424 1195 1448 eorum
1223 1412 1466 1459 felicitatem,
1507 1413 1572 1463 qui

229 1469 313 1506 aliis
342 1469 383 1505 in
412 1469 605 1518 republica
634 1470 720 1517 plus
750 1470 916 1506 habeant
946 1472 982 1505 et
1013 1468 1139 1505 omnia
1168 1469 1323 1506 arbitrio
1353 1482 1420 1506 suo
1464 1483 1572 1518 pera-

228 1538 317 1573 gere
354 1526 523 1576 adeoque
563 1525 655 1562 alios
696 1525 881 1574 supplicio
908 1526 1070 1561 ‘afficere
1110 1525 1266 1573 possint.
1325 1524 1450 1565 Quam
1488 1540 1573 1563 sen-

228 1582 389 1619 tentiam
420 1582 535 1620 etiam
555 1582 862 1632 Thrasymachus
892 1581 1061 1618 defendit
1089 1581 1147 1617 De
1168 1581 1328 1630 Republ.
1360 1583 1390 1619 Ι.
1421 1596 1456 1631 p.
1480 1586 1571 1620 338.

229 1640 275 1675 A.
307 1652 410 1689 seqq.
470 1639 567 1675 Tum
596 1652 686 1676 vero
717 1652 848 1676 severe
885 1638 921 1674 id
954 1638 1098 1685 agitur,
1139 1643 1182 1675 ut
1220 1638 1333 1675 istam
1362 1638 1572 1687 potentiam

227 1708 363 1733 revera
392 1695 537 1732 nullam
567 1708 649 1732 esse
680 1696 849 1745 adeoque
870 1695 1135 1743 impotentiam
1154 1695 1281 1732 vocari
1310 1695 1446 1732 debere
1467 1695 1572 1733 evin-

230 1757 348 1789 catur.
407 1751 557 1801 Quippe
598 1752 801 1800 opponitur
840 1751 897 1787 illi
928 1751 1115 1800 opinioni,
1156 1764 1204 1788 ex
1242 1764 1347 1788 mera
1375 1752 1478 1789 vitae
1509 1765 1574 1788 ex-

228 1813 359 1846 ternae
389 1809 513 1858 specie
543 1809 698 1854 ductae,
739 1808 1001 1857 philosophiae
1039 1807 1136 1844 ratio
1176 1813 1213 1844 et
1253 1808 1434 1854 doctrina,
1474 1822 1571 1859 quae

227 1865 419 1902 internam
448 1865 613 1901 hominis
642 1865 762 1902 vitam
792 1869 937 1913 spectat
976 1864 1140 1913 indeque
1181 1864 1226 1901 de
1256 1877 1347 1901 vera
1387 1865 1571 1915 cuiusque

227 1921 406 1959 libertate
437 1934 479 1958 ac
508 1921 680 1970 potentia
718 1921 901 1957 iudicium
929 1920 1098 1957 assumit.
1157 1921 1326 1957 Docetur
1356 1920 1457 1957 enim
1486 1921 1571 1958 rhe-

228 1978 374 2016 toricen
404 1981 443 2015 et.
470 1978 651 2026 politicen
670 1979 793 2014 faeere
822 1977 975 2027 quidem
1005 1990 1027 2026 q
1040 1990 1129 2014 uae
1159 1977 1352 2022 lubeat,
1383 1990 1453 2014 nec
1481 1991 1572 2015 vero

229 2047 354 2085 quae
395 2034 526 2071 velit
567 2034 674 2082 (465.
705 2034 748 2070 E.
779 2033 910 2084 seqq),
950 2033 1091 2083 quippe
1131 2046 1249 2083 quum
1279 2034 1362 2070 luce
1392 2034 1572 2071 scientiae

230 2095 356 2128 careat
384 2091 545 2141 ideoque
575 2091 699 2140 ipsum
729 2104 822 2139 opus
859 2089 1050 2127 actionum
1089 2090 1344 2126 humanarum
1380 2090 1459 2127 fere
1488 2103 1572 2139 per-

229 2152 352 2185 mutet
383 2160 468 2184 cum
497 2148 584 2193 fine,
615 2147 682 2197 qui
711 2147 765 2183 eis
784 2146 999 2195 propositus
1029 2159 1110 2183 esse
1133 2147 1279 2183 debeat.
1319 2147 1413 2183 Esse
1443 2150 1571 2184 autem

230 2204 347 2241 finem
375 2204 527 2241 illarum
556 2203 655 2240 nihil
684 2203 787 2240 aliud
817 2216 930 2253 quam
960 2204 1049 2239 bon
1063 2217 1155 2249 um,
1197 2216 1270 2252 quo
1300 2203 1471 2250 neglecto
1511 2203 1573 2240 vel

229 2260 435 2298 maximam
464 2261 676 2309 potentiam
705 2260 881 2297 miseram
920 2259 1121 2305 exsistere,
1161 2259 1468 2309 quandoquidem
1505 2259 1571 2296 in-

231 2317 368 2354 iuste
418 2330 565 2364 agere
612 2317 733 2354 multo
772 2316 821 2354 sit
857 2315 964 2365 peius
1013 2329 1126 2366 quam
1174 2315 1420 2352 iniuriam
1467 2329 1568 2365 pcr-

229 2373 346 2422 peti.
407 2374 537 2411 Unum
567 2373 668 2410 enim
706 2374 865 2422 probum
903 2378 940 2409 et
970 2373 1111 2408 bonum
1139 2372 1266 2409 virum
1295 2385 1376 2409 esse
1404 2374 1570 2418 beatum,

229 2430 443 2479 improbum
473 2436 511 2467 et
540 2430 683 2466 malum
713 2434 843 2466 contra
880 2428 1090 2474 infelicem,
1131 2429 1298 2479 adeoque
1336 2428 1477 2466 iniuste
1514 2430 1569 2466 fa—

231 2486 393 2523 cientem
433 2499 514 2523 esse
559 2486 812 2531 miseriorem,
861 2485 891 2522 si
930 2485 1076 2521 nullam
1123 2485 1205 2522 luat
1242 2485 1442 2533 pravitatis
1479 2498 1570 2522 suae

229 2555 401 2592 poenam,
432 2556 545 2593 quam
575 2543 605 2579 si
627 2556 671 2580 ea
691 2542 890 2579 afficiatur.
936 2542 1033 2577 Nam
1064 2542 1164 2591 quod
1193 2541 1342 2578 dicatur
1369 2541 1569 2590 turpius

231 2599 385 2650 quidem
425 2595 610 2648 (αἴσχιον)
650 2612 731 2636 esse
771 2599 910 2636 iniuste
949 2611 1078 2645 agere,
1119 2611 1232 2648 quam
1272 2598 1351 2646 pati
1379 2597 1569 2643 iniuriam,

230 2669 301 2693 nec
329 2668 419 2693 vero
449 2656 592 2704 peius
624 2652 796 2703 (κάκιον),
826 2655 864 2692 1(1
884 2654 993 2691 nihili
1015 2667 1107 2700 esse,
1139 2654 1445 2704 quandoquidem
1472 2654 1568 2691 illud

232 2716 271 2751 et
298 2712 448 2762 turpius
488 2716 525 2750 et
562 2712 671 2762 peius
701 2712 814 2750 simul
850 2724 931 2749 esse
960 2710 1173 2760 reperiatur
1211 2710 1261 2760 (p.
1293 2709 1570 2759 474—476.).
