1687 2969
372 195 612 234 GORGIAS.
644 195 687 232 P.
719 195 811 232 479.
844 197 936 231 480.
967 195 1024 232 ed.
1057 195 1111 232 St..

79 308 226 347 ΠῼΛ.
265 305 530 346 Κινδυνεύει.

77 378 155 413 τοῦ
182 377 340 419 κακοὺς
383 371 528 410 ΠῼΛ.
568 368 668 409 Ναί.

1340 196 1415 230 185

587 304 687 344 ΣΩ.
739 303 796 343 Τὸ
830 302 874 343 δὲ
903 317 950 356 γε
977 300 1033 356 μὴ
1063 302 1229 343 διδόναι
1258 300 1419 354 ἐμμονὴ

727 369 826 409 Σῼ.
865 368 1081 420 Δεύτερον
1109 370 1192 420 ἄρα
1221 365 1306 409 ἐστὶ
1334 368 1420 407 τῶν

77 439 221 478 κακῶν
259 435 427 489 μεγέθει
464 437 510 475 τὸ
541 434 720 475 ἀδικεῖν·
760 432 808 474 τὸ
838 432 882 474 δὲ
911 434 1142 474 ἀδικοῦντα
1170 432 1226 486 μὴ
1256 432 1420 473 διδόναι

75 503 196 555 δικην
236 502 408 542 πάντων
445 498 643 553 μέγιστόν
678 513 719 539 τε
748 498 818 540 καὶ
846 501 1017 550 πρῶτον
1046 501 1190 540 κακῶν
1217 495 1420 550 πέφυκεν.

79 570 128 608 Π
129 569 227 608 ΩΑ
259 562 400 608 Εοικε
404 581 440 607 ν

79 634 482 687 ἠμφεςβητήσαμεν

499 567 599 606 ΣΩ.
642 559 732 616 ’Ao'
776 560 855 605 οὖν
892 579 986 616 περι
1026 565 1205 614 τούτου,
1250 565 1282 604 ὠ
1311 563 1418 615 φίλε,

531 630 583 671 σὺ
623 629 700 683 μὲν
737 631 812 670 τὸν
843 624 1077 683 Ἀρχὲλαον
1117 629 1422 682 εὐδαιμονίζων

77 701 152 739 τὸν
180 698 231 739 τὰ
259 695 434 752 μέγιστα
462 696 696 737 ἀδικοῦντα
725 695 846 748 δίκην
875 696 1076 749 οὐδεμίαν
1105 696 1299 746 διδόντα,
1341 693 1421 747 ἐγὼ

79 762 122 805 δὲ
143 764 399 804 τούναντίον
419 762 626 815 οἰόμενος,
656 755 723 802 εἴτ’
748 755 978 814 Ἀρχέλαος
1000 758 1067 801 εἴτ’
1097 763 1224 808 ἄλλος
1252 759 1420 811 ἀνθρώ·
1451 759 1488 801 Ε

79 844 172 870 πων
200 829 393 877 ὁςτιςοῦν
420 827 477 882 μὴ
506 827 651 868 δίδωσι
680 827 804 880 δίκην
832 827 1003 868 ἀδικῶν.
1032 828 1170 882 τούτῳ
1199 826 1424 879 προςήκειν

78 895 216 950 ἀθλίῳ
241 890 349 935 εἶναι
377 894 666 946 διαφερόντως
692 895 778 933 τῶν
805 895 945 933 ἄλλων
974 893 1234 945 ἀνθρώπων,
1262 890 1332 933 καὶ
1362 890 1425 931 ἀεὶ

77 962 153 1001 τὸν
195 960 427 1001 αδικοῦντα
464 963 542 1000 τοῦ
581 957 868 1011 ἀδικουμένου
906 958 1166 1010 αθῖιωτερον
1205 972 1314 998 ειναι
1356 956 1424 997 καὶ

1106 1027 1122 1035 ω
1145 1017 1155 1032 2
1195 1019 1211 1036 ’ἴ

77 1026 154 1067 τὸν
182 1023 239 1079 μὴ
266 1025 438 1066 διδόντα
459 1024 582 1078 δίκην
610 1029 687 1065 τοῦ
716 1024 930 1072 διδόντος;
961 1024 1012 1063 οὐ
1042 1039 1146 1065 ταυτ
1186 1025 1239 1076 ἠν
1267 1037 1318 1063 τα
1350 1017 1422 1063 ὑπ’

78 1089 183 1145 ἐμοῦ
203 1092 433 1145 λεγόμενα;
465 1091 611 1130 ΠΏΛ.
643 1089 743 1130 Ναί.

794 1091 890 1130 Σῼ.
926 1090 1099 1131 Οὐκοῦν
1121 1086 1424 1134 αποδέδεικται

81 1156 144 1198 ὅτι
173 1157 313 1210 ἀληθῆ
343 1155 529 1209 ἐλέγετο,·
561 1156 705 1196 ΠΩΛ.
739 1155 951 1196 Φαίνεται.

167 1224 272 1281 Cap.
304 1222 519 1265 XXXVI.
581 1222 681 1261 252.
714 1217 828 1261 Εἶεν.
860 1221 895 1261 εἰ
919 1216 999 1261 οὖν
1028 1218 1079 1272 δὴ
1109 1225 1243 1260 ταῦτα
1271 1219 1424 1272 ἀληθῆ,

83 1285 115 1331 ὦ
147 1292 295 1338 Πῶλε,
336 1290 397 1337 τίς
435 1289 463 1343 ἡ
498 1289 657 1342 μεγάλη
694 1289 809 1342 χρεία
850 1287 936 1329 ἐστὶ
965 1294 1036 1341 τῆς
1069 1287 1318 1341 ῥητορικῆς;
1365 1288 1429 1327 δεῖ

78 1354 156 1408 μὲν
194 1353 275 1408 γὰρ
311 1355 362 1409 δὴ
401 1353 447 1396 ἐκ
483 1356 570 1395 τῶν
606 1361 689 1395 νὺν
727 1352 1066 1407 ὡμολογημένων
1105 1352 1236 1394 αὐτὸν
1274 1351 1427 1394 ἑαυτὸν

81 1477 283 1521 spondetur:
319 1475 387 1510 ἀλλ’
421 1479 522 1520 οἵγε
548 1478 662 1509 πολλοὶ
693 1478 896 1518 νομιζουσι]
920 1490 960 1509 οι
965 1489 1038 1511 τοι

1086 1478 1175 1510 Dein
1202 1475 1427 1521 ἡιιιγεσβητη-

83 1535 190 1563 σαμεν
215 1523 330 1556 Clark.
354 1524 447 1557 Vatt.
472 1523 542 1554 alii.
578 1523 692 1565 Vulgo
717 1522 931 1555 scribebatur
956 1520 1270 1565 ἠιιφιςβητήσαμει.

149 1567 393 1601 ἀδικοῦντα
419 1568 546 1610 δικητ
571 1566 619 1600 οὐ
633 1567 806 1611 δεμιαι]
834 1569 892 1600 Sic
907 1569 1023 1601 Clark.
1046 1569 1123 1600 Vat.
1149 1568 1253 1601 Coisl.
1278 1568 1426 1603 Vind.6.

82 1615 158 1646 Par.
182 1614 410 1646 BCEFIW.
440 1614 531 1646 Flor.
555 1615 587 1646 b.
612 1625 638 1645 e.
663 1613 694 1646 d.
718 1614 740 1645 f.
765 1625 808 1645 m.
834 1625 862 1646 0.
888 1625 914 1646 S.
940 1626 971 1645 x.
1011 1613 1124 1657 Vulgo
1143 1618 1220 1656 post
1243 1611 1428 1646 αδικοῦντα

82 1659 298 1693 inserebatur
321 1661 386 1691 καί.

83 1791 185 1822 cratis
208 1789 515 1832 argumentationi,
553 1790 610 1831 qui
634 1789 722 1821 nihil

83 1835 178 1867 aliud
211 1835 345 1867 efficere
380 1835 506 1875 voluit,
550 1846 650 1877 quam
686 1839 723 1867 ut

82 1881 296 1923 intelligatur
342 1891 439 1920 eum,
490 1880 548 1922 qui
598 1881 724 1912 iniuste

83 1927 213 1959 faciens
236 1936 365 1968 poenas
389 1926 479 1965 luat,
508 1925 648 1958 meliore
673 1927 722 1957 uti

83 1973 219 2004 fortuna
242 1971 316 2011 illo,
351 1972 411 2013 qui
433 1972 572 2013 impune
595 1972 722 2003 iniuste

83 2022 173 2061 agat.
219 2017 341 2059 Itaque
379 2017 472 2048 istud
516 2014 550 2048 τὸ
590 2015 722 2048 οἶδικεῖι1

84 2063 253 2095 desiderio
287 2073 356 2094 non
388 2062 567 2094 satisfacit.
615 2063 723 2095 Nimi-

85 2119 159 2140 rum
194 2107 273 2139 addi
305 2107 452 2139 debebat
481 2108 600 2149 utique
625 2107 724 2149 δίκην

85 2151 236 2190 διδόντα,
251 2152 341 2194 quod
353 2152 489 2184 videtur
498 2153 722 2192 intercidisse,

84 2200 152 2231 nisi
190 2198 276 2230 forte
307 2198 469 2230 malueris
505 2209 579 2229 cum
611 2199 650 2230 R.
684 2199 722 2230 B.

87 2244 351 2286 Hirsehigio
395 2244 432 2274 in
477 2243 724 2285 Exploratione

85 2290 418 2332 argumentationum
435 2288 597 2321 Socratie.
621 2290 723 2331 Gorg.

86 2341 119 2367 et
163 2333 298 2366 Phileb.
344 2334 432 2366 Plat.
481 2335 628 2366 Traieot.
683 2334 723 2366 ad

86 2380 195 2412 Rhen.
219 2378 319 2412 1859.
343 2378 374 2413 8.
399 2390 430 2421 p.
457 2378 509 2412 15.
541 2378 723 2421 refingere:

87 2423 121 2456 τὸ
143 2422 329 2456 ἀδικοῦντα
347 2424 480 2456 διδόναι
498 2424 609 2466 δίκην.
643 2426 726 2457 Utut

86 2474 146 2509 est,
172 2470 258 2501 illud
274 2470 410 2511 quidem
430 2470 484 2501 vir
507 2470 725 2502 doctissimus

85 2516 215 2557 primus
230 2519 326 2546 acute
342 2516 525 2557 perspexit,
551 2516 726 2558 vulgatam

87 2560 251 2592 librorum
270 2560 452 2592 lectionem
472 2572 628 2593 mancam
651 2572 726 2593 esse

86 2616 197 2647 neque
221 2606 509 2648 argumentationi
533 2607 726 2639 Socraticae

89 2655 166 2693 apte
191 2652 462 2683 convenientem.

135 2695 207 2728 τὸν
227 2694 273 2728 τὰ
292 2696 468 2739 μέγιστα
489 2694 727 2729 ἀδικοῦντα

93 2741 224 2783 δίκην
271 2738 482 2781 οὐδεμίαι·
527 2740 724 2786 διδόντα]

793 1789 885 1831 qui,
910 1789 996 1820 etsi
1017 1788 1245 1820 maximam
1270 1788 1431 1821 feeerit

792 1835 1018 1873 iniuriam,
1079 1838 1220 1866 tamen
1276 1834 1431 1867 nullas

794 1880 966 1912 dederit
990 1890 1164 1921 poenas.
1213 1879 1327 1922 Vulgo
1352 1887 1431 1912 ante

794 1926 894 1967 δίκην
909 1925 1043 1957 illatum
1059 1930 1131 1957 erat
1156 1927 1221 1963 καί,
1247 1925 1339 1967 quod
1362 1937 1431 1958 non

791 1971 1023 2003 dubitavimus
1049 1972 1251 2003 auctoritate
1276 1971 1431 2004 codicum

793 2017 915 2049 delere.

838 2063 876 2093 E.
925 2060 1229 2101 διαφερόντως
1263 2065 1344 2093 τῶν
1368 2059 1430 2093 11⁸2.-

794 2110 876 2139 λων
917 2105 1190 2149 ἀνθρώπων]
1235 2117 1333 2149 prae
1372 2118 1432 2139 ce-

793 2153 903 2184 teris
943 2152 1205 2184 hominibus.
1242 2152 1310 2183 vid.
1350 2152 1432 2184 Crit.

793 2209 824 2240 p.
850 2197 902 2230 52.
927 2199 964 2229 B
995 2197 1121 2229 Phaed.
1172 2196 1254 2230 .64.
1280 2198 1319 2229 E.

834 2244 921 2287 Cap.
959 2243 1120 2274 XXXVI.
1146 2208 1218 2274 pP.
1254 2241 1331 2275 480.
1393 2243 1436 2274 εί

794 2287 961 2330 01³1·6⁷'7
1000 2291 1072 2319 ταΐ
1087 2300 1131 2319 τα
1162 2285 1241 2329 ἀλ]
1292 2288 1434 2331 Colligit

795 2335 952 2366 Socrates
985 2344 1026 2364 ex
1058 2334 1119 2373 iis,
1150 2344 1235 2375 quae
1259 2333 1434 2386 disputata

794 2384 891 2418 sunt,
922 2384 1028 2410 artem
1061 2379 1244 2411 oratoriam
1276 2390 1350 2411 esse
1382 2381 1434 2411 in-

794 2424 914 2456 utilem
938 2424 1088 2465 adeoque
1113 2425 1271 2464 noxiam,
1308 2425 1433 2468 quippe

795 2479 881 2511 quae
906 2470 1053 2501 maxime
1077 2469 1233 2502 adhiberi
1257 2470 1367 2502 soleat
1390 2470 1433 2502 ad

795 2515 1007 2547 defendenda
1039 2521 1097 2547 aut
1124 2515 1319 2548 excusanda
1343 2516 1433 2548 mala

795 2561 958 2592 facinora.
999 2561 1118 2602 Itaque
1141 2562 1298 2593 homines
1322 2561 1380 2601 ait,
1404 2562 1433 2592 si

796 2610 972 2648 saperent,
1014 2617 1105 2646 sese,
1150 2611 1188 2638 ut
1226 2606 1358 2638 medico
1397 2607 1433 2638 in

795 2652 921 2683 morbis
958 2652 1125 2693 eorporis,
1165 2652 1213 2683 ita
1250 2651 1357 2683 iudici
1397 2653 1431 2683 in

796 2696 923 2728 morbis
953 2697 1059 2729 animi
1082 2695 1252 2729 curandos
1276 2703 1310 2729 et
1333 2698 1434 2730 casti-

795 2742 925 2785 gandos
949 2752 1022 2775 esse
1046 2742 1238 2774 tradituros.

1456 1221 1538 1260 480
