1687 2969
473 184 716 224 GORGIAS.

109 302 250 345 τοῦτο,
282 289 316 337 ὦ
343 295 494 347 ἄνδρες
521 294 735 341 δικασταί,

111 360 134 402 ὅ
161 376 201 402 τι
230 360 284 402 ἂν
311 361 446 413 τύχω,

747 186 790 223 P.

487 366 614 401 τοῦτο
653 359 860 411 πείσομαι.

823 187 915 222 522.
946 186 1004 223 ed.
1036 184 1092 223 St.
1378 186 1456 220 329

787 295 882 334 οὔτε
910 295 1012 334 ἄλλο
1042 290 1181 334 οὐδέν.
1215 291 1315 340 ὥςτε
1343 292 1456 343 ἴσως,

920 360 1056 399 ΚΑΛ.
1097 360 1234 400 Δοκεῖ
1268 353 1348 398 οὗν
1378 366 1456 403 σοι,

112 421 145 467 ὦ
175 426 411 476 Σώκρατες,
440 428 579 473 καλῶς
609 422 715 478 ἔχειν
743 427 976 475 ἅνθρωπος
1009 423 1055 464 ἐν
1083 424 1200 464 πόλει
1230 422 1342 464 οὕτω
1372 424 1457 464 δια-

110 492 301 545 κείμενος
341 490 412 532 καὶ
459 491 670 539 ἀδύνατος
710 488 771 530 ὢν
809 488 947 545 ἑαυτῷ
986 490 1190 542 βοηθεῖν;

111 555 246 598 ἐκεῖνό
284 571 332 609 γε
373 555 420 597 ἐν
448 557 563 612 αὐτῷ
605 555 808 609 ὑπάρχοι,

109 623 228 670 λα’κις
256 622 558 676 ὡμολόγησας·
591 623 625 664 εἰ
654 619 932 674 βεβοηθηκὼς
961 620 1023 674 εἴη
1053 620 1190 671 αὐτῷ.

110 687 371 740 ἀνθρώπους
401 689 502 742 μήτε
532 687 627 767 περὶ
655 686 786 734 θεους

1253 491 1350 529 ΣΩ.
1403 489 1459 529 Εἰ

852 549 884 595 ὦ
917 555 1184 603 Καλλίκλεις.
1225 555 1247 595 ὃ
1278 556 1330 595 σὺ
1356 558 1454 595 πολ-

1234 620 1336 673 μήτε
1365 620 1458 671 περὶ

814 685 964 726 ἄδικον
991 683 1122 739 μηδὲν
1150 686 1252 738 μήτε
1285 685 1460 738 εἰρηκως

108 753 209 806 μήτε
239 752 522 807 εἰργασμένος
553 753 658 806 αὕτη
685 752 767 805 γάρ
796 766 857 799 τις
886 752 1067 804 βοήθεια
1095 749 1231 806 ἑαυτῷ
1259 752 1458 800 πολλάκις

108 819 210 872 ἡμῖν
239 818 506 872 ὡμολόγηται
533 819 732 872 κρατίστη
762 813 881 858 εἶναι.
912 817 946 857 εἰ
974 816 1050 870 μὲν
1080 812 1159 857 οὖν
1191 813 1260 868 ἐμὲ
1288 832 1350 865 τις
1380 817 1456 866 ἐξε-

108 884 246 937 λέγχοι
273 885 434 937 ταύτην
462 882 540 938 τὴν
569 886 777 938 βοήθειαν
806 883 1022 923 ἀδύνατον
1050 884 1154 923 ὄντα
1194 880 1359 935 ἐμαυτῳ
1388 881 1457 923 καὶ.

108 951 220 1005 ἄλλῳ
249 950 452 1003 βοηθεῖν,
497 949 776 1004 αἰσχυνοίμην

815 948 868 989 ἂν
906 947 977 989 καὶ
1013 946 1058 988 ἐν
1099 950 1271 996 πολλοῖς
1313 947 1382 988 καὶ
1413 946 1458 987 ἐν

108 1014 266 1069 ὀλίγοις
295 1014 609 1069 ἐξελεγχόμενος
647 1014 716 1056 καὶ
754 1014 886 1067 μόνος
915 1014 998 1054 ὑπὸ
1026 1013 1186 1066 μόνου,
1227 1015 1297 1054 καὶ
1326 1013 1361 1053 εἰ
1388 1012 1457 1053 διὰ

108 1194 193 1216 sona
216 1182 329 1215 littera
351 1188 554 1224 usurpatum
579 1193 665 1222 esse,
689 1181 749 1214 ubi
772 1183 807 1213 vi
833 1185 865 1214 et
888 1181 1037 1224 pondere
1062 1192 1122 1213 suo
1138 1181 1246 1224 pollet
1261 1181 1456 1223 plurimum.

107 1230 159 1260 De
193 1239 261 1270 qua
290 1240 324 1260 re
356 1229 479 1260 certius
510 1228 662 1260 iudicare
693 1228 827 1268 liceret,
859 1228 888 1260 si
912 1228 936 1259 I.
964 1227 1120 1259 Bekkero
1152 1227 1341 1269 placuisset
1372 1228 1457 1259 haec

108 1271 358 1327 ὀρθογραφικὰ
381 1285 450 1306 non
474 1275 658 1315 praeterire
683 1274 830 1305 silentio.
878 1273 981 1314 Sicp

108 1316 268 1353 ώςαύτως
301 1319 339 1351 δὲ
369 1318 477 1351 οὕτως
502 1320 557 1350 καὶ
582 1338 636 1350 -.
661 1320 837 1360 Protagor.
869 1329 899 1359 p.
926 1283 1002 1351 31Ρ8.
1035 1319 1072 1349 Β.
1105 1316 1182 1350 320.
1214 1318 1250 1350 C.

1017 1272 1093 1305 460.
1119 1274 1161 1304 D.

1192 1273 1334 1315 plurimi
1359 1273 1456 1304 codd.

1285 1318 1328 1350 al.
1369 1319 1454 1350 conf.

108 1365 281 1396 Schaefer.
307 1364 349 1395 ad
374 1364 551 1396 Demosth.
577 1366 667 1418 App.
689 1365 731 1396 Τ.
755 1365 780 1396 Ι.
805 1375 836 1406 p.
862 1362 938 1396 207.

176 1408 236 1441 Ει
266 1408 416 1441 ἐκεῖνό
452 1421 498 1452 γε
539 1408 586 1441 ἐπ’
619 1406 731 1452 αυτῷ
770 1406 974 1451 ὕπαρχοι]
1025 1408 1225 1449 Optativum
1262 1419 1322 1450 pro
1359 1408 1452 1451 vulg.

108 1451 252 1495 ὑπάρχει
274 1455 490 1496 reposuimus
514 1466 557 1487 ex
583 1454 698 1486 Clark.
714 1456 791 1486 Vat.
809 1454 913 1486 Coisl.
932 1455 1008 1485 Par.
1035 1454 1188 1486 BCIW.
1212 1453 1304 1486 Flor.
1329 1464 1358 1488 a.
1375 1453 1407 1487 b.
1425 1465 1454 1487 c.

106 1499 398 1541 Praepositionem
436 1498 475 1531 ἐν
508 1500 688 1532 delendam
729 1504 845 1532 censet
876 1499 1106 1531 Heindorfius.

1166 1500 1206 1531 In
1236 1499 1327 1533 Flor.
1359 1499 1390 1531 d.
1423 1499 1459 1532 εἰ

105 1545 270 1576 omissum
302 1549 363 1576 est.
411 1545 624 1587 Quapropter
648 1545 766 1576 Astius
799 1545 1016 1577 scribendum
1048 1545 1214 1576 coniecit:
1251 1542 1388 1578 ’Eueno'
1417 1557 1456 1588 γε

106 1601 136 1621 EC
163 1587 256 1643 αυῖῷ
281 1587 336 1622 ’ὑπ

173 1633 275 1677 μήτε
307 1635 409 1677 περὶ
444 1633 594 1678 θεους]
643 1636 748 1667 Deest
774 1636 852 1676 περὶ
879 1635 914 1666 111
939 1634 1042 1667 Vind.
1066 1634 1095 1667 2.
1129 1633 1160 1668 6.
1194 1636 1284 1678 Aug.
1315 1636 1455 1668 Mearm.

105 1681 249 1713 Ven.'''
218 1691 256 1714 ,ιἰ.
281 1691 331 1723 pr.

106 1825 251 1880 Apolog.
283 1825 411 1858 Socrat.
435 1836 468 1868 p.
492 1824 547 1859 30.
570 1827 616 1858 E:
653 1826 750 1858 δοκεῖ

107 1868 124 1902 ὁ
151 1869 237 1905 θεὸς
262 1870 323 1910 ἐμὲ
354 1875 392 1914 τῇ
417 1870 512 1903 πόλει
544 1872 746 1912 προςτεθει-

107 1915 203 1948 κέναι
241 1915 397 1948 τοιουτόν
441 1928 527 1954 τινα,
579 1915 619 1951 ὃς
658 1914 746 1955 ὑμᾶς

106 1959 255 2015 ἐγείρων
269 1962 325 1993 καὶ
343 1963 482 1994 πείθων
499 1963 554 1994 καὶ
581 1960 599 1995 ὁ
613 1975 630 1993 1
623 1962 746 1994 ειδι-

107 2008 190 2047 ζων
214 2006 277 2038 ἕνα
297 2007 444 2039 ἕκαστον
460 2005 569 2040 οὐδὲν
586 2006 746 2046 παύομαι.

152 2073 189 2105 C.
237 2074 304 2105 καὶ
348 2074 518 2115 πράττω
563 2075 603 2107 τὸ
651 2073 746 2115 ὑμέ-

107 2130 237 2159 τερον
263 2119 312 2162 δὴ
338 2119 482 2162 τοῦτο]
516 2121 661 2163 Apolog.
687 2122 746 2153 So-

105 2169 189 2196 crat.
220 2175 251 2206 p.
277 2163 331 2197 31.
356 2166 404 2197 A:
440 2163 474 2197 τὸ
509 2164 547 2197 δὲ
581 2164 747 2206 ὑμέτερον

107 2208 266 2250 πράττειν
289 2207 352 2242 ἀεί.
377 2222 410 2241 v.
436 2210 480 2242 ad
504 2222 536 2252 p.
559 2210 635 2244 455
663 2212 700 2243 C.

154 2276 212 2308 Εἰ
258 2276 405 2310 ἐκεῖπό
448 2290 494 2321 γε
541 2278 587 2310 ἐν
634 2276 745 2330 αὐτῷ

107 2319 314 2364 ὑπαρχοι]
362 2323 560 2365 Optativum
600 2322 745 2365 ὑπάρχοι

105 2367 308 2409 flagitabant
337 2370 494 2410 proxima
518 2369 553 2401 εί
575 2369 653 2411 βεβ.
678 2370 744 2412 εἷ’,η

105 2423 191 2453 quae
229 2412 346 2445 addita
385 2420 465 2446 sunt
502 2415 744 2456 explicationis

103 2458 224 2499 gratia.
249 2459 542 2500 Praepositionem
565 2460 615 2497 ἐν,
641 2470 743 2501 quam

105 2502 199 2534 codd.
225 2514 343 2535 omnes
368 2510 565 2537 constanter
593 2511 743 2546 tuentur,

104 2548 334 2582 Heindorf.
367 2549 473 2581 deleri
496 2552 616 2583 voluit.
640 2552 745 2592 Equi-

104 2592 180 2625 dem
194 2604 323 2635 vereor,
346 2599 383 2626 ut
405 2595 590 2638 quidquam
612 2602 743 2628 mutan-

105 2637 185 2670 dum
224 2640 286 2677 sit,
325 2640 355 2670 si
398 2641 534 2681 quidem
574 2642 614 2674 ἐι
651 2640 743 2685 αὐτῷ

105 2681 252 2738 ὑπάρχοι
279 2665 373 2716 ⁷idem
403 2686 472 2718 fere
505 2691 556 2719 est
586 2687 675 2730 quod
702 2687 742 2718 ἐι

105 2725 199 2772 αὐτῷ
231 2728 338 2772 ἑνειη.
387 2731 603 2774 Quamquam
634 2732 743 2764 fateor

816 1837 886 1858 non
921 1830 1104 1881 suppetere
1135 1827 1220 1858 mihi
1249 1826 1380 1868 locum,
1419 1829 1455 1859 in

817 1882 882 1913 quo
910 1868 1053 1913 ὑπάρχει
1078 1872 1116 1903 ἔι
1141 1885 1203 1904 τιτι
1227 1872 1368 1904 dicatur.

860 1918 903 1950 D.
937 1916 1039 1959 αὕτη
1062 1915 1142 1960 γάρ
1178 1929 1239 1970 τιης
1265 1917 1455 1961 βοήθεια

817 1962 970 2005 ἑαυτῷ]
1012 1964 1051 1994 In
1089 1963 1143 1994 his
1181 1961 1266 2005 αι”τη
1303 1976 1350 1998 τις
1386 1968 1452 1996 est:

816 2007 924 2040 haec
949 2009 1058 2048 fere,
1083 2019 1194 2050 neque
1218 2009 1336 2041 invitis
1356 2009 1455 2042 libris

816 2053 1034 2085 scribendum
1094 2054 1160 2085 fuit
1215 2053 1351 2096 τοιαύτη
1399 2067 1454 2088 τις.

815 2099 935 2140 Neque
968 2109 1052 2140 opus
1085 2105 1137 2130 est
1177 2099 1325 2132 seribere
1370 2098 1455 2143 αὕτη

817 2155 862 2176 τις
889 2141 907 2186 ἡ
933 2142 1091 2186 βοήθεια.
1125 2146 1306 2177 P1aeterea
1331 2156 1453 2177 nomen

814 2188 954 2221 verbale
979 2200 1055 2220 cum
1080 2200 1163 2221 casu
1181 2191 1277 2221 verbi
1302 2191 1356 2222 sui
1376 2202 1455 2223 con-

815 2239 991 2265 structum.
1016 2234 1084 2266 vid.
1117 2235 1159 2267 ad
1183 2235 1319 2267 Phileb.
1344 2247 1375 2277 p.
1399 2235 1453 2269 30.

816 2279 858 2310 ad
882 2280 1073 2322 Euthyphr.
1106 2291 1141 2322 p.
1172 2279 1226 2313 13.
1249 2282 1291 2312 D.
1327 2281 1379 2314 15.
1412 2283 1454 2314 A.

814 2325 963 2356 Matth.
988 2326 1018 2364 ξ.
1044 2323 1120 2358 367.

859 2371 928 2401 καὶ
983 2368 1115 2410 μόνος
1174 2368 1256 2403 ὑπὸ
1303 2369 1451 2414 μόνου]

813 2416 951 2448 Menex.
973 2427 1005 2458 p.
1030 2414 1106 2448 239.
1132 2416 1177 2448 C:
1212 2414 1320 2457 δόξαν
1350 2414 1454 2458 α’ξιάν

814 2458 865 2491 ἐπ’
897 2458 1015 2501 ἀξίοις.
1063 2462 1207 2504 Republ.
1239 2463 1281 2494 X.
1312 2473 1345 2504 p.
1376 2462 1454 2496 600.

812 2506 858 2536 E:
885 2504 988 2539 αὐτός
1013 2518 1046 2538 τε
1071 2505 1133 2539 οὐκ
1157 2507 1293 2539 ἐπαΐων
1316 2527 1360 2531 -
1385 2513 1453 2541 τοῖιἸ

812 2548 857 2593 μὴ
895 2551 1091 2584 ἐπαΐουσιν.
1157 2553 1313 2584 Plurima
1348 2554 1451 2585 huius

811 2599 947 2638 generis
986 2597 1143 2639 exempla
1189 2598 1327 2640 collegit
1355 2599 1451 2630 Val-

812 2642 1029 2675 0116112111
1065 2643 1243 2675 Phoeniss.
1281 2653 1313 2674 v.
1351 2642 1450 2677 1235.

810 2687 1037 2721 Heusdius
1083 2689 1127 2730 Sp
1132 2689 1229 2720 ecim.
1268 2689 1375 2720 critic.
1417 2701 1448 2733 p.

810 2732 875 2766 129
899 2745 969 2775 seq.
