1687 2969
126 684 206 725 474

242 185 317 222 170
783 187 1039 225 PLATONIS

238 300 383 343 τοῦτο,
429 289 461 334 ὦ
496 296 637 342 Πτολε,
675 297 818 347 γελᾷς,
854 297 956 335 ἄλλο
995 291 1048 335 αὖ
1086 299 1214 336 τοῦτο
1255 292 1366 344 εἶδος
1406 295 1576 349 ἐλέγχου

239 357 373 407 ἐστίν,
405 357 571 398 ἐπειδάν
599 359 659 406 τίς
687 374 724 398 τι
754 359 869 413 εἴπῃ,
910 362 1163 412 καταγελᾶν,
1208 359 1385 414 ἐλέγχειν
1427 362 1470 402 δὲ
1499 362 1577 415 μή;

244 425 382 463 ΠΩΛ.
412 419 502 464 Οὐκ
540 424 617 463 οἴει
655 423 964 477 ἐξεληλέγχθαι,
1004 419 1036 465 ὦ
1067 426 1311 477 Σώκρατες.
1357 426 1459 466 ὅταν
1496 442 1576 467 τοι-

238 495 343 528 αῦτα
372 487 514 542 λέγῃς,
544 490 569 528 ἃ
599 489 738 537 οὐδεὶς
767 489 819 529 ἂν
848 491 1020 542 φήσειεν
1049 490 1313 541 ἀνθρώπων,
1359 490 1446 531 ἐπεὶ
1476 490 1575 543 ἐροῦ

236 568 330 594 τινα
356 555 548 594 τουτωνί.
606 556 700 594 EQ..
725 547 784 594 ³9.
816 557 964 601 Πώλε,
1005 550 1084 595 οὐκ
1115 554 1195 607 εἰμὶ
1224 558 1310 596 τῶν
1338 558 1576 603 πολιτικῶν,

237 618 306 659 καὶ
331 617 481 671 πέρυσι
509 620 730 671 βουλεύειν
757 620 915 672 λαχών,
947 618 1086 673 ἐπειδὴ
1114 620 1142 673 ἦ
1170 621 1284 674 φυλὴ
1313 619 1574 673 ἐπρυτάνευε

237 684 305 724 καὶ
326 682 406 725 ἔδει
424 699 473 735 με
491 683 767 737 ἐπιψηφίζειν,
799 684 958 737 γέλωτα
979 688 1179 737 παρεῖχον
1211 687 1280 726 καὶ
1305 683 1385 727 οὐκ
1407 686 1576 739 ἠπιστά-

236 764 321 802 μην
349 748 626 801 ἐπιψηφίζειν.
656 749 711 802 μὴ
742 746 821 790 οὖν
840 748 942 802 μηδὲ
965 757 1046 790 νῦν
1070 764 1117 802 με
1141 748 1281 791 κέλευε
1306 750 1572 804 ἐπιψηφίζειν

237 814 336 861 τοὺς
363 815 599 866 παρόντας.
630 810 713 855 ἀλλ’
743 815 777 854 εἰ
806 814 861 868 μὴ
891 813 992 867 ἔχεις
1022 815 1185 855 τούτων
1215 816 1360 865 βελτίω
1390 813 1571 868 ἔλεγχον,

238 879 339 931 ’ὅπερ
367 886 448 919 νῦν
477 880 526 932 δὴ
558 878 638 932 ἐγὼ
667 878 823 931 ἔλεγον,
855 878 945 931 ἐμοὶ
976 879 1020 919 ἐν
1049 885 1105 931 τῷ
1134 878 1245 933 μέρει
1273 881 1476 932 παράδος,
1505 882 1575 921 καὶ

238 944 431 996 πείρασαι
469 951 545 985 τοῦ
597 944 767 998 ἐλέγχου
805 939 898 985 οἷον
940 942 1019 997 ἐγὼ
1059 941 1175 997 οἶμαι
1213 945 1301 985 δεῖν
1340 942 1457 986 εἶναι.
1498 943 1578 997 ἐγὼ

238 1010 319 1062 γὰρ
349 1001 410 1049 ὧν
432 1009 492 1065 ἓν
522 1009 628 1061 λέγω
658 1008 732 1050 ἕνα
770 1008 847 1062 μὲν
875 1008 1166 1062 παρασχέσθαι
1195 1012 1388 1062 μα’ρτυρα
1419 1009 1578 1050 ἐπίστα-

238 1091 325 1128 μαι,
357 1071 489 1115 αὐτὸν
517 1076 622 1125 πρὸς
651 1076 700 1115 ὃν
728 1077 782 1114 ἄν
811 1090 882 1127 μοι
911 1074 933 1115 ὁ
962 1075 1087 1126 λόγος
1115 1073 1162 1127 ᾖ,
1192 1075 1291 1122 τοὺς
1319 1075 1361 1116 δὲ
1391 1071 1576 1124 πολλοὺς

240 1139 292 1181 ἐῶ
320 1141 490 1193 χαίρειν,
520 1140 589 1180 καὶ
619 1138 692 1180 ἕνα
723 1138 989 1192 ἐπιψηφίζειν
1019 1139 1264 1193 ἐπίσταμαι,
1294 1144 1382 1188 τοῖς
1411 1141 1452 1181 δὲ
1480 1143 1577 1181 πολ-

306 1281 342 1312 Ρ.
378 1278 453 1312 474.
491 1277 569 1311 οἰκ
601 1277 850 1322 ἠπιστάμην
883 1278 1191 1322 ἐπιψηφίζειν]
1224 1280 1421 1312 Athenaeus
1446 1281 1494 1321 V,
1524 1279 1578 1313 58.

238 1325 321 1377 legit
346 1324 566 1369 ἐπιψηφισαι

305 1368 384 1411 ὅρα
409 1371 491 1402 οὐκ
515 1389 557 1393 -
583 1381 620 1401 ει
649 1368 898 1413 ἐθελήσει]
931 1370 972 1402 V.
1007 1368 1111 1412 εθελή
1117 1380 1198 1403 ocus.
1245 1371 1427 1413 Receptam
1459 1370 1576 1402 lectio-

239 1427 316 1447 nem
339 1415 500 1447 debemus
527 1415 640 1447 Cla1k.
659 1416 734 1446 Vat.
760 1415 864 1447 Coisl.
882 1416 965 1447 Ven.
992 1415 1070 1447 ΞΣ.
1098 1415 1199 1447 Vind.
1223 1413 1252 1446 2.
1278 1415 1309 1448 6,
1334 1417 1410 1447 Par.
1435 1415 1580 1447 BCIV.

239 1461 328 1493 Flor.
354 1472 383 1492 a.
408 1461 440 1492 b.
466 1472 491 1492 c.
517 1460 548 1492 d.
573 1472 615 1492 m.
642 1472 668 1492 ο.
696 1472 729 1492 x.
753 1460 847 1492 Bodl.
875 1460 962 1502 Aug.
986 1461 1124 1492 Meerm.
1149 1465 1182 1492 et
1206 1460 1256 1491 ed.
1280 1461 1357 1492 Bas.
1383 1459 1414 1493 2.

306 1507 344 1537 B.
380 1506 541 1537 Πολλοῦ
575 1518 619 1548 γε
653 1505 733 1549 δεῖ]
767 1507 905 1537 Meerm.
936 1506 1033 1539 Bodl.
1059 1506 1147 1548 Aug.
1180 1510 1256 1547 post
1286 1518 1324 1548 γε
1356 1506 1577 1547 interponunt

241 1553 304 1582 καί.
338 1552 382 1583 Et
407 1552 454 1583 sio
477 1551 658 1583 formulam
684 1552 828 1583 afferunt
852 1552 921 1583 fere
944 1550 1190 1593 lexicographi,
1215 1561 1358 1592 quorum
1383 1552 1500 1593 copias
1524 1561 1579 1582 ex-

238 1691 361 1719 pleros:
398 1680 556 1712 Ceterum
583 1680 727 1721 σμικρόν
751 1680 787 1711 in
811 1680 874 1712 hae

238 1725 385 1757 formula
414 1736 473 1768 pro
501 1723 645 1766 σμικρόν
670 1738 696 1757 τι
727 1726 874 1767 positum

239 1771 404 1812 exemplis
436 1771 621 1802 illustravit
644 1771 676 1801 H
688 1782 704 1802 e
715 1772 724 1801 i
735 1782 756 1801 n
767 1771 786 1802 d
797 1782 815 1802 ο
827 1782 842 1802 r
852 1771 872 1801 f.

240 1816 281 1848 ad
312 1816 515 1858 Euthydem
547 1827 577 1858 p
611 1815 688 1848 ⁴298.
720 1817 777 1855 E.,
817 1816 874 1847 ubi

239 1866 309 1893 est:
336 1861 389 1893 καὶ
417 1863 461 1893 ε’τι
486 1860 523 1903 γε’
541 1873 596 1899 μοι
615 1859 768 1901 ομικρόι,
795 1861 872 1902 ἔφη,

239 1904 431 1948 ἀπόκριναι.
456 1925 499 1929 -
522 1904 539 1937 0‘
567 1906 873 1948 κατειργασμέ-

243 1964 313 1985 τος
367 1950 439 1994 τὴν
485 1952 747 1992 ziwoaithba
802 1952 873 1993 qui

239 2008 370 2051 regno
394 1998 563 2038 potitus
589 2002 660 2028 est.
682 2015 723 2019 —
750 1995 874 2028 δυοῑι

239 2039 316 2085 γὰρ
351 2040 443 2074 ciffi.
475 2055 501 2074 n.
530 2054 552 2073 τ.
579 2043 621 2080 λ.,
655 2052 748 2073 nam
779 2041 874 2073 duo-

240 2099 325 2119 lum
390 2088 640 2119 miserorum
702 2086 874 2118 beatim

240 2137 388 2164 neuter
412 2132 874 2173 1¹·ue1it,quon1qm1n1se11s

240 2178 386 2210 felicitas
399 2179 501 2210 tribui
515 2178 652 2209 omnino
670 2188 737 2209 non
754 2181 873 2219 potest.

284 2224 321 2255 Ε
350 2223 401 2255 Τι
424 2227 567 2259 τοῦτο,
594 2223 619 2254 ω’
650 2222 787 2257 ίῙωλε,·
812 2234 873 2265 γε·

241 2270 312 2310 λᾷς
322 2267 342 2310 ,·]
374 2269 473 2300 Licet
502 2272 591 2300 ieete
624 2267 754 2299 dicatur
779 2271 875 2299 τοῦτο

239 2315 357 2355 γελᾶν,
397 2318 435 2345 ut
466 2313 553 2345 bene
584 2313 715 2344 monuit
748 2313 875 2344 Hein-

239 2359 409 2390 dorfius
435 2359 476 2390 ad
501 2359 532 2389 h.
559 2357 599 2397 1.,
629 2362 741 2389 tamen
766 2359 874 2389 oratio

239 2403 317 2445 plus
342 2404 468 2445 vigoris
494 2408 526 2435 et
549 2403 736 2435 alacritatis
760 2403 875 2447 nauci:

239 2449 345 2480 scitur
375 2448 607 2490 interrogandi
637 2456 718 2480 nota
748 2452 824 2490 post
847 2448 873 2479 ώ

242 2494 341 2525 Πιῦλε
376 2494 592 2535 interposita,
636 2505 737 2535 quam
776 2494 874 2525 ratio-

239 2550 317 2571 nem
340 2540 441 2572 etiam
458 2539 685 2570 Bekkerus
709 2539 875 2580 probavit.

239 2586 298 2617 Lu
310 2585 414 2617 eian.
440 2585 573 2615 Timon.
605 2585 633 2623 ἕ.
660 2582 719 2615 19:
746 2586 778 2615 τί
800 2586 874 2615 τοῦ·

242 2641 276 2661 το
287 2641 297 2665 ,·
344 2627 569 2670 ὑποσκάζεις.·
616 2629 675 2660 Bis
716 2629 875 2661 Accusat.

243 2676 272 2714 ἓ.
296 2673 355 2707 24:
382 2676 414 2706 τί
436 2678 552 2712 το’ῦτο;
577 2671 799 2716 ἀπέφευγεν;
823 2675 875 2706 De

241 2720 405 2763 proximis
419 2720 549 2753 SeboL:
576 2722 672 2751 τοῦτο
687 2717 874 2762 παράγγελ-

942 1691 987 1719 μα
1030 1680 1202 1722 Γοργίου,
1249 1678 1283 1711 τὸ
1326 1677 1382 1713 τὰς
1424 1677 1577 1712 σπουδὰς

944 1729 1011 1756 τῶν
1034 1722 1219 1757 ἀντιδίκων
1237 1724 1352 1767 γέλωτι
1370 1723 1514 1762 ἐκλύειν,
1540 1722 1578 1756 τὰ

944 1770 982 1802 δὲ
994 1771 1109 1812 γελοῖα
1124 1775 1194 1803 ταῖς
1206 1769 1373 1803 σπουδαῖς
1387 1768 1579 1810 ἐκκρούειν.

942 1815 1168 1848 Aristotel.
1200 1815 1296 1847 Rhet.
1328 1815 1389 1855 III,
1415 1815 1467 1855 18,
1494 1813 1525 1847 7.
1546 1826 1579 1857 p.

942 1859 1017 1893 398.
1043 1860 1092 1892 ed.
1120 1861 1211 1902 Bip..
1204 1872 1211 1878 ·
1247 1860 1326 1901 περὶ
1359 1860 1398 1892 δὲ
1421 1861 1576 1902 γελοίων,

944 1904 1060 1959 ἐπειδή
1084 1918 1154 1937 τιια
1181 1905 1278 1937 δοκεῖ
1290 1909 1411 1948 χρῆσιν
1427 1905 1514 1946 ε’χειν
1539 1904 1579 1935 ἐν

943 1955 1011 1984 tols
1029 1948 1146 1992 ἀγῶσι,
1172 1952 1226 1982 καὶ
1249 1949 1323 1982 δεῖ]
1343 1951 1409 1992 ἐφη
1427 1951 1577 1992 Γοργιας

944 1995 1004 2039 τὴι
1042 1995 1106 2034 μὲι
1152 1993 1306 2038 σποιδὴν
1351 1995 1578 2049 διαφθείρει]

943 2045 1009 2073 τῶι
1033 2040 1200 2072 ἐν”ναιτιωπ
1223 2040 1350 2083 γέλωτι
1376 2038 1436 2072 toz
1461 2040 1499 2072 δὲ
1523 2040 1576 2083 γε’-

942 2088 1028 2118 λωτα
1055 2085 1199 2128 σπουδῇ.

990 2134 1162 2163 τοιαῦτα
1193 2132 1236 2168 λ..
1270 2128 1289 2161 ἃ
1315 2128 1471 2163 οὐδεὶς
1510 2129 1574 2173 ἂν]

944 2177 1001 2209 sio
1034 2175 1070 2209 ὅς
1106 2180 1181 2218 post
1216 2178 1367 2208 τοιοῦτος
1400 2186 1468 2207 11011
1499 2186 1575 2207 raro

942 2226 1132 2264 usurpatur.
1155 2233 1186 2253 v.
1211 2221 1369 2262 Lysias
1395 2221 1573 2252 Orat.VII.

944 2266 1039 2307 §.40
1055 2268 1131 2298 XII.
1151 2264 1246 2306 §.32
1273 2267 1455 2297 Isocrat.
1482 2266 1574 2298 Orat.

943 2313 1037 2344 VIII.
1063 2314 1093 2352 ἓ.
1118 2311 1169 2344 77.
1195 2311 1286 2342 XVI.
1312 2312 1340 2349 ἓ.
1366 2310 1419 2343 22.
1444 2310 1486 2342 al.

989 2356 1148 2398 πέρυσι
1173 2355 1406 2398 βουλεύειν
1431 2355 1575 2398 λαχών]

943 2403 984 2434 V.
1009 2402 1051 2433 ad
1075 2402 1219 2444 Apolog.
1245 2401 1372 2432 Socrat.
1404 2412 1436 2442 p.
1460 2399 1513 2433 32.
1539 2402 1577 2432 B.

942 2448 1096 2479 Luzae.
1133 2446 1173 2478 de
1203 2447 1345 2487 Epistat.
1375 2450 1408 2478 et
1438 2446 1574 2478 Proedr.

943 2493 1066 2524 Athen.
1110 2502 1139 2533 p.
1183 2490 1256 2523 123.
1306 2491 1384 2523 coll.
1424 2491 1576 2523 Schoe-

943 2549 1076 2569 mann.
1116 2536 1156 2568 de
1189 2536 1344 2568 Comitiis
1375 2537 1575 2568 Atheniens.

943 2584 981 2615 L.
995 2584 1019 2616 Ι,
1035 2593 1062 2614 e.
1078 2580 1107 2613 7.
1127 2592 1159 2623 p.
1171 2580 1212 2613 91
1226 2592 1315 2622 seqq.
1339 2585 1372 2613 et
1383 2593 1414 2623 p.
1429 2580 1471 2614 81
1486 2592 1578 2623 seqq.

942 2628 1110 2669 Loquitur
1132 2631 1243 2658 autem
1268 2627 1424 2658 Socrates
1447 2626 1580 2658 urbana

944 2684 1021 2705 cum
1044 2673 1211 2704 irrisione.
1259 2672 1357 2712 Quod
1388 2672 1478 2704 enim
1508 2672 1575 2713 epi-

945 2722 1046 2751 states
1083 2718 1194 2750 factus
1240 2716 1366 2750 tribum
1404 2728 1501 2750 suam
1524 2717 1579 2748 ·in
