1687 2969
236 144 312 179 124
786 142 1044 180 PLATONIS

318 250 422 308 Cap.
453 250 553 292 XV.
613 251 715 289 Σῼ.
765 249 995 303 Μέμνησαι
1035 245 1115 290 οὖν
1155 247 1289 304 λέγων
1327 250 1453 306 ὀλίγῳ
1482 252 1582 301 πρό-

158 318 200 359 D
231 331 373 369 τερον,
414 313 477 357 ὅτι
517 312 569 356 οὐ
607 317 672 357 δεῖ
706 319 794 365 τοῖς
823 317 1114 369 παιδοτρίβαις
1142 314 1356 369 ἐγκαλεῖν,
1398 314 1491 359 οὐδ’
1523 317 1583 360 ἐκ·

234 382 403 433 βάλλειν
427 379 471 422 ἐκ
492 383 577 421 τῶν
599 382 777 428 πόλεων,
809 381 882 422 ἐὰν
911 382 933 422 6
963 382 1122 434 πύκτης
1150 388 1199 435 τῇ
1228 389 1409 437 πυκτικῇ
1438 384 1585 436 χρῆταί

233 460 274 486 τε
313 446 381 486 καὶ
422 446 569 500 ἅδικης
618 446 813 495 ὠςαύτως
855 447 897 487 δὲ
939 446 1050 487 οὕτω
1092 445 1159 486 καὶ
1201 445 1274 487 ἐὰν
1311 447 1334 488 6
1364 447 1502 501 ῥήτωρ
1531 456 1582 503 τη

235 510 435 565 ῥητορικῇ
458 512 611 560 α’δίκως
640 518 800 565 χρῆται,
830 510 886 575 μὴ
917 527 974 568 τῳ
1004 511 1217 561 διδάξαντι
1246 510 1451 565 ἐγκαλεῖν,
1481 512 1583 566 μηδε

234 574 470 626 ἐξελαύνειν
510 574 554 616 ἐκ
592 582 664 629 τῆς
703 578 884 625 πόλεως,
927 576 1031 617 ἄλλα
1068 582 1125 616 τῶ
1155 577 1373 618 ἀδικοῦντι
1402 577 1472 619 καὶ
1502 575 1583 619 οὐκ

234 641 376 693 ὀρθῶς
424 641 625 696 χρωμένῳ
666 649 715 695 τῆ
758 642 979 695 ῥητορικῆς
1032 640 1193 695 εῤῥήθη
1233 645 1391 693 ταῦτα,
1444 639 1472 696 ἢ
1511 646 1584 692 οὕς

235 707 358 746 ΓΟΡ.
403 702 612 759 Ἐῤῥήθη.
673 708 771 747 2352.
828 709 928 747 Νῦν
966 706 1009 747 δέ
1046 721 1092 759 γε
1123 706 1145 747 6
1176 703 1305 756 αὐτὸς
1334 709 1458 756 οὑτος
1487 709 1582 761 φαί-

166 767 204 808 Ε
236 785 362 819 νεται,
394 771 417 811 6
446 770 679 823 ῥητορικός,
719 770 798 812 οὐκ
828 774 882 811 αν
910 786 1009 812 ποτε
1038 771 1250 825 αδικήσας.
1282 772 1309 825 ἢ
1338 775 1409 821 οὔ,-
1455 774 1579 814 ΓΟΡ

238 835 452 876 Φαίνεται.
516 837 617 876 ΣΩ..
670 836 755 877 Καὶ
796 834 841 876 ἐν
881 840 968 884 τοῖς
1006 836 1188 888 πρώτοις
1225 851 1292 890 γε,
1333 837 1366 877 ὠ
1408 839 1582 892 Γοργία,

233 901 375 953 λόγοις
404 898 578 953 ἐλέγετο,
627 897 689 941 ὅτι
719 901 746 954 ἡ
775 899 974 955 ρητορικι]
1003 915 1095 954 περι
1126 903 1280 963 λόγους
1309 902 1370 955 εἴη
1401 903 1454 944 ου’
1482 899 1583 952 τοὺς

301 1035 342 1065 D.
393 1046 445 1065 πὶ
458 1038 579 1077 κτικῇ
603 1034 679 1078 zo]
708 1036 786 1067 Par.
803 1035 826 1066 Ι.
853 1035 943 1067 Flor.
962 1046 996 1067 x.
1021 1039 1162 1078 πικιικῇ
1179 1038 1351 1079 χρῆταίγε
1376 1037 1430 1068 καὶ
1456 1034 1584 1071 ἀδίκως

233 1091 350 1121 ρηται
367 1091 421 1111 και
440 1078 552 1112 abta
577 1081 661 1111 Post
678 1092 794 1123 χρηται
811 1081 886 1112 Vat
914 1082 998 1115 xaen
1028 1081 1105 1113 ΞΣ.
1137 1082 1240 1113 vind.
1265 1080 1295 1113 2.
1327 1082 1415 1124 Aug.
1441 1083 1581 1114 Meeifflm

234 1124 330 1156 Bodl.
354 1125 444 1156 Flor.
463 1125 493 1157 d.
516 1125 674 1157 voculam
692 1138 723 1157 τε
749 1126 920 1166 omittunt,
943 1128 1109 1168 probante
1133 1126 1332 1159 Heindorfio
1357 1131 1389 1158 et
1413 1128 1584 1167 Bekkero,

234 1170 293 1201 sed
317 1181 349 1201 v.
374 1181 452 1201 ann.
500 1171 680 1202 Praeterea
709 1169 753 1214 μὴ
778 1172 886 1205 καλῶς
917 1171 1021 1214 vulgo
1052 1176 1129 1213 post
1162 1176 1301 1214 πυκτικῇ
1335 1172 1486 1204 additum
1517 1183 1583 1204 om.

236 1215 351 1247 Clark.
376 1215 478 1247 vind.
505 1215 534 1248 1.
559 1215 589 1249 6.
621 1217 696 1248 Par.
723 1217 888 1248 BEFW.
913 1221 946 1248 et
969 1228 1017 1258 pr.
1042 1228 1087 1248 m.
1112 1217 1216 1249 Coisl.
1242 1218 1332 1249 Flor.
1357 1218 1377 1250 f.
1406 1228 1449 1257 s.‚
1481 1222 1583 1257 recte,

235 1266 272 1292 ut
290 1260 443 1301 videt-ur,
470 1261 571 1302 idque
588 1262 746 1303 probavit
765 1262 866 1293 etiam
886 1262 1165 1294 Winokelrnann.
1192 1262 1234 1295 ad
1250 1262 1454 1304 Euthydem.
1480 1274 1510 1305 p.
1530 1262 1583 1295 42.

235 1311 268 1336 et
291 1306 409 1340 Herm.

281 1435 362 1477 Cap.
380 1435 454 1467 XV.
488 1437 528 1469 D.
565 1441 657 1470 zois
683 1436 873 1477 παιδοτρ.

237 1479 339 1522 eyn.5
372 1478 457 1512 οὐδ’
492 1480 742 1524 ἐκβάλλειν]
777 1482 876 1521 Quod

235 1527 339 1557 verba
363 1526 518 1557 diversae
543 1527 806 1559 constructionis
828 1527 875 1559 ita

235 1571 493 1613 coniunguntur
509 1582 585 1603 oum
606 1573 812 1611 nomInibus,
837 1583 876 1603 ea

235 1621 397 1657 perpetua
428 1621 479 1648 est
504 1622 605 1658 atque
630 1622 789 1649 constans
814 1617 877 1648 lin-

234 1672 322 1703 guae
338 1662 560 1702 consuetudo,
585 1663 625 1694 de
643 1673 710 1703 qua
730 1663 878 1694 breviter

235 1707 367 1738 monuit
391 1708 427 1738 M
441 1707 542 1738 atth.
569 1709 596 1747 ξ.
614 1706 690 1740 428.
706 1708 737 1739 2.
776 1707 877 1739 Vide-

235 1752 318 1783 licet
352 1752 394 1783 ad
428 1753 572 1784 alterum
606 1754 744 1784 verbum
779 1763 877 1784 casus

236 1797 384 1829 nominis
404 1803 523 1840 sponte
548 1798 761 1839 intelligitur.
793 1799 875 1829 Mox

237 1842 368 1884 aliquot
407 1843 502 1874 codd.
543 1841 586 1883 μὴ
620 1844 727 1875 καλῶς
760 1846 877 1885 χρῆται

238 1887 291 1918 καὶ
316 1885 429 1929 ἀδικῇ,
455 1888 544 1929 quod
570 1889 727 1929 probavit
752 1889 877 1919 Hein-

237 1933 428 1972 dorfius,
455 1933 512 1974 qui
539 1933 571 1964 τὲ
595 1938 771 1975 propterea
798 1933 876 1964 ferri

236 1988 335 2020 posse
352 1982 465 2020 negat,
491 1978 580 2019 quod
597 1980 655 2009 καί
669 1979 793 2010 habeat
808 1979 874 2008 vim

238 2023 443 2065 explicandi.
489 2023 554 2054 Sed
585 2034 627 2054 ne
660 2023 706 2054 ibi
732 2023 879 2063 quidem,

237 2069 296 2099 ubi
329 2068 434 2100 altero
468 2068 618 2099 membro
652 2079 718 2099 non
745 2068 879 2100 diversa

237 2117 562 2152 commemorantur,
603 2125 637 2144 τε
669 2116 729 2145 καί
756 2112 797 2144 ab
832 2114 879 2145 lo-

237 2158 364 2200 quendi
410 2158 656 2190 consuetudine
698 2158 878 2190 abhorrere

237 2204 413 2235 verissime
469 2205 600 2235 monuit
649 2204 878 2235 Thiersoh.

239 2249 296 2280 Gr.
322 2260 354 2290 p.
378 2247 454 2281 570.
488 2248 535 2280 ed.
571 2252 643 2282 tert.
678 2259 878 2290 comparans

238 2294 296 2325 ille
322 2294 527 2325 Homerica:
562 2294 658 2325 Iliad.
693 2292 732 2324 α’.
762 2305 793 2324 V.
818 2293 877 2326 ⁴23:

238 2338 425 2370 αἰδεῖσθαί
455 2337 491 2369 θ’
536 2338 636 2380 ἱερῆα
678 2340 731 2370 καὶ
772 2335 880 2381 ἀγλαὰ

241 2383 359 2424 δέχθαι
381 2382 517 2414 ἄποινα.
564 2383 648 2415 Ibid.
676 2382 712 2415 κ’.
738 2393 769 2414 V.
795 2383 876 2415 121:

240 2427 377 2460 πολλάκι
411 2428 476 2470 γὰρ
515 2430 628 2466 μεθίει
664 2440 696 2459 τε
728 2429 782 2459 καὶ
817 2426 879 2460 οὐκ

240 2473 352 2505 ἐθέλει
377 2472 577 2504 πονέεσθαι.
614 2474 790 2505 Pertinent
813 2474 880 2505 huo

240 2520 340 2550 etiam
365 2518 426 2549 illa
452 2518 687 2559 Sophoclis
704 2519 786 2550 Oed.
806 2519 878 2550 Col.

240 2575 270 2594 v.
287 2562 371 2595 935:
397 2563 457 2604 βιά
480 2574 510 2594 τε
531 2561 611 2604 κούχ
630 2561 729 2595 ἑκών.
754 2563 880 2595 Electr.

241 2619 271 2642 v.
297 2607 381 2640 873:
415 2607 452 2648 ἐξ
483 2607 567 2646 ἐμοῦ
600 2620 631 2639 τε
658 2606 741 2640 κούκ
765 2606 879 2645 ἄλλον,

240 2653 301 2685 ubi
317 2664 348 2685 v.
366 2653 593 2685 Hermann.
617 2654 776 2695 Denique
789 2654 881 2686 haud

944 1437 1057 1478 inepte
1089 1448 1164 1468 cum
1194 1437 1258 1468 hoc
1288 1437 1365 1469 loco
1400 1437 1585 1469 contulisse

945 1482 1064 1513 videar
1087 1482 1260 1514 Phaedon.
1293 1493 1324 1524 p.
1350 1480 1402 1514 68.
1427 1484 1470 1514 B:
1503 1479 1585 1536 α’γα-

948 1525 1104 1580 ιῖακτήοει
1122 1539 1153 1558 τε
1177 1525 1418 1569 οἷποθιήοκωι·
1442 1528 1496 1559 καὶ
1522 1539 1586 1559 ουκ

945 1570 1095 1611 ἅσμενος
1127 1568 1216 1604 εἶοιι
1241 1570 1377 1605 αὐτόσε.
1425 1574 1477 1604 De
1501 1574 1584 1614 Rep.

945 1618 987 1648 Χ.
1014 1616 1089 1650 602.
1115 1618 1159 1649 Β;
1199 1622 1265 1651 τοῖς
1299 1619 1432 1651 πολλοῖς
1467 1629 1498 1648 τε
1530 1617 1584 1649 καὶ

946 1662 1054 1703 μηδὲν
1075 1661 1221 1694 εἰδόσιν.
1247 1663 1390 1695 Phaedr.
1404 1673 1435 1704 p.
1449 1661 1523 1694 242.
1540 1664 1585 1694 B:

946 1705 982 1739 τὸ
1014 1706 1194 1746 δαιμόνιόν
1231 1720 1263 1739 τε
1298 1708 1352 1739 καὶ
1387 1706 1419 1739 τὸ
1453 1706 1585 1741 εἰωθὸς

949 1757 1102 1794 σημεῖον.
1143 1752 1253 1784 Alcib.
1296 1754 1322 1784 Ῑ.
1359 1763 1391 1794 p.
1431 1752 1505 1785 110.
1545 1754 1584 1784 Α.

945 1799 1141 1829 Assentitur
1172 1799 1342 1838 Astius,
1375 1798 1428 1829 his
1459 1798 1586 1829 nostris

947 1844 1067 1884 opibus
1110 1854 1202 1874 usus.
1248 1862 1289 1866 -
1338 1844 1388 1874 De
1431 1844 1586 1884 proximo

946 1886 1105 1921 ω’,ςαύτως-
1140 1886 1167 1920 δ’
1206 1886 1313 1921 οὕτως
1349 1888 1484 1930 egregie
1518 1888 1587 1920 Co-

947 1943 1064 1965 r:aes
1091 1930 1586 1974 oiinleordbez,inquit,3c'1'-

948 1989 1049 2018 τεροι
1068 1981 1132 2009 τῶι
1157 1976 1219 2009 διο
1245 1976 1466 2020 ταῦτοοήιιωι
1491 1975 1585 2017 ἐπιό-

950 2020 1119 2064 ῥνιιιὶτωι.
1154 2021 1199 2067 ὥς
1186 2034 1267 2063 περ
1299 2022 1363 2064 )ὰρ
1397 2022 1524 2064 λέγεται
1554 2021 1586 2055 O

948 2066 1077 2102 αὐτὸς
1139 2080 1267 2101 οἶτος
1322 2069 1376 2099 καὶ
1446 2065 1585 2099 Tae-26

949 2116 1089 2150 τοῦτο,
1125 2111 1214 2145 οὕτω
1250 2113 1304 2144 καὶ
1341 2111 1374 2144 τὰ
1409 2111 1445 2153 ἐξ
1471 2111 1587 2144 αυτῶι

948 2155 1159 2200 ἑπιῤῥήιιατα
1174 2157 1294 2189 διπλοῦ
1289 2170 1347 2189 ται
1370 2157 1421 2190 εἰς
1447 2159 1587 2189 πλειοια

948 2203 1107 2241 ἑίιααοιι.
1155 2199 1223 2243 εἶχε
1258 2201 1323 2245 γὰο
1360 2202 1475 2234 ειπεῖι
1509 2200 1586 2234 ἀιτὶ

947 2247 1095 2285 τούτου,
1122 2245 1244 2279 ταύτὸ
1271 2247 1309 2279 δὲ
1336 2251 1458 2279 τοῦτο
1487 2247 1586 2290 (ovu-

948 2293 1073 2333 β(ιιί·ει)
1100 2294 1154 2324 καὶ
1181 2290 1244 2324 ἐὰν
1268 2290 1286 2323 o‘
1314 2290 1427 2334 ῥήτωρ
1455 2305 1482 2324 κ.
1509 2305 1533 2324 τ.
1560 2294 1586 2323 λ.

992 2383 1030 2414 Ε.
1058 2380 1133 2414 οἰκ
1159 2381 1210 2413 ἄ]
1236 2393 1334 2413 ποτε
1359 2379 1585 2436 αδικήσας]

947 2429 990 2459 H.
1008 2438 1035 2459 e.
1056 2430 1206 2460 τοιοῦςτο
1242 2425 1329 2459 [isus
1354 2424 1417 2458 οὐκ
1442 2424 1484 2458 ὅ]
1510 2438 1590 2458 ποτε

946 2470 1153 2514 αδικήσειει.
1179 2483 1210 2503 v.
1236 2472 1384 2503 Matth.
1412 2470 1588 2511 ξ.598.1).

994 2559 1070 2603 ὅγ’
1106 2558 1173 2592 ἀεὶ
1209 2561 1309 2602 περὶ
1337 2561 1413 2593 δικ.
1442 2574 1466 2592 τ.
1491 2562 1517 2592 λ.
1545 2560 1591 2603 π.]

950 2606 1049 2647 Quod.
1075 2606 1324 2647 Stephanus
1357 2607 1454 2638 affert
1485 2607 1521 2637 εἴ
1540 2617 1590 2648 γε,

950 2655 1062 2684 exstat
1078 2651 1164 2683 illud
1188 2652 1223 2683 in
1240 2651 1330 2687 Flor.
1345 2663 1378 2684 x.
1411 2650 1477 2684 Sed
1501 2655 1592 2683 recte
