1687 2969
59 551 140 592 504

172 184 250 216 268
716 179 975 218 PLATONIS

172 287 398 340 ἐργάζεται.
440 283 533 327 οἷον
576 287 612 341 εἰ
652 287 796 339 βούλει
837 287 941 327 ἰδεῖν
979 287 1078 335 τοὺς
1107 287 1518 340 ζωγράφους,’τοὺς

172 353 445 404 οἰκοδόμους,
488 352 588 400 τοὺς
628 353 898 405 ναυπηγούς,
940 352 1039 399 τοὺς
1076 353 1231 399 ἄλλους
1260 353 1420 400 πάντας
1448 352 1517 404 δη-

172 417 418 469 μιουργούς,
449 416 596 458 ὅντινα
625 417 765 470 βούλει
799 417 953 465 αὐτῶν,
985 416 1042 464 ὡς
1070 417 1127 464 εἰς
1155 417 1272 466 τάξιν
1300 416 1394 456 τινὰ
1423 415 1514 457 ἕκα-

171 492 268 530 στος
297 481 475 522 ἕκαστον
503 482 674 534 τίθησιν
703 479 725 522 ὃ
756 481 808 521 ἓὶν
837 484 958 534 τιθῇ,
997 480 1068 522 καὶ
1106 482 1439 533 προςαναγκάζει
1468 483 1516 521 τὸ

170 546 314 597 ἕτερον
342 552 400 599 τῷ
429 545 554 602 ἑτέρῳ
584 545 747 599 πρέπον
775 560 817 586 τε
847 542 956 586 εἶναι
984 546 1053 586 καὶ
1081 545 1327 599 ἁρμόττειν,
1358 545 1434 594 ἕως
1463 545 1517 586 ἂν

171 613 217 652 τὸ
261 612 375 652 ἅπαν
413 613 670 665 συστήσηται
707 610 963 664 τεταγμένον
1007 625 1049 651 τε
1090 611 1160 651 καὶ
1198 609 1516 664 κεκοσμημένον

171 684 370 730 πρᾶγμα,
401 677 471 718 καὶ
501 677 546 718 οἵ
569 691 610 717 τε
641 674 691 729 δὴ
721 678 840 716 ἄλλοι
869 675 1121 728 δημιουργοὶ
1149 672 1325 727 καὶζοῦς
1352 683 1434 716 νῦν
1464 675 1515 729 δὴ

173 740 390 794 ἐλέγομεν,
431 741 595 794 οἱπερὶ
634 741 680 782 τὸ
721 744 840 793 σῶμα
877 741 1149 793 παιδοτρίβαι
1185 756 1227 782 τε
1267 740 1336 782 καὶ
1367 741 1516 792 ἰατροί,

172 808 378 859 κοσμουσί
416 821 501 847 που
529 808 576 847 τὸ
615 809 734 859 σῶμα
763 805 832 847 καὶ
860 807 1178 847 συντάττουσιν.
1222 806 1516 859 ὁμολογοῦμεν

173 871 283 912 οὕτω
311 874 424 913 τοῦτ’
453 870 572 924 ἔχειν,
600 871 622 924 ἢ
652 874 725 919 οὕς
768 873 904 911 ΚΑΛ.
922 869 1069 912 ”Εστω
1098 875 1225 912 τοῦτο
1255 870 1377 911 οὕτω.
1418 872 1513 911 Σῼ.

181 937 342 986 Τάξεως
371 939 453 988 ἄρα
483 937 552 977 καὶ
592 937 757 989 κόσμου
795 943 982 990 τυχοῦσα
1021 937 1133 978 οἰκία
1161 936 1317 990 χρηστὴ
1359 935 1411 976 ἂν
1441 935 1516 988 εἴη,

173 1002 340 1051 άταξίας
378 1002 421 1042 δὲ
459 1003 679 1055 μοχθηρά;
729 1003 863 1041 ΚΑΛ.
910 1002 1037 1054 Φημί.
1096 1003 1191 1042 ΣΩ.
1238 1002 1412 1042 Οὐκοῦν
1449 1001 1519 1041 καὶ

173 1069 325 1107 πλοῖον
362 1066 578 1115 ὠςαύτως;
633 1068 768 1107 ΚΑΛ.
808 1066 910 1106 Ναί.
967 1068 1064 1106 Σῼ.
1108 1066 1194 1107 Καὶ
1233 1066 1319 1120 μὴν
1357 1066 1427 1106 καὶ
1465 1065 1516 1106 τὰ

173 1132 345 1184 σώματά
375 1146 514 1185 φαμεν
552 1131 601 1172 τὰ
630 1130 830 1185 ήμέτερας
878 1133 1014 1172 ΚΑΛ.
1058 1133 1184 1172 Πάνυ
1212 1146 1271 1185 γε.
1328 1131 1431 1173 ΣΩι.
1469 1131 1518 1171 Τί

240 1344 278 1375 Ρ.
303 1342 378 1376 504.
405 1356 422 1375 κ
434 1355 453 1375 α
467 1344 476 1373 ὶ
505 1353 522 1374 σ
535 1355 552 1374 υ
568 1342 639 1375 md
651 1355 717 1375 ττο
730 1355 747 1374 ι·
761 1342 841 1386 σιν]
867 1343 907 1374 V.
935 1342 1202 1381 σνντάσσουσιν,
1229 1343 1319 1386 quod
1344 1355 1386 1376 ex
1401 1343 1517 1376 Clark.

174 1389 250 1420 Vat.
275 1389 360 1420 Ven.
389 1389 417 1419 Ξ
428 1389 467 1420 Σ.
493 1388 570 1420 aliis
594 1389 750 1430 plurimis
774 1393 972 1420 correctum.

242 1479 281 1510 B.
307 1477 349 1509 ἐκ
376 1481 458 1510 τῶν
483 1477 709 1521 πρόσθεν]
745 1478 784 1509 V.
811 1479 1014 1518 ἔμπροσθεν
1038 1482 1157 1510 contra
1186 1478 1409 1520 plurimorum
1435 1479 1520 1521 opti-

175 1534 373 1564 morumque
403 1524 567 1555 librorum
600 1524 844 1557 auctoritatem.
879 1523 994 1555 Clark.
1026 1528 1059 1554 et
1082 1524 1158 1555 Vat.
1193 1522 1348 1564 πρόσθε,
1381 1523 1421 1555 de
1453 1534 1519 1565 qua

176 1570 283 1600 forma
308 1569 435 1600 multus
460 1572 510 1600 est
535 1569 732 1600 Schneider.
759 1568 801 1600 ad
816 1570 933 1610 Remp.
958 1569 984 1600 Ι.
1008 1580 1040 1610 p.
1058 1567 1122 1601 124
1139 1580 1208 1610 seq.
1232 1569 1308 1601 libr.
1327 1570 1371 1600 ΙΙ.
1395 1579 1428 1610 p.
1443 1567 1518 1601 363.

178 1615 219 1645 Ι).
266 1614 347 1652 Nos,
373 1624 476 1654 quum
502 1624 578 1645 rara
611 1615 679 1645 sint
703 1613 793 1654 apud
818 1614 995 1645 Platonem
1027 1620 1118 1645 certa
1144 1614 1246 1645 huius
1271 1614 1520 1645 terminationis

177 1659 388 1698 testimonia,
423 1668 496 1689 cum
521 1658 697 1690 Lobeckio
725 1660 867 1690 facimus
901 1658 942 1690 ad
968 1659 1152 1700 Phrynich.
1179 1670 1209 1701 p.
1235 1658 1330 1699 284„
1363 1660 1421 1700 qui
1445 1669 1520 1690 eam

177 1704 267 1745 apud
292 1714 411 1745 prosae
437 1705 600 1736 orationis
626 1705 805 1746 scriptores
831 1704 980 1735 citeriori
1005 1705 1183 1746 graecitati
1207 1709 1384 1745 acceptam
1404 1704 1521 1736 referri

176 1749 358 1780 existimat.
404 1748 568 1780 videmur
600 1750 691 1780 enini
723 1748 923 1781 observasse
958 1750 1156 1791 posterioris
1188 1750 1308 1781 aetatis
1340 1750 1520 1791 scriptores

176 1794 281 1825 multa
306 1805 349 1826 ex
374 1794 471 1835 epiea
496 1794 640 1826 dialecto
666 1794 862 1833 adscivisse,
887 1805 973 1836 quae
998 1796 1200 1836 optimorum
1226 1798 1414 1837 temporum
1446 1795 1522 1826 atti-

177 1840 300 1871 cismus
324 1840 507 1881 ignoraret.
556 1839 655 1880 Quod
680 1840 785 1882 igitur
816 1839 872 1871 hie
905 1844 962 1871 aut
994 1840 1054 1871 ille
1087 1840 1174 1871 liber
1204 1839 1372 1872 eiusmodi
1394 1840 1521 1872 formas

179 2031 358 2065 ἕκαστος
377 2029 454 2063 οὐκ
476 2028 814 2072 είκῇἐκλεγόμε-

182 2075 528 2118 νοςπροςᾳὲρει]
550 2075 814 2116 quemadmo-

178 2121 271 2152 dum
296 2123 422 2153 etiam
449 2123 589 2153 ceteri
622 2121 814 2162 opifices

179 2177 331 2205 omnes,
357 2177 476 2198 suum
501 2166 685 2207 quisque
711 2175 815 2206 opus

180 2216 403 2253 spectans,
435 2222 517 2242 non
552 2215 712 2243 temere
745 2209 816 2241 eli-

178 2262 331 2298 gentes
364 2256 576 2288 adhibent
607 2256 667 2295 id,
706 2255 815 2296 quod

180 2301 227 2332 ad
254 2312 358 2342 opus
382 2302 576 2342 ipsorum
593 2300 815 2339 adhibent,

179 2345 252 2377 sed
298 2357 344 2378 eo
386 2347 597 2384 consilio,
645 2351 689 2377 ut
734 2345 815 2376 sor-

179 2401 282 2421 mam
308 2390 501 2431 aliquam
526 2392 816 2422 nanciscatur

180 2435 312 2473 illud,
361 2435 473 2476 quod
520 2435 813 2468 fabricantur.

178 2480 350 2512 Notabilis
403 2480 583 2511 verborum
638 2485 815 2511 structura.

180 2526 333 2565 Namque
357 2524 500 2555 verbum
527 2525 717 2564 :moses-{pec
737 2535 817 2565 pen-

179 2570 234 2601 det
268 2580 310 2600 ex
343 2569 499 2603 ἕκαστος,
540 2570 629 2609 quod
665 2569 816 2601 additum

180 2620 231 2646 cst
262 2626 320 2655 per
352 2615 610 2656 appositionem.
668 2615 721 2645 De
754 2615 816 2646 Re-

179 2658 274 2702 publ.
298 2661 323 2691 1.
348 2670 380 2701 p.
405 2658 482 2692 346.
506 2660 557 2690 D:
587 2660 640 2690 καὶ
667 2659 703 2690 αι’
725 2657 817 2690 ἄλλαι

183 2708 286 2736 πᾶσαι
328 2704 464 2745 (τέχναι)
509 2702 598 2735 οὕτω
639 2701 674 2735 τὸ
714 2701 816 2745 αὐτῆς

885 2028 1009 2071 ἑκάστη
1035 2029 1139 2070 ἔργον
1162 2028 1338 2072 ἐργάζεται
1354 2032 1409 2061 καὶ
1429 2028 1521 2070 ὠφε-

885 2077 935 2107 λεῖ
963 2087 990 2106 κ.
1027 2087 1049 2105 τ.
1082 2075 1336 2119 λ.-Χθῐιορ11.
1371 2077 1521 2109 Anabas.

885 2121 929 2158 II,
946 2120 976 2159 1,
994 2119 1054 2151 15:
1081 2121 1174 2151 οὗτοι
1189 2120 1254 2158 μὲν
1267 2118 1418 2153 -ἅλλος
1442 2119 1522 2153 ἄλλα

886 2164 980 2207 λέγει.
1006 2164 1092 2196 Ibid.
1108 2166 1134 2204 1,
1150 2164 1181 2205 8,
1198 2163 1235 2196 9:
1263 2163 1387 2198 πάντες
1406 2165 1444 2198 δὲ
1461 2164 1520 2198 οὖ-

886 2222 934 2241 τοι
959 2207 1039 2241 κατὰ
1071 2210 1160 2252 ἔθνη
1194 2209 1233 2241 ἐν
1265 2211 1406 2253 πλαισίῳ
1441 2210 1521 2254 πλή-

888 2266 938 2294 ρει
977 2252 1185 2294 ἀνθρώπων
1227 2255 1371 2286 ἕκαστον
1413 2257 1520 2291 ἔθνος

886 2298 1081 2339 ἐπορεύετο.
1107 2300 1194 2331 conf.
1218 2300 1368 2331 Matth.
1394 2302 1422 2340 ἓ.
1443 2300 1519 2334 302.

885 2352 1000 2377 annot.
1025 2345 1144 2386 Neque
1162 2344 1261 2376 aliter
1279 2345 1404 2379 Latini.
1427 2346 1522 2379 Cae-

885 2401 962 2421 sar.
998 2390 1083 2421 Bell.
1114 2389 1202 2421 Gall.
1228 2390 1261 2428 Ι,
1294 2389 1352 2422 53:
1402 2392 1521 2425 Duae

885 2435 1013 2466 filiae
1045 2435 1210 2473 harum,
1243 2435 1390 2467 altera
1414 2439 1521 2468 occi-

886 2490 951 2518 sa,
976 2479 1119 2510 altera
1143 2484 1269 2520 capta
1300 2485 1375 2511 est.
1408 2482 1461 2512 De
1486 2493 1521 2514 re

885 2525 959 2566 ipsa
984 2524 1072 2556 conf.
1098 2524 1239 2555 Phaedr.
1264 2535 1296 2566 p.
1321 2524 1395 2558 264.
1422 2527 1464 2560 D.

931 2609 1031 2644 οἷον
1062 2612 1103 2643 εἰ
1133 2612 1287 2654 βούλει
1319 2613 1440 2646 ι’δεῖι·
1463 2609 1560 2658 —]⁴

886 2658 1028 2690 veluti
1061 2658 1096 2689 si
1135 2659 1199 2690 vis
1236 2659 1520 2692 considerare

885 2702 1521 2745 pictores,fabros,naviumfa-
