1687 2969
372 142 783 186 PHAEDRUS.
818 145 867 186 P.
901 146 978 186 271
1013 143 1077 187 St.
1318 151 1395 192 193

148 260 252 304 ΣΩ.
327 260 463 306 Οὔτοι
499 264 580 317 μὲν
615 254 717 311 οὖν,
752 254 783 304 ὦ
822 264 945 320 φίλε,
992 259 1135 313 ἄλλως
1183 263 1397 308 ἐνδεικνύ-

41 345 178 383 μενον
213 325 240 381 ἢ
279 329 515 385 λεγόμενον
550 332 673 389 τέχνῃ
711 331 818 373 ποτὲ
854 327 1122 385 λεχθήσεται
1165 328 1192 383 ἢ
1226 331 1400 392 γραφή-

43 411 185 446 σεται,
234 392 334 440 οὔτε
382 414 422 439 τι
459 393 567 439 ἄλλο
606 395 705 439 οὔτε
745 398 894 439 τοῦτο.
930 394 1032 438 ἀλλ’
1084 400 1127 440 οἱ
1162 399 1244 442 νῦν
1289 398 1399 456 γρά-

40 479 213 521 φοντες,
249 457 310 506 ὧν
347 461 399 507 σὺ
437 461 643 516 ἀκήκοας,
678 466 829 519 τέχνας
859 461 1002 518 λόγων
1040 466 1288 520 πανοῦργοί
1317 471 1395 511 εἶσι

40 533 112 572 καὶ
149 529 514 586 ἀποκρύπτονται
551 528 711 581 εἰδότες
739 531 886 591 ψυχῆς
912 536 1007 586 πὲρι
1031 530 1274 585 παγκάλως.
1293 536 1397 592 πρὶν
1435 545 1471 588 C

40 594 97 638 ἂν
139 590 218 640 οὖν
263 595 341 641 τὸν
386 596 551 655 τρόπον
590 600 751 641 τοῦτον
798 600 954 651 λέγωσί
990 614 1034 641 τε
1069 601 1142 641 καὶ
1176 598 1393 660 γράφωσι,

37 662 97 719 μὴ
135 662 382 720 πειθώμεθ’
424 663 577 716 αὐτοῖς
610 670 734 726 τέχνῃ
771 665 972 726 γράφειν.

140 743 268 786 ΦΛΙ.

138 819 240 864 ΣΩ.
311 819 441 865 silias&
478 825 558 878 μὲν
596 820 650 865 τά
687 819 866 880 ῥήματα
905 826 1038 865 εἰπεῖν
1078 820 1157 866 οὐκ
1201 820 1385 873 εὐπετές.

39 884 95 936 ὡς
138 889 181 930 δὲ
227 890 290 932 δεῖ
331 889 540 948 γράφειν,
590 894 625 932 εὶ
667 891 807 944 μέλλει
850 892 1050 945 τεχνικῶς
1094 893 1225 945 ἔχειν,
1269 891 1381 934 καθ’

38 951 146 997 ὅσον
179 958 403 1012 ἐνδέχεται,
439 959 575 1012 λέγειν
609 959 764 1000 ἐθέλω.

140 1035 271 1077 ΦΑΙ.
344 1036 456 1090 Λέγε
492 1034 559 1087 δή.

143 1109 254 1172 Cap.
300 1110 420 1156 LVI.
493 1114 595 1156 ΣΩ.
628 1110 799 1165 Ἐπειδὴ
842 1112 976 1166 λόγου
1014 1111 1200 1170 δύναμις
1235 1118 1394 1174 τυγχά-

37 1193 97 1219 νει
140 1183 400 1238 ψυχαγωγιά
446 1173 580 1233 οὖσα,
634 1178 711 1224 τὸν
764 1181 981 1235 μέλλοντα
1024 1179 1263 1238 ῥητορικὸν
1306 1189 1392 1229 ἔσε-

36 1247 152 1288 σθαι
184 1245 357 1301 ἀνάγκη
392 1250 574 1300 εἰδέναι,
614 1246 736 1306 ψυχὴ
774 1245 857 1290 ὅσα
893 1247 984 1300 εἴδη
1019 1252 1115 1303 ἔχει.
1157 1253 1273 1295 ἔστιν
1310 1246 1391 1296 οὖν
1422 1248 1464 1289 D

342 746 452 786 Τίνα
493 746 653 787 τοῦτον
666 762 680 795 ,-

35 1415 210 1457 GNO‘PT.
236 1425 335 1459 δίεισι
359 1426 421 1463 τὰς
446 1428 568 1468 αἰτίας,
597 1428 766 1468 probante
792 1424 966 1457 Bokkero.
988 1470 996 1479 ,
1017 1427 1127 1469 Vuigo
1145 1428 1391 1469 πόσαςαίτίας.

123 1469 391 1512 λεχθήσεται
418 1472 437 1515 ἢ
462 1471 768 1517 γραφήσεται]
817 1470 853 1502 V·
878 1483 1094 1516 γρᾱφησεῑαι
1119 1473 1138 1514 ἢ
1165 1476 1390 1520 λεχθήσεται,

34 1519 70 1547 ut
95 1519 149 1548 est
172 1517 203 1548 in
234 1517 307 1552 Par.
334 1519 404 1553 EF.

126 1561 164 1595 C,
183 1561 349 1606 Ἐπειδὴ
379 1564 512 1608 λόγου
538 1562 755 1606 δύναμις]
799 1562 885 1594 Post
914 1563 1029 1604 ἐπειδὴ
1059 1564 1186 1601 Heind.
1212 1570 1391 1604 articulum

35 1603 53 1646 ἦ
82 1607 242 1648 inseruit;
277 1611 350 1643 sine
379 1621 510 1644 caussa.
560 1610 695 1648 Laudat
720 1608 803 1640 haee
828 1608 948 1641 Galen.
976 1609 1019 1642 de
1045 1610 1209 1653 Hippocr.
1237 1619 1271 1648 et
1303 1616 1390 1650 Piat.

33 1651 171 1687 Decret.
196 1653 257 1688 1X.
283 1655 324 1688 Τ.
351 1656 376 1690 l.
403 1668 434 1698 p.
462 1656 538 1692 334.
566 1656 619 1690 ed.
651 1656 729 1688 Bas.
790 1668 793 1672 ·

748 1801 902 1834 humanis
929 1803 1084 1836 cientium
1105 1809 1139 1837 et
1155 1808 1306 1842 notitiam
1332 1820 1391 1843 oc-

747 1849 878 1880 cultare
901 1851 1023 1882 solere.

792 1893 844 1935 μὴ
895 1893 1150 1938 πειθώμεθ’
1207 1898 1390 1944 αὐτοῖς]

79 1799 118 1833 C.
167 1800 344 1840 εἰδότες
391 1807 538 1846 ψυχῆς
584 1806 681 1844 πέρι

31 1857 84 1876 πα
96 1845 175 1888 γκ.]
241 1847 417 1890 Frequens
452 1853 506 1882 est
552 1851 678 1882 locutio

30 1891 240 1925 ἐπίστασθαι
251 1919 260 1934 ,
285 1895 406 1927 εἰδέναι
416 1920 425 1935 ‚
453 1895 580 1927 ἐπαΐειν
605 1897 683 1936 περί

30 1948 134 1978 τινος,
160 1938 203 1971 de
228 1950 292 1981 qua
317 1941 384 1975 vid.
408 1941 517 1983 Gorg.
545 1953 576 1983 p.
599 1941 678 1976 464.

32 1982 73 2016 D.
89 1983 131 2016 de
149 1984 239 2028 Rep.
253 1986 297 2019 X.
325 1998 357 2030 p.
383 1986 460 2022 598.
479 1987 518 2021 C.
541 1987 678 2022 Menon.

29 2028 63 2060 in
88 2029 218 2065 Criton.
251 2043 284 2074 p.
315 2033 370 2069 48.
406 2035 445 2067 Λ.
476 2034 518 2067 al.
554 2035 681 2074 Τέχνας

28 2073 136 2116 λόγων
168 2075 323 2111 rhetores
355 2080 556 2121 scriptiones
594 2091 674 2112 suas

29 2121 203 2162 appellare
226 2125 393 2166 solebant,
418 2125 451 2157 in
475 2126 594 2167 quibus
620 2136 674 2158 ar—

30 2170 98 2198 ten·
118 2171 301 2202 oratoriam
322 2171 592 2204 illustravissent.
620 2172 670 2205 Ita

30 2213 102 2244 Ari
114 2217 152 2245 st
164 2217 268 2248 otei.
282 2216 421 2250 Rhetl.
438 2217 466 2251 1.
478 2227 672 2250 memoran-

28 2262 83 2290 tur
113 2260 148 2290 οἱ
179 2259 240 2298 τὰς
271 2264 386 2302 τέχνας
418 2262 526 2306 λόγων
561 2275 672 2295 ουν-[ι-

27 2305 160 2341 Mune.
203 2307 289 2342 lbid.
314 2308 371 2343 111.
400 2308 451 2343 13.
484 2311 582 2351 τέχνη
605 2310 673 2341 Λι-

28 2352 181 2392 κυμνίου.
226 2357 260 2384 et
298 2354 388 2396 apud
420 2354 592 2397 Dionys,
632 2355 675 2388 de

30 2395 152 2437 Comp.
182 2397 282 2433 Verb.
308 2399 332 2433 Ῑ.
364 2404 442 2433 sunt
465 2403 582 2442 τέχναι
616 2402 675 2444 ρη-

28 2442 172 2483 τορικαί.
235 2443 327 2476 Hinc
369 2444 471 2479 etiam
518 2446 674 2480 rhetores

28 2486 93 2528 ipsi
142 2490 289 2528 τεχνικοὲ
322 2492 482 2533 appellati
518 2497 606 2527 sunt.
640 2505 671 2527 v.

28 2532 133 2575 intpp.
159 2533 202 2566 ad
232 2535 341 2570 Geli.
371 2537 409 2569 N.
437 2539 476 2569 A.
502 2538 611 2580 XVII,
639 2539 670 2573 5.

29 2578 670 2621 Quintiffll,13.Cres011.'l'heatr.

27 2623 172 2660 Rhetor.
200 2626 258 2666 ΙΙΙ,
284 2628 309 2661 Ι.
335 2637 368 2669 p.
399 2628 472 2662 152.
509 2629 586 2662 Hos
609 2631 672 2673 igi-

29 2673 83 2702 tur
108 2670 272 2704 Socrates
296 2683 370 2706 cum
395 2674 538 2717 quadam
565 2676 671 2709 cavil-

29 2715 153 2750 latione
190 2717 373 2751 arbitratur
417 2719 537 2753 callide
573 2722 670 2754 animi

86 2783 174 2817 Plat.
199 2785 289 2828 Opp.
317 2786 389 2819 Vol.
418 2787 471 2819 1V.
501 2787 539 2820 Ρ.
565 2788 590 2822 l.

747 1939 888 1972 Dativus
919 1941 1023 1973 verbo
1070 1942 1162 1975 finito
1193 1955 1391 1980 accommo-

747 1985 849 2018 datus
882 1991 954 2026 est,
988 1997 1092 2028 quum
1126 1990 1266 2032 vulgare
1298 1998 1392 2027 esset

747 2031 863 2064 dicere
903 2030 1035 2070 αὐτούς
1081 2034 1236 2078 γράφειν.
1278 2049 1309 2071 v.
1347 2040 1390 2072 ad

742 2078 850 2120 Gorg.
876 2077 954 2113 513.
981 2078 1019 2110 Ε.

788 2123 912 2156 Αὐτοὶ
939 2126 1011 2166 μὲν
1036 2123 1086 2155 τὰ
1115 2124 1294 2169 ῥήματα
1323 2131 1388 2173 ——]

743 2169 873 2202 Sensus
900 2169 949 2201 hic
974 2173 1046 2201 est:
1070 2170 1158 2212 ipsis
1182 2174 1296 2206 verbis
1318 2185 1389 2209 rem

742 2215 922 2257 diligenter
945 2214 1142 2249 describere
1165 2222 1199 2250 et
1216 2221 1390 2260 quomodo

742 2260 922 2293 dicendum
952 2260 1235 2305 scribendumque
1270 2267 1313 2299 sit
1341 2268 1390 2299 in—

742 2306 855 2339 dicare
879 2306 969 2338 haud
997 2316 1079 2338 sane
1104 2307 1204 2342 facile
1224 2315 1295 2344 est:
1318 2313 1390 2345 suf-

742 2353 831 2384 ficiet
856 2352 970 2393 igitur,
995 2352 1108 2393 quoad
1134 2364 1188 2387 res
1209 2359 1390 2399 permittit,

742 2397 910 2430 scribendi
973 2397 1138 2431 rationem
1195 2402 1389 2446 designare,

742 2443 843 2476 missa
875 2446 1034 2475 accurata
1065 2443 1247 2481 verbor-iim
1282 2461 1390 2494 expo-

741 2489 884 2530 sitione,
919 2489 946 2520 si
980 2487 1058 2530 quid
1089 2492 1308 2528 artificiosum
1335 2497 1388 2529 fu-

741 2539 855 2567 turum
905 2534 959 2566 sit.
1040 2533 1178 2571 Etenim
1224 2540 1389 2575 Socrates

739 2580 878 2613 modum
919 2581 1010 2612 inum
1054 2579 1189 2616 dicendi
1236 2587 1390 2621 scriben—

740 2627 840 2668 dique
877 2626 908 2657 in
948 2626 1142 2661 universum
1184 2637 1238 2665 est
1276 2635 1387 2676 expli-

739 2677 885 2705 caturuS.
949 2670 1123 2705 Phaedon.
1172 2687 1204 2719 p.
1244 2677 1298 2712 93.
1347 2679 1387 2710 Β.

739 2719 830 2762 εἴπερ
856 2717 1026 2759 ἐνδέχεται
1061 2724 1167 2752 τοῦτο
1191 2724 1385 2766 γίγνεσθαι.

1033 2782 1083 2823 13
