1687 2969
536 153 577 158 —-
650 132 793 172 txxvu
868 152 905 157 —-

49 248 282 291 amatoriae
303 247 514 289 rationem
530 245 583 288 ad
610 245 723 286 illius
750 244 1073 286 similitudinem
1095 246 1391 288 conformasse

48 305 263 360 videatur,
294 310 439 346 tamen
470 303 672 360 quoniam
704 308 818 344 esset
856 319 881 343 a
920 301 1194 358 philosophia
1226 302 1392 344 alienus

48 363 112 419 (p.
140 362 235 407 256.
266 360 318 406 Β.
337 359 387 406 C.
418 360 492 403 ἐάν
521 363 567 402 δὲ
598 358 651 411 δὴ
682 362 826 418 διαίτῃ
860 375 1168 413 ([ορτικωτερᾳ
1200 377 1269 401 και
1290 361 1391 417 (ἐτμ-

47 418 256 478 λυσόφῳ,
290 420 512 476 φιλοτίμῳ
545 420 590 459 δὲ
617 415 889 472 χρήσωνται)
922 421 965 457 et
995 430 1113 456 mera
1140 416 1391 471 opinatione

49 476 176 534 (δόξῃ
211 475 354 532 ὀρθῇ)
385 474 608 528 niteretur,
640 488 792 530 parum
822 472 1038 514 firmitatis
1059 478 1099 513 et
1123 474 1391 515 constantiae

47 533 206 575 habere
246 532 476 575 arbitratus
516 537 603 584 est,
651 538 700 572 ut
751 530 878 571 etiam
922 529 1091 570 facilem
1132 529 1300 584 lapsum
1337 529 1392 571 ad

48 589 263 631 deteriora
293 588 540 630 admitteret
578 595 707 642 atque
744 586 920 629 sordido
963 593 1006 627 et
1036 586 1235 627 illiberali
1277 603 1392 628 com-

50 646 276 688 modorum
307 652 350 687 et
377 645 610 686 utilitatum
648 644 792 686 studio
834 650 878 685 et
907 642 1142 699 cupiditate
1183 644 1392 685 contami-

48 705 142 744 nari
173 708 332 759 posset.
403 702 545 755 Quam
575 702 619 742 in
651 717 740 743 rem
770 701 1005 742 contulisse
1043 700 1211 741 iuvabit
1242 699 1391 757 Symp.

46 775 88 815 p.
133 761 225 802 185.
266 759 319 801 B.
361 757 411 803 C.
450 759 508 800 D.
588 758 658 799 De
697 758 806 814 Rep.
847 758 932 800 IX.
983 774 1025 813 p.
1066 758 1161 799 573.
1202 755 1252 798 C.
1295 772 1391 812 sqq.

46 817 186 874 Legg.
227 816 263 859 I.
305 833 346 872 p.
388 817 484 857 656.
524 813 574 857 C.
606 831 701 871 sqq.
768 816 915 870 Atque
953 814 1060 855 haec
1098 814 1192 869 ipsa
1237 829 1393 856 caussa

48 879 134 927 est,
165 889 241 916 cur
271 875 344 929 qui
373 873 418 914 in
450 872 679 929 Symposio
711 870 763 912 de
790 881 939 913 'amore
967 871 1098 912 verba
1126 871 1316 923 faciunt,
1359 871 1390 912 ii

46 930 136 972 fere
167 945 314 972 omnes
354 931 397 971 in
434 928 737 986 praedicandis
778 927 1014 970 commodis
1053 933 1094 969 et
1131 928 1392 970 utilitatibus

48 993 296 1041 versantur,
330 1002 438 1043 quae
466 985 567 1027 inde
597 986 642 1027 in
671 1001 760 1027 rem
789 986 1001 1041 privatam
1022 991 1150 1039 atque
1172 985 1390 1040 publicam

47 1043 290 1085 redundare
323 1050 496 1099 queant.
555 1043 724 1099 Nempe
763 1048 932 1083 tantum
970 1042 1107 1094 abest,
1137 1048 1187 1082 ut
1212 1042 1274 1082 illi
1305 1042 1392 1083 cel-

48 1100 173 1142 sioris
204 1116 254 1142 ac
285 1100 508 1142 divinioris
538 1101 695 1141 amoris
727 1100 952 1140 certiorem
981 1104 1158 1139 teneant
1177 1099 1390 1152 notitiam,

47 1163 96 1198 ut
124 1172 178 1198 ne
208 1156 380 1199 honesti
411 1156 584 1212 quidem
615 1156 771 1198 amoris
804 1156 984 1210 eiusque
1015 1155 1187 1210 publice
1218 1156 1390 1211 probati

47 1213 236 1256 rationes
267 1214 371 1256 satis
402 1214 600 1271 cognitas
632 1228 681 1254 ac
721 1220 973 1269 perspectas
1012 1212 1211 1255 habeant.
1284 1213 1390 1254 Tale

47 1285 150 1312 vero
181 1270 310 1312 etiam
337 1270 446 1312 illud
475 1276 542 1312 est
570 1270 727 1312 amoris
758 1284 917 1326 genus,
952 1270 1070 1324 quod
1100 1268 1389 1325 philosophus

47 1327 93 1368 in
131 1327 332 1369 Phaedro
381 1327 549 1370 duabus
589 1327 806 1384 prioribus
853 1326 1122 1368 orationibus
1171 1327 1391 1368 amatoriis

47 1383 316 1426 deformavit.
384 1383 558 1441 Quippe
597 1384 725 1426 finxit
752 1385 795 1425 in
826 1383 909 1425 hoe
949 1384 1059 1425 libro
1088 1383 1268 1438 Lysiam
1305 1390 1392 1425 tam

48 1440 264 1482 humiliter
293 1447 337 1483 et
354 1442 532 1488 ‚abiecte
552 1441 822 1495 sentientem,
853 1447 902 1482 ut
929 1456 1017 1482 non
1048 1441 1177 1482 modo
1207 1447 1393 1482 mentem

46 1513 260 1552 nusquam
299 1497 355 1539 ad
393 1499 624 1541 celsiorum
666 1514 808 1540 rerum
852 1497 1160 1554 cogitationem
1209 1497 1391 1552 attollat,

46 1553 126 1597 sed
153 1570 208 1596 ne
233 1555 426 1612 vulgaris
457 1555 632 1611 quidem
663 1555 819 1596 amoris
849 1555 1119 1596 honestatem
1148 1555 1236 1596 ullo
1262 1555 1391 1597 modo

48 1617 305 1666 assequatur
332 1611 516 1668 ideoque
546 1627 624 1668 per
652 1612 796 1654 omnia
826 1611 879 1653 de
910 1611 1060 1653 viliore
1093 1618 1135 1653 et
1164 1612 1391 1654 humiliore

49 1683 193 1709 amore
225 1668 411 1725 cogitet,
445 1669 542 1724 qui,
574 1675 623 1710 ut
653 1668 858 1712 Socrates
888 1685 930 1724 p.
953 1669 1049 1710 243.
1071 1667 1121 1710 C.
1143 1669 1390 1723 arbitratur,

46 1724 146 1766 lixis
184 1725 331 1780 potius
369 1732 413 1767 et
452 1726 677 1768 calonibus
718 1741 847 1781 quam
894 1726 1094 1781 ingenuis
1145 1725 1392 1768 hominibus

48 1780 208 1838 dignus
238 1781 376 1823 videri
397 1781 566 1825 debeat.
626 1784 776 1838 Atque
806 1783 919 1824 hanc
949 1784 1088 1838 ipsam
1119 1783 1173 1825 ob
1195 1798 1392 1825 caussam

49 1845 139 1879 arte
176 1838 453 1881 callidissima
481 1855 507 1881 a
534 1840 718 1882 Platone
747 1840 808 1881 ita
838 1845 905 1881 est
932 1839 1204 1894 institutum,
1245 1847 1291 1881 ut
1320 1840 1392 1882 ille
1448 1886 1452 1889 ,

47 1901 200 1952 argute
231 1895 458 1938 ostendere
489 1904 668 1939 conetur
698 1897 851 1939 melius
888 1912 982 1939 esse
1020 1912 1107 1938 non
1152 1898 1392 1940 amantibus

49 1967 179 2007 quam
208 1953 451 1996 amantibus
489 1954 740 2011 gratificari.
812 1952 946 2006 Quod
983 1959 1127 1995 tamen
1167 1953 1270 1995 dum
1307 1955 1392 1997 isto

49 2008 177 2051 modo
239 2015 401 2066 eragi't,
441 2017 621 2067 propter
660 2010 872 2053 sentiendi
912 2010 1200 2052 humilitatem
1231 2026 1281 2053 eo
1320 2027 1391 2053 us-

51 2081 134 2120 que
187 2025 401 2108 dxelabitur
414 2099 426 2121 ,
476 2075 524 2109 ut
570 2068 694 2110 malis
737 2067 970 2124 indulgens
1022 2068 1204 2124 argutiis
1259 2083 1392 2123 quum

51 2121 104 2164 de
160 2137 304 2165 amore
361 2123 578 2180 disputet,
643 2125 906 2167 amatoribus
969 2125 1124 2166 amoris
1188 2123 1391 2166 affectum

51 2179 227 2235 eripiat,
260 2185 388 2236 atque
419 2181 622 2223 simulata
661 2181 947 2238 temperant-ia
984 2180 1130 2222 callidi
1177 2187 1392 2223 veterato-

52 2234 111 2276 ris
139 2251 255 2278 more
315 2253 478 2291 uerum,
512 2254 640 2294 quem
659 2238 906 2295 compellat,
938 2243 1054 2279 tecta
1073 2252 1172 2279 cum
1193 2238 1391 2293 nequitia

55 2289 111 2332 ad
141 2253 369 2336 amandum
398 2295 600 2352 pellicere
630 2295 816 2339 studeat.
877 2294 1009 2348 Quali
1049 2293 1224 2349 quidem
1258 2295 1391 2337 amori

55 2347 268 2402 quodnam
296 2353 482 2407 pretium
511 2352 790 2395 statuendum
819 2352 900 2406 sit,
942 2350 1130 2393 dilucide
1162 2352 1392 2408 exponitur

52 2419 95 2502 E.
125 2405 218 2446 256.
243 2405 296 2448 E.
328 2408 403 2451 ubi
433 2409 637 2452 Socrates
668 2409 908 2466 posteriore
938 2408 1130 2450 oratione
1160 2425 1239 2451 sua
1267 2409 1393 2451 finita

87 2475 162 2503 aec
200 2461 339 2506 addit:
393 2466 583 2520 „Haec
621 2472 805 2520 tanta,
845 2465 1009 2520 inquit,
1061 2481 1087 2508 o
1133 2481 1290 2522 puer,
1342 2474 1392 2508 et

55 2524 159 2559 tam
191 2517 378 2563 divina
407 2523 624 2578 (munera)
663 2523 770 2565 tibi
809 2522 952 2578 largi
967 2537 988 2564 e
1001 2528 1089 2564 tur
1126 2523 1274 2564 utrin
1289 2538 1355 2578 qu
1368 2539 1390 2565 e

55 2575 322 2617 amatoris
361 2579 632 2631 amicitia3
674 2578 768 2622 sed
798 2582 1170 2633 familiaritas
1217 2580 1391 2634 (οἰκειο-

54 2631 153 2686 της)
184 2635 312 2685 eius,
342 2639 426 2689 qui
451 2652 549 2678 non
578 2645 736 2685 amat,
768 2639 989 2677 mortali
1014 2637 1392 2693 temperantia

55 2688 350 2744 permixta,
398 2691 453 2746 (i.
492 2708 528 2735 e.
569 2693 838 2746 adulterata)
884 2696 1137 2735 mortalia
1183 2700 1390 2736 tantum
