<?xml version="1.0" encoding="UTF-8"?>
<!DOCTYPE html PUBLIC "-//W3C//DTD XHTML 1.0 Transitional//EN"
    "http://www.w3.org/TR/xhtml1/DTD/xhtml1-transitional.dtd">
<html xmlns="http://www.w3.org/1999/xhtml" xml:lang="en" lang="en">
 <head>
  <title>
</title>
<meta http-equiv="Content-Type" content="text/html;charset=utf-8" />
  <meta name='ocr-system' content='tesseract 3.04.00' />
  <meta name='ocr-capabilities' content='ocr_page ocr_carea ocr_par ocr_line ocrx_word'/>
</head>
<body>
  <div class='ocr_page' id='page_1' title='image "./n1operaomniarecens04platuoft/n1operaomniarecens04platuoft_0125.png"; bbox 0 0 1687 2969; ppageno 0'>
   <div class='ocr_carea' id='block_1_1' title="bbox 599 141 895 180">
    <p class='ocr_par' dir='ltr' id='par_1_1' title="bbox 599 141 895 180">
     <span class='ocr_line' id='line_1_1' title="bbox 599 141 895 180; baseline -0.003 0"><span class='ocrx_word' id='word_1_1' title='bbox 599 162 641 166; x_wconf 90' lang='lat'>—</span> <span class='ocrx_word' id='word_1_2' title='bbox 713 141 782 180; x_wconf 80' lang='lat' dir='ltr'>clx</span> <span class='ocrx_word' id='word_1_3' title='bbox 856 163 895 165; x_wconf 93' lang='lat'>--</span> 
     </span>
    </p>
   </div>
   <div class='ocr_carea' id='block_1_2' title="bbox 61 255 1418 2756">
    <p class='ocr_par' dir='ltr' id='par_1_2' title="bbox 61 255 1418 2756">
     <span class='ocr_line' id='line_1_2' title="bbox 66 255 1413 307; baseline 0 -11"><span class='ocrx_word' id='word_1_4' title='bbox 66 269 153 296; x_wconf 81' lang='lat' dir='ltr'>ner</span> <span class='ocrx_word' id='word_1_5' title='bbox 183 255 464 295; x_wconf 82' lang='lat' dir='ltr'>Probleme</span> <span class='ocrx_word' id='word_1_6' title='bbox 495 256 596 294; x_wconf 81' lang='lat' dir='ltr'>und</span> <span class='ocrx_word' id='word_1_7' title='bbox 627 255 980 307; x_wconf 74' lang='lat' dir='ltr'>Hilfsmittel</span> <span class='ocrx_word' id='word_1_8' title='bbox 1009 270 1117 295; x_wconf 82' lang='lat' dir='ltr'>zum</span> <span class='ocrx_word' id='word_1_9' title='bbox 1152 257 1413 296; x_wconf 80' lang='lat' dir='ltr'>Behalten</span> 
     </span>
     <span class='ocr_line' id='line_1_3' title="bbox 63 310 1412 365; baseline 0.001 -13"><span class='ocrx_word' id='word_1_10' title='bbox 63 313 396 352; x_wconf 73' lang='lat' dir='ltr'>miindliclzer</span> <span class='ocrx_word' id='word_1_11' title='bbox 452 312 727 365; x_wconf 69' lang='lat' dir='ltr'>Vortrt&#39;ige</span> <span class='ocrx_word' id='word_1_12' title='bbox 777 314 999 352; x_wconf 75' lang='lat' dir='ltr'>wiiren.“</span> <span class='ocrx_word' id='word_1_13' title='bbox 1059 312 1170 353; x_wconf 86' lang='lat' dir='ltr'>conf.</span> <span class='ocrx_word' id='word_1_14' title='bbox 1233 310 1282 355; x_wconf 90' lang='lat' dir='ltr'>C.</span> <span class='ocrx_word' id='word_1_15' title='bbox 1331 312 1412 353; x_wconf 83' lang='lat' dir='ltr'>Fr.</span> 
     </span>
     <span class='ocr_line' id='line_1_4' title="bbox 63 365 1412 422; baseline 0.001 -13"><span class='ocrx_word' id='word_1_16' title='bbox 63 367 362 410; x_wconf 84' lang='lat' dir='ltr'>Hermann.</span> <span class='ocrx_word' id='word_1_17' title='bbox 443 365 733 409; x_wconf 86' lang='lat' dir='ltr'>Gesammelte</span> <span class='ocrx_word' id='word_1_18' title='bbox 792 367 1003 409; x_wconf 73' lang='lat' dir='ltr'>Aufs&#39;atze</span> <span class='ocrx_word' id='word_1_19' title='bbox 1063 373 1144 409; x_wconf 81' lang='lat' dir='ltr'>ete.</span> <span class='ocrx_word' id='word_1_20' title='bbox 1205 384 1247 422; x_wconf 92' lang='lat' dir='ltr'>p.</span> <span class='ocrx_word' id='word_1_21' title='bbox 1316 370 1412 411; x_wconf 73' lang='lat'>281.</span> 
     </span>
     <span class='ocr_line' id='line_1_5' title="bbox 63 423 1414 480; baseline 0.001 -15"><span class='ocrx_word' id='word_1_22' title='bbox 63 437 158 479; x_wconf 88' lang='lat' dir='ltr'><strong>sqq.</strong></span> <span class='ocrx_word' id='word_1_23' title='bbox 209 423 504 480; x_wconf 82' lang='lat' dir='ltr'>imprimisque</span> <span class='ocrx_word' id='word_1_24' title='bbox 545 440 586 480; x_wconf 87' lang='lat' dir='ltr'>p.</span> <span class='ocrx_word' id='word_1_25' title='bbox 629 425 724 465; x_wconf 76' lang='lat'>304.</span> <span class='ocrx_word' id='word_1_26' title='bbox 765 439 858 479; x_wconf 85' lang='lat' dir='ltr'><strong>sqq.</strong></span> <span class='ocrx_word' id='word_1_27' title='bbox 935 423 1152 465; x_wconf 79' lang='lat' dir='ltr'>Nimirum</span> <span class='ocrx_word' id='word_1_28' title='bbox 1202 424 1253 465; x_wconf 92' lang='lat' dir='ltr'>fit</span> <span class='ocrx_word' id='word_1_29' title='bbox 1296 425 1414 467; x_wconf 89' lang='lat' dir='ltr'>istud</span> 
     </span>
     <span class='ocr_line' id='line_1_6' title="bbox 62 480 1412 536; baseline 0.001 -15"><span class='ocrx_word' id='word_1_30' title='bbox 62 481 131 521; x_wconf 89' lang='lat' dir='ltr'>vel</span> <span class='ocrx_word' id='word_1_31' title='bbox 171 495 224 521; x_wconf 78' lang='lat' dir='ltr'>ex</span> <span class='ocrx_word' id='word_1_32' title='bbox 284 496 334 522; x_wconf 90' lang='lat' dir='ltr'>eo</span> <span class='ocrx_word' id='word_1_33' title='bbox 375 480 605 535; x_wconf 76' lang='lat' dir='ltr'>credibile,</span> <span class='ocrx_word' id='word_1_34' title='bbox 667 480 785 535; x_wconf 88' lang='lat' dir='ltr'>quod</span> <span class='ocrx_word' id='word_1_35' title='bbox 832 480 1117 536; x_wconf 88' lang='lat' dir='ltr'>philosophus</span> <span class='ocrx_word' id='word_1_36' title='bbox 1172 480 1412 523; x_wconf 82' lang='lat' dir='ltr'>doctrinam</span> 
     </span>
     <span class='ocr_line' id='line_1_7' title="bbox 63 537 1412 594; baseline 0.001 -16"><span class='ocrx_word' id='word_1_37' title='bbox 63 551 186 579; x_wconf 87' lang='lat' dir='ltr'>suam</span> <span class='ocrx_word' id='word_1_38' title='bbox 215 553 302 579; x_wconf 91' lang='lat' dir='ltr'>non</span> <span class='ocrx_word' id='word_1_39' title='bbox 332 544 468 579; x_wconf 85' lang='lat' dir='ltr'>totam</span> <span class='ocrx_word' id='word_1_40' title='bbox 498 544 540 579; x_wconf 89' lang='lat' dir='ltr'>et</span> <span class='ocrx_word' id='word_1_41' title='bbox 568 537 781 594; x_wconf 85' lang='lat' dir='ltr'>integram</span> <span class='ocrx_word' id='word_1_42' title='bbox 805 537 849 578; x_wconf 89' lang='lat' dir='ltr'>in</span> <span class='ocrx_word' id='word_1_43' title='bbox 871 537 1041 593; x_wconf 89' lang='lat' dir='ltr'>scriptis</span> <span class='ocrx_word' id='word_1_44' title='bbox 1075 537 1163 580; x_wconf 86' lang='lat' dir='ltr'>suis</span> <span class='ocrx_word' id='word_1_45' title='bbox 1196 539 1412 594; x_wconf 74' lang='lat' dir='ltr'>exposuit,</span> 
     </span>
     <span class='ocr_line' id='line_1_8' title="bbox 63 593 1415 650; baseline 0.001 -14"><span class='ocrx_word' id='word_1_46' title='bbox 63 593 142 636; x_wconf 90' lang='lat' dir='ltr'>sed</span> <span class='ocrx_word' id='word_1_47' title='bbox 173 594 492 649; x_wconf 79' lang='lat' dir='ltr'>praetermissis</span> <span class='ocrx_word' id='word_1_48' title='bbox 537 595 713 636; x_wconf 88' lang='lat' dir='ltr'>summis</span> <span class='ocrx_word' id='word_1_49' title='bbox 748 594 839 636; x_wconf 88' lang='lat' dir='ltr'>eius</span> <span class='ocrx_word' id='word_1_50' title='bbox 885 594 1109 650; x_wconf 79' lang='lat' dir='ltr'>principiis</span> <span class='ocrx_word' id='word_1_51' title='bbox 1157 609 1208 635; x_wconf 83' lang='lat' dir='ltr'>ea</span> <span class='ocrx_word' id='word_1_52' title='bbox 1247 602 1415 637; x_wconf 84' lang='lat' dir='ltr'>tantum</span> 
     </span>
     <span class='ocr_line' id='line_1_9' title="bbox 63 650 1415 706; baseline 0.002 -15"><span class='ocrx_word' id='word_1_53' title='bbox 63 650 318 706; x_wconf 69' lang='lat' dir='ltr'>explicavit,</span> <span class='ocrx_word' id='word_1_54' title='bbox 353 666 478 706; x_wconf 87' lang='lat' dir='ltr'>quae,</span> <span class='ocrx_word' id='word_1_55' title='bbox 508 651 611 693; x_wconf 91' lang='lat' dir='ltr'>licet</span> <span class='ocrx_word' id='word_1_56' title='bbox 631 650 685 692; x_wconf 87' lang='lat' dir='ltr'>ad</span> <span class='ocrx_word' id='word_1_57' title='bbox 716 651 789 692; x_wconf 82' lang='lat' dir='ltr'>illa</span> <span class='ocrx_word' id='word_1_58' title='bbox 820 651 1098 705; x_wconf 76' lang='lat' dir='ltr'>referrentur,</span> <span class='ocrx_word' id='word_1_59' title='bbox 1131 651 1415 694; x_wconf 87' lang='lat' dir='ltr'>nihilominus</span> 
     </span>
     <span class='ocr_line' id='line_1_10' title="bbox 64 707 1413 764; baseline 0.002 -16"><span class='ocrx_word' id='word_1_60' title='bbox 64 714 206 748; x_wconf 83' lang='lat' dir='ltr'>tamen</span> <span class='ocrx_word' id='word_1_61' title='bbox 238 708 291 750; x_wconf 89' lang='lat' dir='ltr'>ab</span> <span class='ocrx_word' id='word_1_62' title='bbox 323 707 500 750; x_wconf 88' lang='lat' dir='ltr'>cruditis</span> <span class='ocrx_word' id='word_1_63' title='bbox 532 707 776 750; x_wconf 87' lang='lat' dir='ltr'>hominibus</span> <span class='ocrx_word' id='word_1_64' title='bbox 805 715 983 764; x_wconf 80' lang='lat' dir='ltr'>possent</span> <span class='ocrx_word' id='word_1_65' title='bbox 1012 707 1209 764; x_wconf 75' lang='lat' dir='ltr'>intelligi,</span> <span class='ocrx_word' id='word_1_66' title='bbox 1243 709 1316 764; x_wconf 85' lang='lat' dir='ltr'>qui</span> <span class='ocrx_word' id='word_1_67' title='bbox 1347 710 1413 750; x_wconf 90' lang='lat' dir='ltr'>in-</span> 
     </span>
     <span class='ocr_line' id='line_1_11' title="bbox 63 764 1415 820; baseline 0.002 -15"><span class='ocrx_word' id='word_1_68' title='bbox 63 764 295 806; x_wconf 88' lang='lat' dir='ltr'>terioribus</span> <span class='ocrx_word' id='word_1_69' title='bbox 328 765 502 807; x_wconf 87' lang='lat' dir='ltr'>scholae</span> <span class='ocrx_word' id='word_1_70' title='bbox 522 766 656 807; x_wconf 89' lang='lat' dir='ltr'>saeris</span> <span class='ocrx_word' id='word_1_71' title='bbox 679 781 767 806; x_wconf 89' lang='lat' dir='ltr'>non</span> <span class='ocrx_word' id='word_1_72' title='bbox 785 765 940 806; x_wconf 83' lang='lat' dir='ltr'>initiati</span> <span class='ocrx_word' id='word_1_73' title='bbox 962 772 1121 807; x_wconf 79' lang='lat' dir='ltr'>essent.</span> <span class='ocrx_word' id='word_1_74' title='bbox 1164 765 1231 806; x_wconf 92' lang='lat' dir='ltr'>De</span> <span class='ocrx_word' id='word_1_75' title='bbox 1258 782 1343 820; x_wconf 86' lang='lat' dir='ltr'>qua</span> <span class='ocrx_word' id='word_1_76' title='bbox 1369 782 1415 808; x_wconf 87' lang='lat' dir='ltr'>re</span> 
     </span>
     <span class='ocr_line' id='line_1_12' title="bbox 63 821 1414 877; baseline 0.001 -14"><span class='ocrx_word' id='word_1_77' title='bbox 63 821 301 863; x_wconf 83' lang='lat' dir='ltr'>certissime</span> <span class='ocrx_word' id='word_1_78' title='bbox 332 828 502 864; x_wconf 82' lang='lat' dir='ltr'>constat</span> <span class='ocrx_word' id='word_1_79' title='bbox 532 837 584 864; x_wconf 85' lang='lat' dir='ltr'>ex</span> <span class='ocrx_word' id='word_1_80' title='bbox 613 822 875 876; x_wconf 65' lang='lat' dir='ltr'>Aristotele,</span> <span class='ocrx_word' id='word_1_81' title='bbox 923 822 997 877; x_wconf 87' lang='lat' dir='ltr'>qui</span> <span class='ocrx_word' id='word_1_82' title='bbox 1028 837 1139 876; x_wconf 83' lang='lat' dir='ltr'>quae</span> <span class='ocrx_word' id='word_1_83' title='bbox 1180 821 1233 864; x_wconf 91' lang='lat' dir='ltr'>de</span> <span class='ocrx_word' id='word_1_84' title='bbox 1264 823 1414 865; x_wconf 86' lang='lat' dir='ltr'>Plato-</span> 
     </span>
     <span class='ocr_line' id='line_1_13' title="bbox 63 878 1407 936; baseline 0.002 -17"><span class='ocrx_word' id='word_1_85' title='bbox 63 878 130 919; x_wconf 86' lang='lat' dir='ltr'>nis</span> <span class='ocrx_word' id='word_1_86' title='bbox 161 878 333 934; x_wconf 85' lang='lat' dir='ltr'>placitis</span> <span class='ocrx_word' id='word_1_87' title='bbox 364 879 497 920; x_wconf 83' lang='lat' dir='ltr'>refert</span> <span class='ocrx_word' id='word_1_88' title='bbox 527 879 784 936; x_wconf 72' lang='lat' dir='ltr'>singularia,</span> <span class='ocrx_word' id='word_1_89' title='bbox 833 894 881 919; x_wconf 85' lang='lat' dir='ltr'>ea</span> <span class='ocrx_word' id='word_1_90' title='bbox 927 884 1041 920; x_wconf 88' lang='lat' dir='ltr'>certe</span> <span class='ocrx_word' id='word_1_91' title='bbox 1071 894 1158 920; x_wconf 89' lang='lat' dir='ltr'>non</span> <span class='ocrx_word' id='word_1_92' title='bbox 1189 895 1241 920; x_wconf 83' lang='lat' dir='ltr'>ex</span> <span class='ocrx_word' id='word_1_93' title='bbox 1279 880 1407 922; x_wconf 86' lang='lat' dir='ltr'>huius</span> 
     </span>
     <span class='ocr_line' id='line_1_14' title="bbox 65 934 1409 993; baseline 0.003 -19"><span class='ocrx_word' id='word_1_94' title='bbox 65 934 247 991; x_wconf 83' lang='lat' dir='ltr'>dialogis</span> <span class='ocrx_word' id='word_1_95' title='bbox 276 935 320 976; x_wconf 88' lang='lat' dir='ltr'>in</span> <span class='ocrx_word' id='word_1_96' title='bbox 348 935 513 978; x_wconf 80' lang='lat' dir='ltr'>litteras</span> <span class='ocrx_word' id='word_1_97' title='bbox 543 936 704 990; x_wconf 81' lang='lat' dir='ltr'>relatis,</span> <span class='ocrx_word' id='word_1_98' title='bbox 738 935 814 978; x_wconf 86' lang='lat' dir='ltr'>sed</span> <span class='ocrx_word' id='word_1_99' title='bbox 845 951 897 976; x_wconf 81' lang='lat' dir='ltr'>ex</span> <span class='ocrx_word' id='word_1_100' title='bbox 926 934 1150 992; x_wconf 51' lang='grc' dir='ltr'>ἀγράφοις</span> <span class='ocrx_word' id='word_1_101' title='bbox 1180 936 1271 978; x_wconf 84' lang='lat' dir='ltr'>eius</span> <span class='ocrx_word' id='word_1_102' title='bbox 1300 936 1409 993; x_wconf 87' lang='lat' dir='ltr'>dog-</span> 
     </span>
     <span class='ocr_line' id='line_1_15' title="bbox 66 991 1409 1057; baseline 0.002 -25"><span class='ocrx_word' id='word_1_103' title='bbox 66 991 193 1033; x_wconf 85' lang='lat' dir='ltr'>matis</span> <span class='ocrx_word' id='word_1_104' title='bbox 223 992 293 1033; x_wconf 87' lang='lat' dir='ltr'>vel</span> <span class='ocrx_word' id='word_1_105' title='bbox 324 996 577 1043; x_wconf 71' lang='grc' dir='ltr'><em>συνουσίαις</em></span> <span class='ocrx_word' id='word_1_106' title='bbox 615 992 839 1049; x_wconf 79' lang='lat' dir='ltr'>depromta</span> <span class='ocrx_word' id='word_1_107' title='bbox 880 999 1000 1043; x_wconf 81' lang='lat' dir='ltr'>sunt3</span> <span class='ocrx_word' id='word_1_108' title='bbox 1040 992 1084 1033; x_wconf 89' lang='lat' dir='ltr'>id</span> <span class='ocrx_word' id='word_1_109' title='bbox 1126 992 1243 1057; x_wconf 67' lang='lat' dir='ltr'>quod</span> <span class='ocrx_word' id='word_1_110' title='bbox 1283 994 1409 1035; x_wconf 88' lang='lat' dir='ltr'>uber-</span> 
     </span>
     <span class='ocr_line' id='line_1_16' title="bbox 64 1047 1409 1106; baseline 0.003 -18"><span class='ocrx_word' id='word_1_111' title='bbox 64 1048 169 1089; x_wconf 89' lang='lat' dir='ltr'>rime</span> <span class='ocrx_word' id='word_1_112' title='bbox 201 1047 551 1091; x_wconf 81' lang='lat' dir='ltr'>demonstrarunt</span> <span class='ocrx_word' id='word_1_113' title='bbox 580 1049 835 1091; x_wconf 85' lang='lat' dir='ltr'>Brandis.</span> <span class='ocrx_word' id='word_1_114' title='bbox 905 1050 973 1090; x_wconf 90' lang='lat' dir='ltr'>Dc</span> <span class='ocrx_word' id='word_1_115' title='bbox 1016 1049 1197 1106; x_wconf 79' lang='lat' dir='ltr'>perditis</span> <span class='ocrx_word' id='word_1_116' title='bbox 1236 1051 1409 1092; x_wconf 87' lang='lat' dir='ltr'>Aristo-</span> 
     </span>
     <span class='ocr_line' id='line_1_17' title="bbox 63 1104 1408 1161; baseline 0.002 -16"><span class='ocrx_word' id='word_1_117' title='bbox 63 1104 162 1146; x_wconf 86' lang='lat' dir='ltr'>telis</span> <span class='ocrx_word' id='word_1_118' title='bbox 179 1105 314 1159; x_wconf 90' lang='lat' dir='ltr'>libris,</span> <span class='ocrx_word' id='word_1_119' title='bbox 339 1105 391 1147; x_wconf 91' lang='lat' dir='ltr'>de</span> <span class='ocrx_word' id='word_1_120' title='bbox 410 1105 518 1148; x_wconf 89' lang='lat' dir='ltr'>ideis</span> <span class='ocrx_word' id='word_1_121' title='bbox 542 1113 673 1161; x_wconf 85' lang='lat' dir='ltr'>atque</span> <span class='ocrx_word' id='word_1_122' title='bbox 695 1107 823 1148; x_wconf 88' lang='lat' dir='ltr'>bono.</span> <span class='ocrx_word' id='word_1_123' title='bbox 854 1106 994 1150; x_wconf 87' lang='lat' dir='ltr'>Bonn.</span> <span class='ocrx_word' id='word_1_124' title='bbox 1023 1108 1144 1149; x_wconf 66' lang='lat'>1823.</span> <span class='ocrx_word' id='word_1_125' title='bbox 1176 1108 1213 1147; x_wconf 74' lang='lat'>8.</span> <span class='ocrx_word' id='word_1_126' title='bbox 1247 1108 1408 1149; x_wconf 86' lang='lat' dir='ltr'>Tren-</span> 
     </span>
     <span class='ocr_line' id='line_1_18' title="bbox 64 1160 1411 1218; baseline 0.003 -17"><span class='ocrx_word' id='word_1_127' title='bbox 64 1160 391 1218; x_wconf 89' lang='lat' dir='ltr'>delenburg.</span> <span class='ocrx_word' id='word_1_128' title='bbox 460 1163 657 1205; x_wconf 84' lang='lat' dir='ltr'>Platonis</span> <span class='ocrx_word' id='word_1_129' title='bbox 689 1162 741 1204; x_wconf 90' lang='lat' dir='ltr'>de</span> <span class='ocrx_word' id='word_1_130' title='bbox 781 1163 889 1204; x_wconf 87' lang='lat' dir='ltr'>ideis</span> <span class='ocrx_word' id='word_1_131' title='bbox 920 1169 963 1204; x_wconf 84' lang='lat' dir='ltr'>ct</span> <span class='ocrx_word' id='word_1_132' title='bbox 993 1164 1180 1205; x_wconf 86' lang='lat' dir='ltr'>numeris</span> <span class='ocrx_word' id='word_1_133' title='bbox 1213 1163 1411 1206; x_wconf 81' lang='lat' dir='ltr'>doctrina</span> 
     </span>
     <span class='ocr_line' id='line_1_19' title="bbox 63 1218 1409 1275; baseline 0.003 -17"><span class='ocrx_word' id='word_1_134' title='bbox 63 1232 117 1259; x_wconf 87' lang='lat' dir='ltr'>ex</span> <span class='ocrx_word' id='word_1_135' title='bbox 145 1218 382 1260; x_wconf 87' lang='lat' dir='ltr'>Aristotele</span> <span class='ocrx_word' id='word_1_136' title='bbox 412 1219 638 1261; x_wconf 85' lang='lat' dir='ltr'>illustrata.</span> <span class='ocrx_word' id='word_1_137' title='bbox 699 1220 819 1275; x_wconf 89' lang='lat' dir='ltr'>Lips.</span> <span class='ocrx_word' id='word_1_138' title='bbox 848 1220 967 1262; x_wconf 71' lang='lat'>1826.</span> <span class='ocrx_word' id='word_1_139' title='bbox 1002 1222 1040 1262; x_wconf 78' lang='lat'>8.</span> <span class='ocrx_word' id='word_1_140' title='bbox 1101 1220 1321 1263; x_wconf 50' lang='lat' dir='ltr'>WVeisse</span> <span class='ocrx_word' id='word_1_141' title='bbox 1354 1221 1409 1262; x_wconf 84' lang='lat' dir='ltr'>ad</span> 
     </span>
     <span class='ocr_line' id='line_1_20' title="bbox 62 1274 1410 1334; baseline 0.003 -19"><span class='ocrx_word' id='word_1_142' title='bbox 62 1274 288 1316; x_wconf 85' lang='lat' dir='ltr'>Aristotel.</span> <span class='ocrx_word' id='word_1_143' title='bbox 346 1275 414 1317; x_wconf 91' lang='lat' dir='ltr'>De</span> <span class='ocrx_word' id='word_1_144' title='bbox 446 1278 586 1318; x_wconf 83' lang='lat' dir='ltr'>anima</span> <span class='ocrx_word' id='word_1_145' title='bbox 613 1293 655 1333; x_wconf 92' lang='lat' dir='ltr'>p.</span> <span class='ocrx_word' id='word_1_146' title='bbox 690 1278 928 1319; x_wconf 72' lang='lat'>123—143.</span> <span class='ocrx_word' id='word_1_147' title='bbox 955 1277 1051 1319; x_wconf 92' lang='lat' dir='ltr'>coll.</span> <span class='ocrx_word' id='word_1_148' title='bbox 1083 1285 1257 1319; x_wconf 84' lang='lat' dir='ltr'>auctore</span> <span class='ocrx_word' id='word_1_149' title='bbox 1301 1278 1410 1334; x_wconf 85' lang='lat' dir='ltr'>Epi-</span> 
     </span>
     <span class='ocr_line' id='line_1_21' title="bbox 64 1330 1411 1390; baseline 0.003 -18"><span class='ocrx_word' id='word_1_150' title='bbox 64 1330 161 1373; x_wconf 90' lang='lat' dir='ltr'>stol.</span> <span class='ocrx_word' id='word_1_151' title='bbox 191 1331 362 1374; x_wconf 86' lang='lat' dir='ltr'>Platon.</span> <span class='ocrx_word' id='word_1_152' title='bbox 393 1332 454 1375; x_wconf 89' lang='grc' dir='ltr'>Π.</span> <span class='ocrx_word' id='word_1_153' title='bbox 485 1349 527 1389; x_wconf 90' lang='lat' dir='ltr'>p.</span> <span class='ocrx_word' id='word_1_154' title='bbox 559 1335 655 1376; x_wconf 82' lang='lat'>313.</span> <span class='ocrx_word' id='word_1_155' title='bbox 686 1332 736 1375; x_wconf 87' lang='lat' dir='ltr'>C.</span> <span class='ocrx_word' id='word_1_156' title='bbox 766 1340 808 1375; x_wconf 91' lang='lat' dir='ltr'>et</span> <span class='ocrx_word' id='word_1_157' title='bbox 846 1334 952 1376; x_wconf 79' lang='lat' dir='ltr'>VII.</span> <span class='ocrx_word' id='word_1_158' title='bbox 983 1351 1025 1390; x_wconf 90' lang='lat' dir='ltr'>p.</span> <span class='ocrx_word' id='word_1_159' title='bbox 1064 1335 1158 1379; x_wconf 82' lang='lat'>341.</span> <span class='ocrx_word' id='word_1_160' title='bbox 1197 1334 1248 1376; x_wconf 84' lang='lat' dir='ltr'>B.</span> <span class='ocrx_word' id='word_1_161' title='bbox 1310 1333 1411 1377; x_wconf 84' lang='lat' dir='ltr'>Cla-</span> 
     </span>
     <span class='ocr_line' id='line_1_22' title="bbox 62 1388 1409 1448; baseline 0.003 -19"><span class='ocrx_word' id='word_1_162' title='bbox 62 1388 152 1430; x_wconf 83' lang='lat' dir='ltr'>rius</span> <span class='ocrx_word' id='word_1_163' title='bbox 173 1394 314 1430; x_wconf 90' lang='lat' dir='ltr'>autem</span> <span class='ocrx_word' id='word_1_164' title='bbox 335 1404 404 1431; x_wconf 90' lang='lat' dir='ltr'>res</span> <span class='ocrx_word' id='word_1_165' title='bbox 425 1390 686 1446; x_wconf 88' lang='lat' dir='ltr'>perspicitur</span> <span class='ocrx_word' id='word_1_166' title='bbox 715 1391 843 1432; x_wconf 89' lang='lat' dir='ltr'>etiam</span> <span class='ocrx_word' id='word_1_167' title='bbox 867 1407 919 1432; x_wconf 81' lang='lat' dir='ltr'>ex</span> <span class='ocrx_word' id='word_1_168' title='bbox 948 1392 1044 1448; x_wconf 91' lang='lat' dir='ltr'>ipso</span> <span class='ocrx_word' id='word_1_169' title='bbox 1066 1391 1265 1446; x_wconf 87' lang='lat' dir='ltr'>Platone,</span> <span class='ocrx_word' id='word_1_170' title='bbox 1292 1392 1409 1448; x_wconf 88' lang='lat' dir='ltr'>apud</span> 
     </span>
     <span class='ocr_line' id='line_1_23' title="bbox 63 1445 1412 1504; baseline 0.003 -18"><span class='ocrx_word' id='word_1_171' title='bbox 63 1459 190 1500; x_wconf 91' lang='lat' dir='ltr'>quem</span> <span class='ocrx_word' id='word_1_172' title='bbox 219 1445 307 1488; x_wconf 88' lang='lat' dir='ltr'>fere</span> <span class='ocrx_word' id='word_1_173' title='bbox 336 1447 686 1489; x_wconf 88' lang='lat' dir='ltr'>transmittuntur</span> <span class='ocrx_word' id='word_1_174' title='bbox 716 1448 914 1501; x_wconf 89' lang='lat' dir='ltr'>silentio,</span> <span class='ocrx_word' id='word_1_175' title='bbox 949 1464 1058 1504; x_wconf 86' lang='lat' dir='ltr'>quae</span> <span class='ocrx_word' id='word_1_176' title='bbox 1104 1449 1269 1491; x_wconf 87' lang='lat' dir='ltr'>altioris</span> <span class='ocrx_word' id='word_1_177' title='bbox 1309 1455 1412 1491; x_wconf 88' lang='lat' dir='ltr'>sunt</span> 
     </span>
     <span class='ocr_line' id='line_1_24' title="bbox 61 1501 1413 1562; baseline 0.004 -20"><span class='ocrx_word' id='word_1_178' title='bbox 61 1501 292 1559; x_wconf 85' lang='lat' dir='ltr'>indaginis,</span> <span class='ocrx_word' id='word_1_179' title='bbox 336 1503 440 1545; x_wconf 88' lang='lat' dir='ltr'>licet</span> <span class='ocrx_word' id='word_1_180' title='bbox 482 1504 555 1559; x_wconf 86' lang='lat' dir='ltr'>qui</span> <span class='ocrx_word' id='word_1_181' title='bbox 585 1505 802 1547; x_wconf 87' lang='lat' dir='ltr'>interioris</span> <span class='ocrx_word' id='word_1_182' title='bbox 844 1505 1145 1562; x_wconf 83' lang='lat' dir='ltr'>philosophiae</span> <span class='ocrx_word' id='word_1_183' title='bbox 1174 1506 1413 1562; x_wconf 88' lang='lat' dir='ltr'>penetralia</span> 
     </span>
     <span class='ocr_line' id='line_1_25' title="bbox 62 1557 1410 1617; baseline 0.004 -18"><span class='ocrx_word' id='word_1_184' title='bbox 62 1557 314 1615; x_wconf 82' lang='lat' dir='ltr'>introgressi</span> <span class='ocrx_word' id='word_1_185' title='bbox 344 1560 454 1615; x_wconf 87' lang='lat' dir='ltr'>sint,</span> <span class='ocrx_word' id='word_1_186' title='bbox 498 1560 550 1602; x_wconf 90' lang='lat' dir='ltr'>de</span> <span class='ocrx_word' id='word_1_187' title='bbox 580 1562 633 1603; x_wconf 90' lang='lat' dir='ltr'>iis</span> <span class='ocrx_word' id='word_1_188' title='bbox 663 1562 818 1603; x_wconf 87' lang='lat' dir='ltr'>leniter</span> <span class='ocrx_word' id='word_1_189' title='bbox 850 1563 973 1617; x_wconf 85' lang='lat' dir='ltr'>quasi</span> <span class='ocrx_word' id='word_1_190' title='bbox 1003 1568 1132 1617; x_wconf 84' lang='lat' dir='ltr'>atque</span> <span class='ocrx_word' id='word_1_191' title='bbox 1164 1563 1304 1605; x_wconf 88' lang='lat' dir='ltr'>obiter</span> <span class='ocrx_word' id='word_1_192' title='bbox 1334 1563 1410 1604; x_wconf 89' lang='lat' dir='ltr'>ad-</span> 
     </span>
     <span class='ocr_line' id='line_1_26' title="bbox 62 1616 1411 1675; baseline 0.003 -18"><span class='ocrx_word' id='word_1_193' title='bbox 62 1621 327 1657; x_wconf 88' lang='lat' dir='ltr'>moneantur.</span> <span class='ocrx_word' id='word_1_194' title='bbox 385 1616 455 1658; x_wconf 88' lang='lat' dir='ltr'>Ita</span> <span class='ocrx_word' id='word_1_195' title='bbox 487 1618 599 1659; x_wconf 88' lang='lat' dir='ltr'>enim</span> <span class='ocrx_word' id='word_1_196' title='bbox 640 1618 708 1659; x_wconf 91' lang='lat' dir='ltr'>De</span> <span class='ocrx_word' id='word_1_197' title='bbox 739 1618 848 1675; x_wconf 82' lang='lat' dir='ltr'>Rep.</span> <span class='ocrx_word' id='word_1_198' title='bbox 880 1619 962 1660; x_wconf 84' lang='lat' dir='ltr'>Vl.</span> <span class='ocrx_word' id='word_1_199' title='bbox 992 1635 1033 1674; x_wconf 88' lang='lat' dir='ltr'>p.</span> <span class='ocrx_word' id='word_1_200' title='bbox 1067 1620 1162 1660; x_wconf 81' lang='lat'>506.</span> <span class='ocrx_word' id='word_1_201' title='bbox 1205 1620 1263 1661; x_wconf 92' lang='lat' dir='ltr'>D.</span> <span class='ocrx_word' id='word_1_202' title='bbox 1306 1620 1411 1674; x_wconf 88' lang='lat' dir='ltr'>quid</span> 
     </span>
     <span class='ocr_line' id='line_1_27' title="bbox 62 1672 1410 1732; baseline 0.003 -19"><span class='ocrx_word' id='word_1_203' title='bbox 62 1672 224 1714; x_wconf 91' lang='lat' dir='ltr'>bonum</span> <span class='ocrx_word' id='word_1_204' title='bbox 263 1688 341 1728; x_wconf 89' lang='lat' dir='ltr'>per</span> <span class='ocrx_word' id='word_1_205' title='bbox 379 1688 424 1715; x_wconf 91' lang='lat' dir='ltr'>se</span> <span class='ocrx_word' id='word_1_206' title='bbox 463 1681 704 1730; x_wconf 87' lang='lat' dir='ltr'>spectatum</span> <span class='ocrx_word' id='word_1_207' title='bbox 745 1678 825 1729; x_wconf 88' lang='lat' dir='ltr'>sit,</span> <span class='ocrx_word' id='word_1_208' title='bbox 875 1676 1126 1731; x_wconf 85' lang='lat' dir='ltr'>neutiquam</span> <span class='ocrx_word' id='word_1_209' title='bbox 1165 1677 1410 1732; x_wconf 83' lang='lat' dir='ltr'>exponitur,</span> 
     </span>
     <span class='ocr_line' id='line_1_28' title="bbox 67 1728 1408 1788; baseline 0.004 -19"><span class='ocrx_word' id='word_1_210' title='bbox 67 1728 145 1770; x_wconf 88' lang='lat' dir='ltr'>sed</span> <span class='ocrx_word' id='word_1_211' title='bbox 174 1729 390 1771; x_wconf 87' lang='lat' dir='ltr'>indicatur</span> <span class='ocrx_word' id='word_1_212' title='bbox 418 1736 584 1773; x_wconf 88' lang='lat' dir='ltr'>tantum</span> <span class='ocrx_word' id='word_1_213' title='bbox 613 1732 800 1788; x_wconf 81' lang='lat' dir='ltr'>imagine</span> <span class='ocrx_word' id='word_1_214' title='bbox 830 1732 893 1773; x_wconf 90' lang='lat' dir='ltr'>rei</span> <span class='ocrx_word' id='word_1_215' title='bbox 923 1733 1157 1774; x_wconf 88' lang='lat' dir='ltr'>consimilis</span> <span class='ocrx_word' id='word_1_216' title='bbox 1198 1732 1408 1788; x_wconf 87' lang='lat' dir='ltr'>adhibita,</span> 
     </span>
     <span class='ocr_line' id='line_1_29' title="bbox 65 1789 1409 1846; baseline 0.004 -20"><span class='ocrx_word' id='word_1_217' title='bbox 65 1800 197 1840; x_wconf 90' lang='lat' dir='ltr'>quum</span> <span class='ocrx_word' id='word_1_218' title='bbox 223 1798 369 1828; x_wconf 87' lang='lat' dir='ltr'>tamen</span> <span class='ocrx_word' id='word_1_219' title='bbox 401 1802 453 1828; x_wconf 78' lang='lat' dir='ltr'>ex</span> <span class='ocrx_word' id='word_1_220' title='bbox 491 1789 729 1831; x_wconf 84' lang='lat' dir='ltr'>Aristotele</span> <span class='ocrx_word' id='word_1_221' title='bbox 770 1799 1035 1845; x_wconf 86' lang='lat' dir='ltr'>compertum</span> <span class='ocrx_word' id='word_1_222' title='bbox 1075 1789 1285 1831; x_wconf 84' lang='lat' dir='ltr'>habeatur</span> <span class='ocrx_word' id='word_1_223' title='bbox 1313 1790 1409 1846; x_wconf 91' lang='lat' dir='ltr'>phi-</span> 
     </span>
     <span class='ocr_line' id='line_1_30' title="bbox 63 1841 1410 1901; baseline 0.004 -18"><span class='ocrx_word' id='word_1_224' title='bbox 63 1841 293 1898; x_wconf 90' lang='lat' dir='ltr'>losophum</span> <span class='ocrx_word' id='word_1_225' title='bbox 323 1843 368 1885; x_wconf 90' lang='lat' dir='ltr'>in</span> <span class='ocrx_word' id='word_1_226' title='bbox 397 1844 557 1887; x_wconf 91' lang='lat' dir='ltr'>scholis</span> <span class='ocrx_word' id='word_1_227' title='bbox 591 1846 889 1901; x_wconf 85' lang='lat' dir='ltr'>quaestionem</span> <span class='ocrx_word' id='word_1_228' title='bbox 921 1845 975 1888; x_wconf 86' lang='lat' dir='ltr'>de</span> <span class='ocrx_word' id='word_1_229' title='bbox 1006 1846 1120 1888; x_wconf 91' lang='lat' dir='ltr'>bono</span> <span class='ocrx_word' id='word_1_230' title='bbox 1162 1847 1222 1888; x_wconf 89' lang='lat' dir='ltr'>ita</span> <span class='ocrx_word' id='word_1_231' title='bbox 1251 1853 1410 1889; x_wconf 88' lang='lat' dir='ltr'>tracta-</span> 
     </span>
     <span class='ocr_line' id='line_1_31' title="bbox 64 1899 1410 1960; baseline 0.004 -20"><span class='ocrx_word' id='word_1_232' title='bbox 64 1899 207 1954; x_wconf 88' lang='lat' dir='ltr'>visse,</span> <span class='ocrx_word' id='word_1_233' title='bbox 239 1906 288 1942; x_wconf 90' lang='lat' dir='ltr'>ut</span> <span class='ocrx_word' id='word_1_234' title='bbox 317 1915 409 1942; x_wconf 87' lang='lat' dir='ltr'>eam</span> <span class='ocrx_word' id='word_1_235' title='bbox 448 1901 504 1943; x_wconf 90' lang='lat' dir='ltr'>ad</span> <span class='ocrx_word' id='word_1_236' title='bbox 541 1903 691 1944; x_wconf 83' lang='lat' dir='ltr'>ultima</span> <span class='ocrx_word' id='word_1_237' title='bbox 730 1903 944 1960; x_wconf 86' lang='lat' dir='ltr'>principia</span> <span class='ocrx_word' id='word_1_238' title='bbox 982 1918 1186 1946; x_wconf 86' lang='lat' dir='ltr'>revocare</span> <span class='ocrx_word' id='word_1_239' title='bbox 1227 1910 1410 1946; x_wconf 85' lang='lat' dir='ltr'>conatus</span> 
     </span>
     <span class='ocr_line' id='line_1_32' title="bbox 65 1955 1410 2012; baseline 0.003 -14"><span class='ocrx_word' id='word_1_240' title='bbox 65 1955 135 2010; x_wconf 89' lang='lat' dir='ltr'>sit,</span> <span class='ocrx_word' id='word_1_241' title='bbox 169 1955 221 1998; x_wconf 90' lang='lat' dir='ltr'>de</span> <span class='ocrx_word' id='word_1_242' title='bbox 250 1972 335 2012; x_wconf 89' lang='lat' dir='ltr'>quo</span> <span class='ocrx_word' id='word_1_243' title='bbox 363 1974 403 1999; x_wconf 92' lang='lat' dir='ltr'>v.</span> <span class='ocrx_word' id='word_1_244' title='bbox 434 1960 676 2002; x_wconf 88' lang='lat' dir='ltr'>Aristot.</span> <span class='ocrx_word' id='word_1_245' title='bbox 708 1960 778 2002; x_wconf 88' lang='lat' dir='ltr'>De</span> <span class='ocrx_word' id='word_1_246' title='bbox 809 1960 936 2001; x_wconf 86' lang='lat' dir='ltr'>anim.</span> <span class='ocrx_word' id='word_1_247' title='bbox 969 1960 1005 2002; x_wconf 92' lang='lat' dir='ltr'>I.</span> <span class='ocrx_word' id='word_1_248' title='bbox 1038 1961 1076 2002; x_wconf 74' lang='lat'>2.</span> <span class='ocrx_word' id='word_1_249' title='bbox 1118 1960 1214 2002; x_wconf 82' lang='lat' dir='ltr'>coll.</span> <span class='ocrx_word' id='word_1_250' title='bbox 1246 1961 1410 2002; x_wconf 88' lang='lat' dir='ltr'>Bran-</span> 
     </span>
     <span class='ocr_line' id='line_1_33' title="bbox 66 2011 1415 2060; baseline 0.004 -6"><span class='ocrx_word' id='word_1_251' title='bbox 66 2011 153 2055; x_wconf 90' lang='lat' dir='ltr'>dis</span> <span class='ocrx_word' id='word_1_252' title='bbox 203 2018 247 2055; x_wconf 87' lang='lat' dir='ltr'>et</span> <span class='ocrx_word' id='word_1_253' title='bbox 294 2014 664 2060; x_wconf 85' lang='lat' dir='ltr'>Trendelenb.</span> <span class='ocrx_word' id='word_1_254' title='bbox 701 2017 728 2058; x_wconf 94' lang='lat' dir='ltr'>l.</span> <span class='ocrx_word' id='word_1_255' title='bbox 767 2032 802 2059; x_wconf 89' lang='lat' dir='ltr'>e.</span> <span class='ocrx_word' id='word_1_256' title='bbox 847 2017 1017 2059; x_wconf 88' lang='lat' dir='ltr'>Pariter</span> <span class='ocrx_word' id='word_1_257' title='bbox 1055 2018 1099 2058; x_wconf 86' lang='lat' dir='ltr'>in</span> <span class='ocrx_word' id='word_1_258' title='bbox 1139 2018 1318 2060; x_wconf 87' lang='lat' dir='ltr'>Timaeo</span> <span class='ocrx_word' id='word_1_259' title='bbox 1360 2018 1415 2059; x_wconf 90' lang='lat' dir='ltr'>de</span> 
     </span>
     <span class='ocr_line' id='line_1_34' title="bbox 64 2069 1416 2130; baseline 0.004 -20"><span class='ocrx_word' id='word_1_260' title='bbox 64 2069 214 2111; x_wconf 87' lang='lat' dir='ltr'>mundi</span> <span class='ocrx_word' id='word_1_261' title='bbox 242 2070 365 2127; x_wconf 86' lang='lat' dir='ltr'>sylva</span> <span class='ocrx_word' id='word_1_262' title='bbox 395 2087 445 2114; x_wconf 87' lang='lat' dir='ltr'>ac</span> <span class='ocrx_word' id='word_1_263' title='bbox 472 2074 620 2130; x_wconf 85' lang='lat' dir='ltr'>primis</span> <span class='ocrx_word' id='word_1_264' title='bbox 651 2074 872 2116; x_wconf 87' lang='lat' dir='ltr'>elementis</span> <span class='ocrx_word' id='word_1_265' title='bbox 906 2090 994 2115; x_wconf 89' lang='lat' dir='ltr'>non</span> <span class='ocrx_word' id='word_1_266' title='bbox 1025 2074 1147 2116; x_wconf 88' lang='lat' dir='ltr'>aliter</span> <span class='ocrx_word' id='word_1_267' title='bbox 1175 2075 1259 2116; x_wconf 89' lang='lat' dir='ltr'>nisi</span> <span class='ocrx_word' id='word_1_268' title='bbox 1291 2075 1416 2116; x_wconf 88' lang='lat' dir='ltr'>fabu-</span> 
     </span>
     <span class='ocr_line' id='line_1_35' title="bbox 64 2125 1416 2187; baseline 0.004 -20"><span class='ocrx_word' id='word_1_269' title='bbox 64 2125 155 2168; x_wconf 87' lang='lat' dir='ltr'>lose</span> <span class='ocrx_word' id='word_1_270' title='bbox 184 2128 412 2183; x_wconf 87' lang='lat' dir='ltr'>exponitur</span> <span class='ocrx_word' id='word_1_271' title='bbox 440 2137 592 2186; x_wconf 87' lang='lat' dir='ltr'>utpote</span> <span class='ocrx_word' id='word_1_272' title='bbox 623 2130 676 2172; x_wconf 88' lang='lat' dir='ltr'>de</span> <span class='ocrx_word' id='word_1_273' title='bbox 721 2146 767 2172; x_wconf 90' lang='lat' dir='ltr'>re</span> <span class='ocrx_word' id='word_1_274' title='bbox 807 2131 1097 2187; x_wconf 82' lang='lat' dir='ltr'>experientiae</span> <span class='ocrx_word' id='word_1_275' title='bbox 1138 2132 1334 2173; x_wconf 86' lang='lat' dir='ltr'>subiecta</span> <span class='ocrx_word' id='word_1_276' title='bbox 1373 2138 1416 2172; x_wconf 88' lang='lat' dir='ltr'>et</span> 
     </span>
     <span class='ocr_line' id='line_1_36' title="bbox 67 2181 1418 2243; baseline 0.005 -21"><span class='ocrx_word' id='word_1_277' title='bbox 67 2181 123 2223; x_wconf 88' lang='lat' dir='ltr'>ad</span> <span class='ocrx_word' id='word_1_278' title='bbox 149 2198 279 2224; x_wconf 87' lang='lat' dir='ltr'>unam</span> <span class='ocrx_word' id='word_1_279' title='bbox 310 2185 558 2240; x_wconf 88' lang='lat' dir='ltr'>opinionem</span> <span class='ocrx_word' id='word_1_280' title='bbox 589 2187 767 2243; x_wconf 70' lang='grc' dir='ltr'>(δόξαν)</span> <span class='ocrx_word' id='word_1_281' title='bbox 798 2188 1070 2243; x_wconf 81' lang='lat' dir='ltr'>pertinente3</span> <span class='ocrx_word' id='word_1_282' title='bbox 1117 2203 1270 2229; x_wconf 90' lang='lat' dir='ltr'>verum</span> <span class='ocrx_word' id='word_1_283' title='bbox 1298 2187 1418 2230; x_wconf 87' lang='lat' dir='ltr'>istud</span> 
     </span>
     <span class='ocr_line' id='line_1_37' title="bbox 66 2237 1414 2298; baseline 0.005 -19"><span class='ocrx_word' id='word_1_284' title='bbox 66 2237 207 2294; x_wconf 88' lang='lat' dir='ltr'>ipsum</span> <span class='ocrx_word' id='word_1_285' title='bbox 239 2250 537 2297; x_wconf 85' lang='lat' dir='ltr'>argumentum</span> <span class='ocrx_word' id='word_1_286' title='bbox 567 2261 656 2287; x_wconf 90' lang='lat' dir='ltr'>non</span> <span class='ocrx_word' id='word_1_287' title='bbox 687 2244 950 2287; x_wconf 87' lang='lat' dir='ltr'>dubitabunt</span> <span class='ocrx_word' id='word_1_288' title='bbox 980 2244 1084 2298; x_wconf 86' lang='lat' dir='ltr'>quin</span> <span class='ocrx_word' id='word_1_289' title='bbox 1125 2244 1249 2285; x_wconf 86' lang='lat' dir='ltr'>aliter</span> <span class='ocrx_word' id='word_1_290' title='bbox 1278 2245 1414 2287; x_wconf 88' lang='lat' dir='ltr'>multo</span> 
     </span>
     <span class='ocr_line' id='line_1_38' title="bbox 68 2295 1414 2358; baseline 0.006 -23"><span class='ocrx_word' id='word_1_291' title='bbox 68 2309 94 2335; x_wconf 86' lang='lat' dir='ltr'>a</span> <span class='ocrx_word' id='word_1_292' title='bbox 121 2295 378 2353; x_wconf 91' lang='lat' dir='ltr'>philosopho</span> <span class='ocrx_word' id='word_1_293' title='bbox 409 2300 454 2342; x_wconf 91' lang='lat' dir='ltr'>in</span> <span class='ocrx_word' id='word_1_294' title='bbox 484 2301 644 2344; x_wconf 88' lang='lat' dir='ltr'>scholis</span> <span class='ocrx_word' id='word_1_295' title='bbox 675 2301 731 2343; x_wconf 88' lang='lat' dir='ltr'>sit</span> <span class='ocrx_word' id='word_1_296' title='bbox 758 2301 1038 2354; x_wconf 88' lang='lat' dir='ltr'>illustratum,</span> <span class='ocrx_word' id='word_1_297' title='bbox 1081 2301 1155 2355; x_wconf 89' lang='lat' dir='ltr'>qui</span> <span class='ocrx_word' id='word_1_298' title='bbox 1185 2302 1296 2343; x_wconf 87' lang='lat' dir='ltr'>bene</span> <span class='ocrx_word' id='word_1_299' title='bbox 1318 2317 1414 2358; x_wconf 87' lang='lat' dir='ltr'>per-</span> 
     </span>
     <span class='ocr_line' id='line_1_39' title="bbox 67 2351 1415 2415; baseline 0.007 -24"><span class='ocrx_word' id='word_1_300' title='bbox 67 2351 295 2405; x_wconf 87' lang='lat' dir='ltr'>penderint</span> <span class='ocrx_word' id='word_1_301' title='bbox 314 2354 387 2396; x_wconf 84' lang='lat' dir='ltr'>illa</span> <span class='ocrx_word' id='word_1_302' title='bbox 404 2358 700 2400; x_wconf 86' lang='lat' dir='ltr'>Aristotel.</span> <span class='ocrx_word' id='word_1_303' title='bbox 731 2358 906 2415; x_wconf 84' lang='lat' dir='ltr'>Physic.</span> <span class='ocrx_word' id='word_1_304' title='bbox 927 2357 1007 2400; x_wconf 87' lang='lat' dir='ltr'>IV.</span> <span class='ocrx_word' id='word_1_305' title='bbox 1031 2358 1071 2400; x_wconf 85' lang='lat'>5.</span> <span class='ocrx_word' id='word_1_306' title='bbox 1105 2359 1174 2400; x_wconf 84' lang='lat' dir='ltr'>Ac</span> <span class='ocrx_word' id='word_1_307' title='bbox 1197 2359 1415 2414; x_wconf 86' lang='lat' dir='ltr'>pertinent</span> 
     </span>
     <span class='ocr_line' id='line_1_40' title="bbox 68 2407 1415 2467; baseline 0.007 -19"><span class='ocrx_word' id='word_1_308' title='bbox 68 2407 154 2449; x_wconf 86' lang='lat' dir='ltr'>huc</span> <span class='ocrx_word' id='word_1_309' title='bbox 195 2409 320 2450; x_wconf 82' lang='lat' dir='ltr'>etiam</span> <span class='ocrx_word' id='word_1_310' title='bbox 359 2427 468 2467; x_wconf 86' lang='lat' dir='ltr'>quae</span> <span class='ocrx_word' id='word_1_311' title='bbox 507 2414 560 2457; x_wconf 89' lang='lat' dir='ltr'>de</span> <span class='ocrx_word' id='word_1_312' title='bbox 600 2415 795 2457; x_wconf 87' lang='lat' dir='ltr'>doctrina</span> <span class='ocrx_word' id='word_1_313' title='bbox 836 2414 1031 2456; x_wconf 89' lang='lat' dir='ltr'>idearum</span> <span class='ocrx_word' id='word_1_314' title='bbox 1072 2413 1342 2457; x_wconf 85' lang='lat' dir='ltr'>disseruntur</span> <span class='ocrx_word' id='word_1_315' title='bbox 1371 2417 1415 2457; x_wconf 88' lang='lat' dir='ltr'>in</span> 
     </span>
     <span class='ocr_line' id='line_1_41' title="bbox 70 2464 1413 2526; baseline 0.002 -15"><span class='ocrx_word' id='word_1_316' title='bbox 70 2464 353 2521; x_wconf 71' lang='lat' dir='ltr'>parmenide,</span> <span class='ocrx_word' id='word_1_317' title='bbox 386 2485 495 2524; x_wconf 90' lang='lat' dir='ltr'>quae</span> <span class='ocrx_word' id='word_1_318' title='bbox 535 2472 637 2513; x_wconf 89' lang='lat' dir='ltr'>lieet</span> <span class='ocrx_word' id='word_1_319' title='bbox 667 2471 943 2514; x_wconf 86' lang='lat' dir='ltr'>subtilissime</span> <span class='ocrx_word' id='word_1_320' title='bbox 976 2471 1061 2513; x_wconf 86' lang='lat' dir='ltr'>sint</span> <span class='ocrx_word' id='word_1_321' title='bbox 1098 2478 1305 2526; x_wconf 84' lang='lat' dir='ltr'>tractata,</span> <span class='ocrx_word' id='word_1_322' title='bbox 1348 2479 1413 2514; x_wconf 87' lang='lat' dir='ltr'>ta-</span> 
     </span>
     <span class='ocr_line' id='line_1_42' title="bbox 68 2522 1415 2585; baseline 0.006 -23"><span class='ocrx_word' id='word_1_323' title='bbox 68 2536 171 2562; x_wconf 90' lang='lat' dir='ltr'>men</span> <span class='ocrx_word' id='word_1_324' title='bbox 202 2536 227 2562; x_wconf 88' lang='lat' dir='ltr'>a</span> <span class='ocrx_word' id='word_1_325' title='bbox 258 2522 429 2568; x_wconf 87' lang='lat' dir='ltr'>scholae</span> <span class='ocrx_word' id='word_1_326' title='bbox 468 2544 588 2570; x_wconf 89' lang='lat' dir='ltr'>more</span> <span class='ocrx_word' id='word_1_327' title='bbox 629 2535 671 2570; x_wconf 90' lang='lat' dir='ltr'>et</span> <span class='ocrx_word' id='word_1_328' title='bbox 709 2527 1021 2570; x_wconf 80' lang='lat' dir='ltr'>consuetudine</span> <span class='ocrx_word' id='word_1_329' title='bbox 1050 2528 1252 2571; x_wconf 87' lang='lat' dir='ltr'>recedere</span> <span class='ocrx_word' id='word_1_330' title='bbox 1281 2529 1415 2585; x_wconf 89' lang='lat' dir='ltr'>pluri-</span> 
     </span>
     <span class='ocr_line' id='line_1_43' title="bbox 68 2578 1414 2642; baseline 0.006 -23"><span class='ocrx_word' id='word_1_331' title='bbox 68 2593 187 2642; x_wconf 76' lang='lat' dir='ltr'>mum</span> <span class='ocrx_word' id='word_1_332' title='bbox 216 2578 342 2620; x_wconf 82' lang='lat' dir='ltr'>facile</span> <span class='ocrx_word' id='word_1_333' title='bbox 372 2582 451 2625; x_wconf 90' lang='lat' dir='ltr'>tibi</span> <span class='ocrx_word' id='word_1_334' title='bbox 480 2585 742 2640; x_wconf 84' lang='lat' dir='ltr'>persuadeas</span> <span class='ocrx_word' id='word_1_335' title='bbox 772 2585 894 2627; x_wconf 89' lang='lat' dir='ltr'>lectis</span> <span class='ocrx_word' id='word_1_336' title='bbox 923 2585 1000 2639; x_wconf 85' lang='lat' dir='ltr'>iis,</span> <span class='ocrx_word' id='word_1_337' title='bbox 1048 2601 1158 2641; x_wconf 90' lang='lat' dir='ltr'>quae</span> <span class='ocrx_word' id='word_1_338' title='bbox 1192 2602 1216 2627; x_wconf 87' lang='lat' dir='ltr'>a</span> <span class='ocrx_word' id='word_1_339' title='bbox 1247 2586 1414 2627; x_wconf 88' lang='lat' dir='ltr'>Bran-</span> 
     </span>
     <span class='ocr_line' id='line_1_44' title="bbox 70 2632 1416 2699; baseline 0.007 -25"><span class='ocrx_word' id='word_1_340' title='bbox 70 2632 219 2676; x_wconf 78' lang='lat' dir='ltr'>dislo</span> <span class='ocrx_word' id='word_1_341' title='bbox 253 2640 296 2676; x_wconf 81' lang='lat' dir='ltr'>et</span> <span class='ocrx_word' id='word_1_342' title='bbox 325 2636 848 2699; x_wconf 86' lang='lat' dir='ltr'>Trendelenburgio</span> <span class='ocrx_word' id='word_1_343' title='bbox 891 2641 944 2683; x_wconf 88' lang='lat' dir='ltr'>de</span> <span class='ocrx_word' id='word_1_344' title='bbox 982 2641 1175 2684; x_wconf 87' lang='lat' dir='ltr'>idearum</span> <span class='ocrx_word' id='word_1_345' title='bbox 1221 2642 1416 2685; x_wconf 84' lang='lat' dir='ltr'>doctrina</span> 
     </span>
     <span class='ocr_line' id='line_1_45' title="bbox 71 2691 1413 2756; baseline 0.007 -25"><span class='ocrx_word' id='word_1_346' title='bbox 71 2705 96 2731; x_wconf 83' lang='lat' dir='ltr'>a</span> <span class='ocrx_word' id='word_1_347' title='bbox 126 2691 309 2734; x_wconf 87' lang='lat' dir='ltr'>Platone</span> <span class='ocrx_word' id='word_1_348' title='bbox 340 2693 395 2736; x_wconf 77' lang='lat' dir='ltr'>ad</span> <span class='ocrx_word' id='word_1_349' title='bbox 420 2697 633 2755; x_wconf 87' lang='lat' dir='ltr'>principia</span> <span class='ocrx_word' id='word_1_350' title='bbox 676 2714 755 2740; x_wconf 87' lang='lat' dir='ltr'>sua</span> <span class='ocrx_word' id='word_1_351' title='bbox 792 2705 995 2741; x_wconf 85' lang='lat' dir='ltr'>revocata</span> <span class='ocrx_word' id='word_1_352' title='bbox 1036 2699 1257 2756; x_wconf 86' lang='lat' dir='ltr'>disputata</span> <span class='ocrx_word' id='word_1_353' title='bbox 1300 2706 1413 2742; x_wconf 87' lang='lat' dir='ltr'>sunt.</span> 
     </span>
    </p>
   </div>
  </div>
 </body>
</html>
