1687 2969
480 186 552 223 AD
583 184 827 223 GORGIAM
856 185 1127 222 PLATONIS.
1431 189 1479 222 21

135 299 237 336 unde
267 300 306 336 et
334 298 418 336 aliis
454 311 586 348 sapere
614 297 804 335 videberis
832 301 871 334 et
899 297 1086 346 percipies
1110 297 1291 335 utilitatis
1318 298 1487 335 fructum

134 355 402 403 largissimum.
433 356 475 392 P.
507 358 598 392 482.
630 355 671 391 B.
702 376 757 380 —-
787 357 878 390 486.
910 354 949 390 C.

176 435 177 438 =
218 412 326 449 Haec
356 416 560 462 postquam
578 411 751 448 Callicles
781 409 984 459 peroravit,
1015 410 1188 447 Socrates
1209 410 1388 447 simulata
1418 422 1484 459 pro

134 481 238 505 more
267 481 336 505 suo
366 467 568 505 inscientia
606 468 753 504 urbana
793 479 879 503 cum
917 466 1092 503 irrisione
1131 468 1178 503 ab
1211 480 1254 503 eo
1284 466 1400 515 petit,
1442 470 1488 503 ut

135 525 227 575 quid
256 524 351 561 illud
381 525 441 570 sit,
473 524 533 561 cui
563 524 715 561 studere
746 524 902 567 debeat,
942 526 979 559 et
1009 535 1086 572 qua
1113 523 1261 560 ratione
1290 523 1330 559 id
1359 522 1485 570 ipsum

134 581 184 619 sit
214 585 469 626 assecuturus,
500 581 655 617 edocere
685 579 790 617 velit.
834 580 936 616 Ante
959 579 1085 615 onmia
1114 592 1205 615 vero
1236 579 1368 615 audire
1389 579 1486 624 vult,

134 638 321 688 quomodo
350 637 446 674 illud
476 637 525 674 sit
553 636 865 683 intelligendum,
897 636 999 685 quod
1029 636 1181 672 dixerat
1209 635 1396 679 Callicles,
1428 648 1485 671 se-

133 694 302 730 cundum
330 697 508 731 naturam
538 690 653 740 (κατὰ
684 706 707 743 ‘l
720 689 819 739 146111)
850 692 1045 728 meliorem
1074 691 1261 740 imperare
1291 691 1486 740 peioribus

134 754 250 800 atque
279 750 365 799 plus
394 749 489 786 iuris
527 749 668 786 habere
708 748 1026 797 praestantiorem
1054 748 1200 785 viliore.
1242 749 1283 784 P.
1316 751 1407 784 486.
1438 747 1484 784 D.

133 828 189 832 ——
219 810 310 843 488.
341 807 383 843 Β.
434 807 559 854 Rogat
588 805 717 853 igitur,
749 819 842 842 num
873 804 1068 841 meliorem
1102 809 1140 842 et
1169 803 1487 853 praestantiorem

133 863 299 911 intelligi
328 862 495 901 voluerit
522 862 839 900 validiorem.
880 861 1059 898 Affirmat
1090 861 1162 897 hoc
1182 860 1367 898 Callicles.
1412 860 1485 896 Sed

134 920 242 957 brevi
272 920 319 956 ad
349 919 557 956 absurdum
597 919 803 964 deductus,
843 922 993 955 mutata
1022 917 1234 962 sententia,
1275 917 1486 966 pruden-

134 976 294 1013 tiores
332 975 424 1012 dicit
459 975 653 1020 meliores,
694 988 788 1024 quos
819 974 873 1011 ait
902 978 1061 1011 naturae
1092 974 1175 1010 iure
1205 973 1409 1022 imperium
1447 973 1485 1009 in

134 1032 342 1070 deteriores
372 1044 559 1069 exercere.
601 1032 674 1068 Sed
695 1031 756 1068 hic
787 1044 939 1081 quoque
971 1030 1149 1079 captiosis
1172 1030 1339 1066 Socratis
1370 1029 1487 1066 inter-

133 1088 407 1137 rogatiunculis
438 1088 721 1125 circumventus
760 1100 849 1124 mox
877 1087 1023 1124 fatetur
1061 1100 1100 1123 se
1138 1086 1314 1123 meliores
1343 1085 1486 1122 dixisse

135 1157 219 1191 eos,
259 1145 325 1195 qui
363 1145 404 1181 in
443 1146 592 1182 rebus
631 1143 858 1193 publicis
898 1143 1138 1191 gerendis
1178 1145 1339 1180 fortes
1381 1142 1486 1179 sint

135 1214 188 1238 ac
216 1202 514 1250 prudentes,
546 1204 662 1251 atque
693 1200 890 1238 contendit
910 1203 1071 1237 naturae
1101 1199 1159 1235 ius
1189 1200 1261 1235 hoc
1280 1198 1486 1247 postulare,

133 1261 178 1296 ut
205 1258 247 1294 hi
279 1257 415 1295 ceteris
453 1258 642 1306 imperent
682 1257 843 1307 aliisque
882 1256 969 1305 plus
1008 1257 1187 1293 habeant.
1246 1256 1287 1292 P.
1322 1258 1412 1292 488.
1444 1255 1486 1291 B.

133 1336 188 1340 ——
219 1317 310 1351 491.
340 1314 387 1351 D.
446 1313 554 1354 Quae
582 1320 786 1364 postquam
819 1314 992 1349 Socrates
1027 1312 1187 1354 audivit,
1219 1311 1399 1348 continuo
1430 1311 1486 1347 in-

133 1374 322 1419 terrogat,
360 1383 409 1407 an
439 1384 516 1407 non
544 1370 609 1408 isti
639 1374 677 1407 et
707 1370 778 1407 sibi
809 1369 965 1419 suisque
995 1369 1271 1417 cupiditatibus
1301 1368 1487 1416 imperare

134 1440 177 1465 ac
214 1430 472 1476 temperantes
511 1440 593 1465 esse
634 1427 808 1464 debeant.
868 1427 929 1462 Ad
970 1439 1085 1475 quam
1121 1425 1385 1476 quaestionem
1424 1424 1488 1460 ille

135 1484 190 1521 sic
218 1484 434 1533 respondet,
464 1489 509 1520 ut
537 1483 708 1533 deposito
739 1482 840 1520 omni
871 1483 1014 1531 pudore
1045 1482 1214 1519 cuiusvis
1235 1480 1488 1530 turpitudinis

135 1540 389 1590 patrocinium
417 1540 610 1588 suscipiat.

221 1652 289 1690 Ait
318 1652 420 1689 enim
438 1651 515 1689 iam
546 1664 634 1688 011111
654 1653 807 1689 demum
827 1663 910 1687 esse
932 1651 1073 1687 bonum
1094 1651 1328 1699 beatumque
1348 1648 1486 1693 virum,

137 1708 203 1759 qui
242 1712 281 1746 et
318 1710 459 1746 habeat
489 1708 718 1757 cupiditates
758 1712 946 1758 quantum
975 1705 1095 1755 possit
1123 1706 1310 1742 maximas
1350 1712 1389 1742 et
1425 1718 1488 1741 eas

136 1765 192 1803 ita
221 1770 338 1815 queat
367 1765 541 1814 explere,
572 1765 689 1801 nullis
719 1768 763 1801 ut
792 1763 940 1811 legibus
972 1768 1199 1799 coerceatur.
1258 1763 1357 1799 Nam
1388 1774 1487 1811 quae

135 1822 182 1859 de
203 1821 363 1868 iustitia,
394 1821 660 1870 temperantia,
692 1820 776 1857 aliis
796 1820 1018 1864 virtutibus,
1048 1819 1165 1866 vulgo
1192 1818 1487 1867 praecipiantur,

137 1891 182 1915 ea
221 1878 350 1915 deberi
387 1877 648 1915 multitudinis
689 1876 962 1921 imbecillitati,
1014 1888 1112 1925 quae
1152 1875 1221 1911 has
1261 1876 1364 1922 leges
1403 1874 1488 1911 ideo

136 1934 288 1980 tulerit,
328 1937 373 1971 ut
400 1934 574 1971 homines
604 1934 757 1982 ingenio
788 1946 831 1970 ac
859 1932 1086 1970 fortitudine
1116 1935 1356 1980 praestantes
1387 1934 1488 1967 certe

137 1990 380 2041 aliquatenus
420 1994 693 2028 coercerentur.
762 1991 844 2026 Imo
884 1988 1097 2033 luxuriem,
1139 1987 1487 2036 intemperantiam,

136 2047 361 2084 indomitam
389 2046 541 2097 quidvis
581 2047 717 2094 agendi
754 2045 968 2090 licentiam,
1008 2045 1117 2081 firmo
1146 2044 1334 2093 praesidio
1364 2042 1489 2079 muni-

137 2108 236 2149 tam,
277 2116 361 2140 eam
398 2104 551 2140 demum
600 2116 683 2140 esse
720 2102 905 2140 virtutem
947 2101 1145 2150 vitamque
1194 2113 1285 2136 vere
1323 2101 1487 2136 beatam.

138 2160 181 2196 P.
215 2163 306 2196 491.
336 2159 382 2196 D.
422 2181 478 2185 —
518 2162 609 2196 492.
640 2160 686 2196 D.
754 2159 920 2195 Miratur
960 2157 1134 2194 Socrates
1172 2156 1339 2205 primum
1376 2155 1490 2192 istam

139 2215 214 2253 oris
242 2215 479 2261 libertatem,
520 2215 656 2252 deinde
686 2228 776 2252 vero
816 2213 1055 2262 turpissimas
1094 2212 1260 2249 hominis
1291 2211 1489 2260 opiniones

139 2272 196 2309 ita
222 2272 396 2309 refellere
436 2272 628 2317 instituit,
667 2277 712 2308 ut
751 2275 789 2308 et
819 2269 1069 2307 similitudine
1100 2269 1229 2319 aliqua
1267 2272 1401 2306 utatur
1440 2281 1490 2304 ex

112 2363 115 2367 .
140 2327 301 2365 alicujus
354 2327 571 2377 philosophi
619 2327 790 2365 doctrina
848 2327 1024 2362 desumta
1073 2329 1111 2362 et
1166 2328 1393 2372 argumenta
1442 2337 1491 2360 ex

139 2384 223 2433 ipsa
250 2384 306 2422 rei
335 2388 474 2422 natura
501 2384 666 2433 repetita
695 2384 735 2420 in
764 2382 931 2420 medium
960 2382 1106 2418 afferat.
1163 2382 1237 2418 Sed
1267 2381 1394 2430 ipsum
1424 2393 1490 2416 au-

139 2440 289 2478 diamus
319 2440 591 2490 disputantem.
613 2462 669 2466 ——
695 2439 838 2476 Misera
867 2451 970 2483 verO,
1000 2437 1139 2487 inquit,
1170 2451 1190 2474 o
1220 2437 1386 2482 Callicle,
1416 2436 1492 2473 ista

141 2496 296 2534 videtur
323 2496 417 2542 Vita,
448 2510 563 2547 quam
593 2500 635 2533 tu
656 2497 766 2532 modo
788 2494 966 2539 laudasti,
997 2498 1112 2544 atque
1142 2493 1256 2531 morti
1286 2492 1490 2538 simillima,

140 2565 267 2602 neque
296 2558 439 2590 temere
469 2553 633 2591 arbitror
671 2566 758 2589 eum
787 2550 1035 2596 iudicavisse,
1076 2550 1143 2600 qui
1183 2563 1252 2587 nos
1284 2549 1360 2586 iam
1389 2561 1493 2585 1111110

140 2613 310 2646 mortuos
340 2609 488 2646 censuit
526 2610 696 2659 adeoque
728 2621 864 2657 corpus
902 2612 1076 2644 nostrum
1115 2607 1332 2655 sepulcrum
1370 2604 1491 2641 nomi-

142 2665 262 2703 navit.
320 2666 451 2715 Atque
479 2667 639 2703 eandem
677 2666 724 2702 ob
763 2677 955 2709 caussam,
995 2663 1147 2712 opinor,
1189 2662 1306 2700 scitus
1336 2661 1492 2711 quidam

142 2721 215 2769 vir,
246 2720 397 2759 Siculus
426 2721 490 2760 vel
507 2721 679 2769 Italicus,
709 2720 863 2757 nomine
883 2719 1059 2756 nonnihil
1077 2724 1237 2765 mutato,
1269 2731 1354 2756 eam
1372 2716 1492 2755 nostri
