1687 2969
431 175 504 226 1111
535 186 777 226 0011011111
806 185 1074 223 PLATONIS.
1380 182 1429 219 47

87 303 217 354 possit.
293 301 401 342 Quae
440 301 595 352 quidem
633 298 903 348 disputationis
946 310 1032 346 pars
1072 297 1161 334 lieet
1207 295 1328 345 primo
1369 295 1433 331 ad-

87 365 219 410 spectu
248 360 295 397 ad
324 372 441 396 unam
469 361 621 396 tantum
659 355 885 393 rhetoricam
915 354 1189 391 aestimandam
1218 353 1348 390 valere
1377 351 1434 389 vi-

88 418 242 479 deatur,
282 420 411 454 tamen
440 418 546 464 patet
583 414 676 452 item
705 412 900 462 aliquanto
940 411 1066 448 latius.
1125 411 1292 447 Doeetur
1331 408 1433 446 enim

89 473 239 522 egregie
267 473 308 510 111
337 472 439 510 0111111
468 471 571 509 vitae
601 482 757 507 1111111010
787 469 960 506 obeundo
990 468 1195 505 tenendam
1233 479 1315 504 esse
1351 465 1432 504 vel-

89 530 148 568 uti
186 529 343 568 vivendi
389 532 510 566 artem
556 527 766 578 quandam,
817 539 915 575 quae
971 538 1102 561 summ
1097 537 1139 561 10
1188 522 1434 572 perfectionis

89 587 253 636 speciem
273 586 313 622 in
343 586 487 623 virtute
515 584 678 633 positam
707 587 890 632 perpetuo
910 581 1107 618 intueatur
1136 593 1256 630 eaque
1285 580 1433 617 ratione

89 644 256 693 perfecto
275 643 378 680 vitae
407 654 564 678 munere
596 653 711 690 quam
737 639 877 688 optime
908 639 1149 685 defungatur.
1190 637 1300 676 Quod
1319 649 1434 686 quam

89 714 205 763 prope
235 699 387 736 accedat
417 699 464 735 ad
491 697 721 735 sententiam
750 697 796 733 de
820 709 966 732 5111111110
995 695 1098 732 vitae
1118 695 1307 730 humanae
1337 695 1436 730 bono

91 757 131 794 in
160 755 434 806 pulcritudine,
474 753 695 805 symmetria
725 759 763 790 et
792 759 953 790 1111111(
993 748 1134 799 (κάλλει
1173 749 1234 787 καὶ
1282 750 1435 799 ξυμμε-

93 812 184 867 τρία
222 812 284 849 καὶ
326 808 511 865 difflant)
547 810 834 859 posit0,qu·1e
874 809 913 845 in
953 808 1112 845 Philebo
1141 821 1176 856 p.
1210 811 1272 843 65.
1313 806 1435 855 expli-

93 874 211 915 catur,
240 882 350 906 nemo
381 872 482 905 certe
513 868 585 905 erit
614 867 708 917 quin
738 866 853 903 semel
883 865 1051 902 monitus
1091 864 1172 913 ipse
1212 863 1323 900 facile
1355 863 1435 900 ani-

92 927 318 964 madvertat.
368 924 611 974 Quamquam
640 924 680 959 in
710 922 849 970 Gorgia
878 922 938 959 1(Ιο
942 935 985 958 ae
1014 921 1103 958 boni
1134 920 1240 957 nulla
1269 933 1433 970 usquam

94 988 161 1020 aut
189 981 416 1031 significatio
454 981 498 1018 fit
537 985 602 1018 aut
631 979 774 1017 mentio
804 979 983 1015 iniicitur.
1041 977 1247 1014 Enimvero
1287 977 1327 1013 in
1365 977 1436 1012 hoc

93 1039 247 1089 quidem
287 1051 398 1087 opere
437 1037 562 1074 omnia
601 1036 821 1085 disciplinae
853 1035 1065 1072 Socraticae
1094 1035 1266 1071 referunt
1305 1033 1438 1071 simili-

93 1096 267 1133 tudinem
294 1095 456 1132 necdum
485 1094 564 1130 ulla
583 1093 777 1130 doctrinae
799 1092 970 1129 idearum
989 1091 1233 1140 reperiuntur
1261 1090 1436 1137 vestigia,

95 1165 209 1203 quam
239 1152 348 1189 Plato
377 1150 584 1200 posteriore
615 1151 766 1187 demum
797 1154 921 1186 aetate
951 1148 1124 1186 doctrina
1144 1147 1435 1195 Megaricorum,

94 1209 353 1246 Eleaticorum
391 1213 429 1245 et
463 1207 791 1257 Pythagoreorum
832 1205 1045 1243 accuratius
1083 1205 1146 1242 vel
1187 1204 1338 1252 cognita
1376 1204 1439 1241 vel

96 1266 295 1315 explorata
323 1264 535 1302 condidisse
565 1263 728 1301 videtur.

178 1324 308 1373 Atque
337 1322 431 1358 haec
461 1320 614 1371 quidem
642 1323 700 1357 est
728 1332 876 1356 summa
905 1332 1055 1363 eorum,
1097 1331 1194 1369 quae
1224 1316 1339 1354 tertia
1367 1316 1439 1352 hae.

96 1392 246 1428 pugnae
284 1377 525 1416 contentione
556 1378 822 1414 decernuntur.
880 1375 1110 1412 Examinata
1145 1374 1246 1411 enim
1286 1378 1324 1411 et
1353 1386 1439 1409 con-

95 1435 221 1473 futata
249 1447 351 1472 nunc
379 1438 469 1472 sunt
497 1433 612 1472 etiam
641 1433 778 1481 agendi
813 1432 998 1481 principia
1026 1431 1243 1469 rhetoribus
1273 1435 1312 1468 et
1346 1429 1439 1467 viris

97 1491 273 1530 civilibus
310 1491 479 1529 novitiae
517 1490 739 1539 disciplinae
778 1489 930 1538 propria
969 1496 1005 1526 et
1048 1488 1272 1525 communia.
1340 1487 1440 1523 Nam

97 1548 262 1597 primum
292 1548 446 1598 quidem
475 1548 777 1584 demonstratum
818 1547 883 1584 est'
924 1546 1064 1593 legem,
1105 1558 1201 1595 quae
1240 1543 1441 1593 prohibeat

98 1604 338 1650 iniustitiam,
368 1604 593 1654 neutiquam
613 1617 695 1641 esse
726 1607 856 1640 contra
878 1610 1055 1639 naturam
1075 1606 1294 1651 temereque
1316 1613 1439 1647 agere,

100 1661 166 1712 qui
186 1661 394 1699 constituto
414 1661 508 1709 legis
539 1665 577 1697 et
598 1666 758 1697 naturae
779 1658 994 1696 discrimine
1024 1658 1166 1696 iniuste
1196 1663 1234 1696 et
1252 1657 1441 1695 violenter

101 1718 239 1765 agendi
276 1717 470 1755 licentiam
517 1723 757 1766 propugnent
796 1729 935 1766 eosque
980 1715 1136 1752 miseros
1182 1720 1221 1752 et
1269 1713 1441 1751 infelices

102 1788 182 1812 esse
212 1774 399 1820 dictitent,
428 1773 494 1825 qui
514 1773 656 1811 iniuste
681 1774 804 1810 facere
824 1772 957 1810 nolint.
997 1772 1145 1809 Deinde
1174 1771 1269 1808 illud
1289 1783 1441 1821 quoque

101 1835 160 1869 est
188 1830 416 1880 expositum,
446 1843 524 1867 11011
553 1843 634 1867 0550
665 1829 846 1867 lubidinis
876 1834 914 1866 et
942 1828 1152 1878 voluptatis
1183 1827 1442 1877 expletionem

101 1901 168 1937 pro
197 1901 344 1925 summo
374 1889 471 1924 bono
501 1887 730 1931 ducendam,
762 1885 986 1935 praesertim
1016 1899 1134 1936 quum
1162 1884 1373 1922 iucundum
1404 1887 1442 1921 et

103 1946 245 1982 bonum
272 1943 373 1982 inter
401 1957 440 1981 se
469 1943 582 1993 plane
621 1943 772 1981 diversa
800 1943 896 1988 sint,
937 1946 1053 1992 atque
1092 1942 1163 1979 hac
1203 1941 1288 1991 ipsa
1317 1941 1442 1978 diver-

103 2001 216 2038 sitate
247 2013 331 2038 eam
359 2000 432 2038 niti
461 2000 598 2049 agendi
633 2013 804 2036 normam
833 2003 949 2050 atque
977 1999 1169 2047 regulam,
1211 2011 1287 2049 qua
1317 1997 1444 2035 omnia

103 2058 151 2094 ad
178 2059 320 2094 bonum
348 2060 545 2108 tamquam
581 2070 771 2094 summum
809 2056 998 2093 actionum
1034 2057 1290 2092 humanarum
1327 2055 1443 2091 finem

102 2114 244 2151 referre
272 2114 481 2151 iubeamus.
538 2113 715 2164 Denique
743 2113 859 2150 etiam
888 2113 1000 2161 plane
1031 2112 1152 2150 edocti
1182 2124 1325 2157 sumus,
1354 2111 1444 2147 licet

102 2172 224 2208 bonae
242 2171 483 2219 reperiantur
502 2171 734 2219 voluptates,
766 2176 894 2207 tamen
924 2169 963 2205 in
985 2169 1125 2206 artium
1144 2168 1313 2205 omnium
1341 2167 1443 2204 ideo-

104 2240 178 2278 que
207 2227 322 2265 etiam
349 2227 561 2264 rhetoricae
591 2231 628 2264 et
657 2226 832 2275 politicae
863 2225 1136 2263 exercitatione
1160 2237 1330 2261 summae
1358 2237 1442 2273 per-

103 2283 278 2322 fectionis
307 2283 469 2333 speciem
498 2296 579 2320 0550
607 2284 870 2332 spectandam,
903 2295 1001 2332 quae
1030 2281 1242 2319 necessario
1272 2281 1444 2318 ordinem

105 2345 144 2377 et
180 2344 357 2378 ornatum
393 2340 563 2390 requirat
600 2339 762 2390 ideoque
801 2339 1054 2388 temperantia
1094 2338 1328 2388 reliquisque
1366 2337 1443 2375 vir-

105 2396 253 2434 tutibus
281 2396 492 2434 necessario
520 2396 701 2444 indigeat.
768 2394 917 2435 Quibus
947 2395 1121 2432 omnibus
1159 2395 1324 2446 denique
1353 2394 1443 2431 effe-

107 2456 211 2489 ctum
237 2452 421 2499 videmus,
449 2457 495 2490 ut
523 2453 729 2490 confutatis
760 2451 1063 2489 adversariorum
1083 2451 1324 2500 opinionibus
1345 2452 1443 2488 bene

106 2509 340 2559 honesteque
369 2509 525 2547 vivendi
554 2509 770 2558 disciplina,
800 2507 1007 2545 moralibus
1035 2509 1197 2546 fundata
1234 2507 1442 2557 principiis,

106 2565 305 2603 victoriam
331 2566 584 2614 reportavisse
613 2565 867 2602 existimanda
895 2564 955 2602 sit.

193 2622 276 2658 Iam
304 2634 394 2659 vero
422 2622 482 2658 his
517 2622 571 2660 ita
605 2621 809 2670 disputatis
847 2621 934 2657 inde
965 2634 986 2657 a
1014 2634 1049 2670 p.
1085 2624 1174 2659 513.
1204 2621 1251 2657 D.
1288 2619 1444 2657 initium

110 2678 211 2727 capit
237 2677 395 2715 tertia
425 2678 590 2727 operis
619 2691 731 2727 pars
760 2677 1020 2726 primaria,
1061 2691 1158 2728 quae
1188 2677 1305 2714 habet
1334 2689 1438 2713 con-

107 2734 402 2780 clusionem,
442 2735 582 2785 quippe
620 2748 738 2785 quum
776 2735 976 2781 doceatur,
1016 2735 1108 2785 quid
1146 2747 1195 2771 ex
1234 2733 1300 2779 iis,
1340 2745 1439 2783 quae
