1687 2969
472 169 717 207 GORGIAS.
747 171 792 208 P.
825 174 917 208 501.
950 172 1007 209 ed.
1041 172 1097 209 St.
1368 176 1442 210 261

93 274 179 318 ἔστι
221 278 354 330 μηδὲν
403 277 702 330 σκοπούμενον
752 279 799 318 τὸ
850 277 1090 330 βέλτι,στον;
1142 282 1275 321 ΚΑΛ.
1318 276 1447 333 Οἶμαι

92 339 235 394 ἔγωγε.

178 407 286 465 Cap.
317 407 460 450 LVII.
520 410 614 448 Σῼ.
646 403 791 462 ”Exere
831 405 911 449 οὖν
950 410 1105 458 εἰπεῖν,
1147 410 1304 458 αἵτινές
1342 411 1446 450 εἰσιν

89 472 134 513 αἱ
164 471 444 527 ἐπιτηδεύσεις
472 472 517 513 αἱ
543 479 669 514 τοῦτο
698 478 923 523 ποιούσαις
953 477 1138 515 Μᾶλλον
1167 473 1234 523 δέ,
1280 476 1315 515 εἰ
1345 476 1443 527 βού-

89 541 164 585 λει,
196 537 301 591 ἐμοῦ
332 535 617 590 ἐρωτῶντος,
641 539 666 591 ἢ
696 537 772 590 μὲν
802 541 856 579 ἄν
895 549 961 579 σοι
990 540 1095 592 δοκῇ·
1125 540 1291 580 τούτων
1320 555 1443 587 ειναι,

60 595 73 637 ἶ
91 604 215 654 φάθι,
247 604 272 656 ἢ
302 603 339 643 δ’
371 602 424 643 ἂν
452 603 509 656 μή
527 632 538 652 ,
568 601 624 655 μὴ
655 604 777 655 φάθι.
807 609 980 653 πρῶτον
1009 604 1053 644 δὲ
1082 606 1337 657 σκεψώμεθα
1366 620 1444 658 την

73 669 330 721 αὐλητικήν.
363 668 415 708 ού
444 668 563 708 δοκεῖ
589 678 655 708 σοι
678 669 850 720 τοιαύτη
880 683 941 715 τις
970 664 1091 708 εἶναι.
1124 671 1156 709 ὼ
1180 670 1440 717 Καλλίκλεις
1472 666 1521 724 Ε.

85 731 164 786 τὴν
191 730 354 786 ἡδονὴν
390 733 512 786 ήμῶν
551 733 687 785 μόνον
725 734 913 781 διωκειυ,
956 736 1058 774 ἄλλο
1088 731 1124 774 6⁷
1155 734 1281 775 οὐδὲν
1310 749 1441 786 φρον-
1478 732 1505 742 ”

84 797 228 847 vigeam
271 798 409 838 KAA.
442 793 623 850 ”Εμοιγε
652 798 778 839 δοκεῖ.
837 799 933 838 ΣΩ.
970 799 1145 840 Οὐκοῦν
1185 798 1256 840 καὶ
1287 799 1331 839 αἱ
1357 814 1438 840 τοι·

87 862 176 902 aiffa
227 861 409 913 ἅπασαι,
464 858 558 903 οἷον
607 863 634 916 ή
684 861 953 916 κιθαριστικὴ
999 864 1027 916 ἡ
1071 863 1117 904 ἐν
1155 867 1244 912 τοῖς
1283 864 1438 916 α’γῶσις

90 928 224 967 ΚΑΛ.
268 927 369 967 Ναί.
427 928 528 968 Σῼ.
577 928 627 968 Τί
654 926 698 968 δὲ
729 927 753 980 ἡ
782 930 868 967 τῶν
908 931 1048 980 χορῶν
1088 929 1336 970 διδασκαλία
1365 928 1440 969 καὶ

84 992 112 1045 ἡ
139 994 225 1033 τῶν
252 991 536 1045 διθυράμβων
574 993 761 1045 ποίησις;
804 993 856 1032 οὐ
896 994 1070 1047 τοιαύτη
1108 995 1169 1041 τίς
1210 1004 1277 1034 σοι
1315 1009 1438 1035 κατα-

88 1057 307 1109 (pulveream
347 1053 374 1109 ἢ
402 1057 497 1110 η’γεῐ
521 1072 561 1097 τι
598 1058 840 1109 φροντίζειν
872 1058 1084 1111 Κινησίαν
1125 1057 1200 1099 τὸν
1229 1057 1437 1112 Mae'kqtog,

151 1197 192 1229 E.
227 1196 278 1229 Τι’
299 1195 344 1228 δὲ
369 1193 388 1239 ἡ
423 1200 502 1228 τῶν
526 1196 688 1239 χορῶν]
725 1197 780 1229 δαὶ
807 1196 908 1230 vind.
935 1196 982 1238 6.,
1016 1197 1106 1239 quod
1137 1199 1266 1240 recepit
1289 1198 1436 1231 Bekker.

157 1286 380 1328 Κινησίαν
406 1284 475 1318 τὸν
501 1285 716 1328 Μέλητος]
752 1287 856 1319 Coisl.
883 1289 1043 1329 κινησίαν
1069 1288 1273 1329 φροντίζειν
1297 1286 1356 1319 τὸν
1380 1288 1435 1327 μὲ-

85 1333 193 1374 λητος.
219 1332 296 1366 Par.
322 1332 376 1364 W.
404 1329 465 1363 τὸν
490 1331 630 1374 μέλητος
657 1335 818 1374 κινησίαν
846 1344 906 1373 φρ.
932 1333 1022 1365 Flor.
1049 1333 1079 1364 d.
1106 1344 1166 1374 φρ.
1193 1336 1354 1375 κινηοίαν
1379 1332 1438 1366 τὸν

86 1380 145 1409 τοῦ
167 1375 320 1419 μέλητος.

86 1485 208 1521 εἶναι
245 1508 307 1526 —-,
341 1486 414 1532 τὴν
445 1487 503 1531 ἠδ.
530 1487 588 1531 ἡμ.
615 1501 645 1528 μ.
673 1489 727 1521 δι-

88 1533 229 1578 ω’κει7]
277 1534 473 1566 Infinitivus
504 1533 641 1566 διώκειι
672 1546 729 1566 ex-

85 1580 193 1622 plicat
231 1579 309 1611 illa:
357 1591 493 1621 τοιαυτη
541 1592 588 1613 τις
627 1575 728 1612 «effi-,at

800 1489 941 1530 δρειόυ,
974 1494 1013 1522 ut
1046 1491 1093 1522 ait
1125 1491 1165 1522 de
1199 1491 1344 1533 Republ.
1375 1491 1435 1522 ΙΙΙ,

797 1545 829 1577 p.
853 1534 928 1567 399.
955 1536 994 1567 Ε.
1027 1537 1070 1567 Et
1095 1547 1198 1577 quum
1223 1536 1385 1578 probitati
1405 1541 1439 1568 et

797 1581 915 1611 virtuti
957 1581 1045 1611 nihil
1092 1582 1201 1621 inagis
1238 1582 1438 1613 adversetur

87 1626 302 1657 Strueturam
315 1625 488 1656 illustravi
503 1624 544 1656 ad
557 1624 729 1656 Phaedon.

87 1681 120 1712 p.
145 1669 199 1703 64.
224 1669 262 1701 C.

131 1713 468 1758 ήκιθαριστικη
509 1712 528 1758 ἡ
560 1714 607 1746 ἐι
639 1719 727 1748 τοῖς

91 1757 250 1802 ἀγῶσι]
285 1760 416 1792 Sehol:
446 1757 640 1801 Αυλητικὴ]
665 1760 728 1798 μὲν

89 1808 205 1837 πᾶσαι)
229 1803 382 1846 ἐκβάλλει
406 1808 473 1836 τῶι
488 1802 616 1846 ὀρθῶν
636 1806 727 1836 πολι-

88 1854 199 1888 τειῶι,
223 1848 467 1892 κιθαριστικὴ7
484 1849 523 1882 δὲ
539 1847 582 1881 οὐ
601 1852 726 1888 πᾶσαι,

86 1893 169 1927 ἀλλὰ
202 1893 263 1938 τὴν
293 1894 333 1927 ἐν
365 1899 435 1929 τοῖς
450 1893 573 1949 α’γωοι
604 1893 727 1937 μό7ην.

86 1936 164 1972 οἶδε
187 1939 252 1983 γὰρ
289 1938 411 1993 ἄλλην,
443 1938 488 1982 ἢ7
522 1938 646 1981 σωζειι
672 1938 727 1973 τὰς

91 1987 260 2018 πολιτειας
287 1983 475 2024 πενόμικεν.
508 1986 621 2017 Dueta
643 1985 728 2016 haee

88 2040 163 2061 esse
193 2041 211 2062 e
241 2030 318 2064 libr.
350 2031 412 2063 111.
444 2030 484 2062 de
514 2029 660 2072 Republ.
695 2041 727 2072 p.

88 2073 164 2107 399.
191 2075 228 2107 C.
252 2076 385 2107 monuit
414 2076 481 2106 iam
512 2075 727 2107 Heindor-

88 2121 190 2151 fius.
238 2120 409 2152 Videlicet
432 2121 460 2152 si
484 2121 615 2152 musica
640 2117 726 2160 πρὸς

89 2163 146 2198 τὰς
171 2162 301 2207 ἡδονὰς
333 2164 445 2203 μόνον
477 2162 573 2207 ἡμῶν
606 2162 725 2205 ἀπειρ-

87 2209 250 2252 γασμένη,
269 2210 319 2241 ad
345 2214 536 2241 nostram
561 2214 724 2242 tantum

87 2255 357 2297 voluptatem
379 2259 631 2296 comparata
649 2258 725 2293 est,

86 2299 268 2332 illiberalis
283 2300 321 2332 fit
338 2310 377 2332 ea
393 2299 578 2342 disciplina
597 2304 630 2331 et
643 2304 726 2330 tam-

88 2355 191 2386 quam
224 2343 388 2387 παίγνιόι)
426 2358 452 2376 τι
489 2342 530 2376 οὐ
573 2344 725 2386 σπουδῆς

88 2387 200 2430 χάριν,
226 2389 308 2421 ἀλλὰ
333 2388 470 2423 παιδιᾶς
496 2390 617 2427 ἕνεκα,
642 2400 724 2420 non

90 2435 226 2474 serio,
263 2434 336 2466 sed
360 2435 540 2466 ludendi
572 2445 727 2466 caussa

90 2483 272 2519 tractatur,
304 2483 342 2511 ut
365 2481 412 2511 ait
433 2481 569 2512 Politic.
595 2491 627 2521 p.
652 2478 727 2511 288.

90 2525 128 2556 C.
175 2525 294 2565 Itaque
325 2525 472 2556 maxime
496 2524 653 2556 habenda
678 2529 729 2556 est

89 2569 175 2601 ratio
214 2569 469 2611 rhythmorum,
510 2571 569 2611 qui
606 2580 728 2611 pueros

91 2613 234 2646 reddant
257 2614 424 2646 meliores.
453 2615 509 2646 Illi
534 2615 598 2647 soli
623 2615 659 2645 in
685 2615 729 2645 ei-

90 2659 196 2690 vitate
221 2659 408 2700 usurpandi
439 2663 533 2700 sunt,
572 2660 630 2701 qui
662 2660 731 2690 sint

93 2704 176 2745 βίου
204 2701 335 2744 ῥυθμοὶ
361 2707 506 2744 κοσμίου
532 2716 564 2736 τε
590 2704 644 2736 καὶ
669 2702 729 2734 ἀν-

797 1636 899 1666 quam
958 1626 1194 1667 voluptatibus
1247 1626 1437 1668 indulgere,

797 1681 914 1701 omnes
939 1671 1019 1702 illae
1041 1671 1253 1710 harmoniae,
1277 1682 1364 1713 quae
1388 1672 1437 1702 vi—

796 1719 849 1746 tae
880 1715 975 1747 molli
1008 1726 1047 1747 ae
1079 1716 1271 1747 desidiosae
1306 1717 1438 1756 favent,

797 1761 961 1792 arcendae
986 1765 1066 1792 sunt
1089 1772 1152 1792 neo
1176 1761 1247 1792 ullo
1267 1761 1364 1793 modo
1390 1762 1436 1793 fe-

796 1805 933 1844 rendae,
959 1807 1025 1837 nisi
1050 1806 1079 1837 si
1103 1817 1190 1847 quae
1216 1806 1250 1837 in
1276 1805 1368 1837 bello
1393 1806 1436 1838 ad

796 1851 1030 1883 fortitudinem
1064 1855 1097 1882 et
1119 1852 1436 1893 magnanimitatem

796 1896 962 1936 incitant,
986 1897 1021 1927 in
1046 1907 1128 1938 paee
1153 1901 1267 1928 autem
1292 1896 1436 1928 suadent

797 1942 1056 1982 temperantiam
1092 1945 1125 1973 et
1156 1942 1436 1982 moderationem,

796 1990 833 2017 ut
871 1986 1012 2018 docetur
1049 1986 1089 2017 de
1129 1986 1273 2029 Republ.
1305 1988 1366 2018 ΙΙΙ.
1403 1998 1434 2028 p.

796 2029 871 2063 398.
898 2032 940 2062 D.
966 2050 1009 2055 —
1032 2030 1109 2063 399.
1133 2033 1173 2063 Ε.

848 2076 899 2108 Τί
921 2075 968 2108 δὲ
994 2074 1013 2118 ἡ
1039 2080 1121 2107 τῶν
1145 2079 1292 2117 χορῶν
1318 2076 1433 2107 διδα-

799 2120 966 2164 σκαλια]
1013 2122 1066 2152 De
1096 2121 1260 2174 loquendi
1291 2121 1355 2152 hoe
1378 2132 1435 2162 ge-

796 2175 876 2197 nere
908 2176 940 2197 v.
964 2176 995 2207 p.
1021 2165 1096 2198 502.
1121 2167 1170 2197 A:
1208 2178 1234 2197 τι
1270 2165 1307 2197 δὲ
1341 2163 1383 2218 δὴ
1416 2164 1435 2207 ἡ

796 2208 903 2252 σεμνὴ
935 2222 980 2241 αι
985 2223 1019 2252 τη
1045 2212 1098 2242 καὶ
1124 2209 1308 2252 θαυμαστὴ
1333 2208 1352 2252 ἡ
1379 2213 1435 2252 τῆς

795 2255 989 2309 τραγιιᾚδιας
1021 2258 1177 2297 ποίησις·
1212 2255 1298 2287 lbid.
1322 2256 1370 2287 A:
1406 2257 1439 2286 τί

796 2298 835 2340 δὲ
860 2298 877 2331 0‘
912 2300 1019 2343 πατὴρ
1053 2299 1158 2332 αὐτοῦ
1183 2299 1282 2342 Melan
1286 2312 1321 2337 s:
1353 2301 1434 2332 Par-

794 2344 919 2376 menid.
951 2357 982 2387 p.
1015 2344 1090 2378 132.
1122 2346 1163 2377 A.
1196 2345 1370 2377 Phaedon.
1402 2356 1433 2386 p.

796 2389 848 2422 65.
873 2391 915 2421 D.
942 2391 1141 2432 Sophoel.
1172 2390 1268 2424 Aiae.
1293 2402 1325 2425 v,
1350 2389 1432 2423 101:

798 2437 829 2466 τί
852 2434 918 2476 γὰρ
947 2433 988 2478 δὴ
1013 2440 1090 2469 παῖς
1122 2433 1139 2466 ὁ
1171 2438 1230 2466 τοῦ
1256 2436 1432 2475 Λαρτίου,-

799 2483 866 2511 ποῦ
901 2490 952 2511 σοι
985 2479 1083 2522 τύχης
1116 2480 1277 2522 ἕστηκεν;
1315 2481 1358 2512 al.
1390 2480 1432 2512 cf.

797 2525 1020 2557 Matthiae.
1059 2526 1117 2559 Gr.
1154 2525 1255 2566 ampl.
1294 2528 1324 2564 ς’.
1356 2523 1433 2556 630.

797 2570 985 2603 Erfurdt.
1007 2570 1048 2601 ad
1068 2571 1163 2602 Aiac.
1183 2581 1214 2604 v.
1235 2568 1311 2601 972.
1332 2570 1433 2600 Mat-

798 2614 930 2647 thiae.
965 2615 1006 2647 ad
1039 2615 1194 2648 Ciceron.
1225 2624 1284 2656 pro
1309 2614 1433 2645 Roscio

799 2660 911 2691 Amer.
944 2671 970 2691 e.
995 2659 1048 2692 33.
1110 2661 1162 2691 De
1192 2662 1306 2700 χορῶν
1339 2658 1432 2690 διδα-

802 2705 918 2736 σκαλία
942 2716 973 2736 v.
998 2705 1060 2737 Fr.
1073 2705 1113 2736 A.
1129 2704 1250 2737 Wolf.
1275 2703 1434 2746 Prolegg.
