<?xml version="1.0" encoding="UTF-8"?>
<!DOCTYPE html PUBLIC "-//W3C//DTD XHTML 1.0 Transitional//EN"
    "http://www.w3.org/TR/xhtml1/DTD/xhtml1-transitional.dtd">
<html xmlns="http://www.w3.org/1999/xhtml" xml:lang="en" lang="en">
 <head>
  <title>
</title>
<meta http-equiv="Content-Type" content="text/html;charset=utf-8" />
  <meta name='ocr-system' content='tesseract 3.04.00' />
  <meta name='ocr-capabilities' content='ocr_page ocr_carea ocr_par ocr_line ocrx_word'/>
</head>
<body>
  <div class='ocr_page' id='page_1' title='image "./n1operaomniarecens04platuoft/n1operaomniarecens04platuoft_0619.png"; bbox 0 0 1687 2969; ppageno 0'>
   <div class='ocr_carea' id='block_1_1' title="bbox 473 171 1445 213">
    <p class='ocr_par' dir='ltr' id='par_1_1' title="bbox 473 171 1445 213">
     <span class='ocr_line' id='line_1_1' title="bbox 473 171 1445 213; baseline -0.008 0"><span class='ocrx_word' id='word_1_1' title='bbox 473 172 715 213; x_wconf 84' lang='lat' dir='ltr'><strong>GORGIAS.</strong></span> <span class='ocrx_word' id='word_1_2' title='bbox 744 173 787 211; x_wconf 89' lang='lat' dir='ltr'><em>P.</em></span> <span class='ocrx_word' id='word_1_3' title='bbox 820 175 912 210; x_wconf 88' lang='lat'>490.</span> <span class='ocrx_word' id='word_1_4' title='bbox 943 172 1002 209; x_wconf 90' lang='lat' dir='ltr'><em>ed.</em></span> <span class='ocrx_word' id='word_1_5' title='bbox 1035 171 1090 210; x_wconf 79' lang='lat' dir='ltr'><em>St.</em></span> <span class='ocrx_word' id='word_1_6' title='bbox 1366 171 1445 205; x_wconf 82' lang='lat'><em>223</em></span> 
     </span>
    </p>
   </div>
   <div class='ocr_carea' id='block_1_2' title="bbox 100 274 1450 596">
    <p class='ocr_par' dir='ltr' id='par_1_2' title="bbox 100 274 1450 596">
     <span class='ocr_line' id='line_1_2' title="bbox 100 274 1446 336; baseline -0.007 -11"><span class='ocrx_word' id='word_1_7' title='bbox 100 281 178 326; x_wconf 81' lang='grc' dir='ltr'><em>τὸν</em></span> <span class='ocrx_word' id='word_1_8' title='bbox 207 284 355 336; x_wconf 82' lang='grc' dir='ltr'><strong><em>βελτίω</em></strong></span> <span class='ocrx_word' id='word_1_9' title='bbox 385 281 514 324; x_wconf 81' lang='grc' dir='ltr'><em>πλέον</em></span> <span class='ocrx_word' id='word_1_10' title='bbox 540 283 629 323; x_wconf 85' lang='grc' dir='ltr'><em>δεῖν</em></span> <span class='ocrx_word' id='word_1_11' title='bbox 657 279 786 334; x_wconf 63' lang='grc' dir='ltr'><em>ἔχεως</em></span> <span class='ocrx_word' id='word_1_12' title='bbox 832 281 967 320; x_wconf 86' lang='grc' dir='ltr'><em>ΚΑΛ.</em></span> <span class='ocrx_word' id='word_1_13' title='bbox 1004 275 1067 320; x_wconf 86' lang='grc' dir='ltr'><em>Οὐ</em></span> <span class='ocrx_word' id='word_1_14' title='bbox 1098 279 1242 319; x_wconf 80' lang='grc' dir='ltr'><em>σιτίων</em></span> <span class='ocrx_word' id='word_1_15' title='bbox 1270 291 1316 330; x_wconf 78' lang='grc' dir='ltr'><em>γε</em></span> <span class='ocrx_word' id='word_1_16' title='bbox 1346 274 1446 318; x_wconf 79' lang='grc' dir='ltr'><em>οὐδὲ</em></span> 
     </span>
     <span class='ocr_line' id='line_1_3' title="bbox 101 337 1448 397; baseline -0.007 -6"><span class='ocrx_word' id='word_1_17' title='bbox 101 352 257 391; x_wconf 78' lang='grc' dir='ltr'><em>ποτῶν.</em></span> <span class='ocrx_word' id='word_1_18' title='bbox 316 350 416 389; x_wconf 74' lang='grc' dir='ltr'><em>ΣΩ.</em></span> <span class='ocrx_word' id='word_1_19' title='bbox 448 348 690 396; x_wconf 76' lang='grc' dir='ltr'><em>Μανθάνω,</em></span> <span class='ocrx_word' id='word_1_20' title='bbox 721 347 807 386; x_wconf 69' lang='grc' dir='ltr'><em>ἀλλ’</em></span> <span class='ocrx_word' id='word_1_21' title='bbox 838 345 939 392; x_wconf 78' lang='grc' dir='ltr'><em>ἴσως</em></span> <span class='ocrx_word' id='word_1_22' title='bbox 968 345 1153 397; x_wconf 80' lang='grc' dir='ltr'><em>ἵματίων,</em></span> <span class='ocrx_word' id='word_1_23' title='bbox 1185 342 1255 384; x_wconf 79' lang='grc' dir='ltr'><em>καὶ</em></span> <span class='ocrx_word' id='word_1_24' title='bbox 1282 344 1345 383; x_wconf 80' lang='grc' dir='ltr'><em>δεῖ</em></span> <span class='ocrx_word' id='word_1_25' title='bbox 1371 337 1448 382; x_wconf 75' lang='grc' dir='ltr'><em>τὸν</em></span> 
     </span>
     <span class='ocr_line' id='line_1_4' title="bbox 101 407 1449 467; baseline -0.006 -12"><span class='ocrx_word' id='word_1_26' title='bbox 101 410 457 467; x_wconf 73' lang='grc' dir='ltr'><em>ὑφαντικίότατον</em></span> <span class='ocrx_word' id='word_1_27' title='bbox 495 411 693 466; x_wconf 78' lang='grc' dir='ltr'><em>μέγιστον</em></span> <span class='ocrx_word' id='word_1_28' title='bbox 731 411 897 464; x_wconf 76' lang='grc' dir='ltr'><em>ἱμάτιον</em></span> <span class='ocrx_word' id='word_1_29' title='bbox 936 408 1043 463; x_wconf 75' lang='grc' dir='ltr'><em>ἔχειν</em></span> <span class='ocrx_word' id='word_1_30' title='bbox 1079 409 1150 450; x_wconf 84' lang='grc' dir='ltr'><em>καὶ</em></span> <span class='ocrx_word' id='word_1_31' title='bbox 1177 411 1349 449; x_wconf 87' lang='grc' dir='ltr'><em>πλεῖστα</em></span> <span class='ocrx_word' id='word_1_32' title='bbox 1379 407 1449 448; x_wconf 81' lang='grc' dir='ltr'><em>καὶ</em></span> 
     </span>
     <span class='ocr_line' id='line_1_5' title="bbox 102 473 1448 532; baseline -0.005 -12"><span class='ocrx_word' id='word_1_33' title='bbox 102 481 300 520; x_wconf 82' lang='grc' dir='ltr'><em>κάλλιστα</em></span> <span class='ocrx_word' id='word_1_34' title='bbox 320 479 614 532; x_wconf 83' lang='grc' dir='ltr'><em>α’μπεχόμενον</em></span> <span class='ocrx_word' id='word_1_35' title='bbox 635 474 848 528; x_wconf 80' lang='grc' dir='ltr'><em>περιιέναι.</em></span> <span class='ocrx_word' id='word_1_36' title='bbox 909 477 951 515; x_wconf 85' lang='lat' dir='ltr'><strong><em>K</em></strong></span> <span class='ocrx_word' id='word_1_37' title='bbox 958 477 1044 515; x_wconf 77' lang='grc' dir='ltr'><em>ΑΛ.</em></span> <span class='ocrx_word' id='word_1_38' title='bbox 1080 475 1227 515; x_wconf 84' lang='grc' dir='ltr'><em>Ποίων</em></span> <span class='ocrx_word' id='word_1_39' title='bbox 1248 473 1448 527; x_wconf 80' lang='grc' dir='ltr'><em>ῐματίων;</em></span> 
     </span>
     <span class='ocr_line' id='line_1_6' title="bbox 105 535 1450 596; baseline -0.005 -11"><span class='ocrx_word' id='word_1_40' title='bbox 105 546 201 585; x_wconf 70' lang='grc' dir='ltr'><em>ΣΩ.</em></span> <span class='ocrx_word' id='word_1_41' title='bbox 225 539 339 584; x_wconf 84' lang='grc' dir='ltr'><em>Ἀλλ’</em></span> <span class='ocrx_word' id='word_1_42' title='bbox 370 544 427 591; x_wconf 85' lang='grc' dir='ltr'><em>εἰς</em></span> <span class='ocrx_word' id='word_1_43' title='bbox 455 543 707 596; x_wconf 37' lang='grc' dir='ltr'><em>1ὑποὸήιιιατα</em></span> <span class='ocrx_word' id='word_1_44' title='bbox 737 542 868 593; x_wconf 82' lang='grc' dir='ltr'><em>δῆλον</em></span> <span class='ocrx_word' id='word_1_45' title='bbox 898 537 960 580; x_wconf 79' lang='grc' dir='ltr'><em>ὅτι</em></span> <span class='ocrx_word' id='word_1_46' title='bbox 989 540 1050 580; x_wconf 77' lang='grc' dir='ltr'><em>ὁέῖ</em></span> <span class='ocrx_word' id='word_1_47' title='bbox 1080 542 1345 580; x_wconf 71' lang='grc' dir='ltr'><em>πλεονεκτεῖν</em></span> <span class='ocrx_word' id='word_1_48' title='bbox 1372 535 1450 578; x_wconf 86' lang='grc' dir='ltr'><em>τὸν</em></span> 
     </span>
    </p>
   </div>
   <div class='ocr_carea' id='block_1_3' title="bbox 104 601 1516 662">
    <p class='ocr_par' dir='ltr' id='par_1_3' title="bbox 104 601 1516 662">
     <span class='ocr_line' id='line_1_7' title="bbox 104 601 1516 662; baseline -0.006 -12"><span class='ocrx_word' id='word_1_49' title='bbox 104 607 427 662; x_wconf 72' lang='grc' dir='ltr'><em>φρονιμώτερον</em></span> <span class='ocrx_word' id='word_1_50' title='bbox 463 608 521 655; x_wconf 85' lang='grc' dir='ltr'><em>εἰς</em></span> <span class='ocrx_word' id='word_1_51' title='bbox 558 610 689 648; x_wconf 86' lang='grc' dir='ltr'><em>ταῦτα</em></span> <span class='ocrx_word' id='word_1_52' title='bbox 719 606 789 647; x_wconf 83' lang='grc' dir='ltr'><em>καὶ</em></span> <span class='ocrx_word' id='word_1_53' title='bbox 818 605 1045 658; x_wconf 77' lang='grc' dir='ltr'><em>βέλτιστον.</em></span> <span class='ocrx_word' id='word_1_54' title='bbox 1076 601 1152 644; x_wconf 84' lang='grc' dir='ltr'><em>τὸν</em></span> <span class='ocrx_word' id='word_1_55' title='bbox 1184 604 1467 657; x_wconf 81' lang='grc' dir='ltr'><em>σκυτοτόμον</em></span> <span class='ocrx_word' id='word_1_56' title='bbox 1506 626 1516 640; x_wconf 66' lang='grc'><strong>1</strong></span> 
     </span>
    </p>
   </div>
   <div class='ocr_carea' id='block_1_4' title="bbox 72 669 1453 1184">
    <p class='ocr_par' dir='ltr' id='par_1_4' title="bbox 48 669 1453 1184">
     <span class='ocr_line' id='line_1_8' title="bbox 102 669 1450 727; baseline -0.004 -12.993"><span class='ocrx_word' id='word_1_57' title='bbox 102 674 202 721; x_wconf 79' lang='grc' dir='ltr'><em>ἴσως</em></span> <span class='ocrx_word' id='word_1_58' title='bbox 242 671 416 727; x_wconf 82' lang='grc' dir='ltr'><em>μέγιστα</em></span> <span class='ocrx_word' id='word_1_59' title='bbox 453 674 517 714; x_wconf 81' lang='grc' dir='ltr'><em>δεῖ</em></span> <span class='ocrx_word' id='word_1_60' title='bbox 553 673 805 725; x_wconf 80' lang='grc' dir='ltr'><em>ὑποὸήματα</em></span> <span class='ocrx_word' id='word_1_61' title='bbox 842 669 911 711; x_wconf 84' lang='grc' dir='ltr'><em>καὶ</em></span> <span class='ocrx_word' id='word_1_62' title='bbox 939 673 1111 710; x_wconf 83' lang='grc' dir='ltr'><em>πλεῖστα</em></span> <span class='ocrx_word' id='word_1_63' title='bbox 1138 669 1450 722; x_wconf 77' lang='grc' dir='ltr'><em>νποδεδεμένον</em></span> 
     </span>
     <span class='ocr_line' id='line_1_9' title="bbox 107 726 1449 791; baseline -0.004 -12"><span class='ocrx_word' id='word_1_64' title='bbox 107 742 363 791; x_wconf 78' lang='grc' dir='ltr'><em>περιπατεῖν.</em></span> <span class='ocrx_word' id='word_1_65' title='bbox 422 726 556 779; x_wconf 84' lang='grc' dir='ltr'><em>ΚΛΛ.</em></span> <span class='ocrx_word' id='word_1_66' title='bbox 610 739 724 778; x_wconf 84' lang='grc' dir='ltr'><em>Ποῖα</em></span> <span class='ocrx_word' id='word_1_67' title='bbox 760 737 1036 789; x_wconf 62' lang='grc' dir='ltr'><em>ὑποὸηματας</em></span> <span class='ocrx_word' id='word_1_68' title='bbox 1079 737 1282 786; x_wconf 75' lang='grc' dir='ltr'><em>φλυαρεῖς</em></span> <span class='ocrx_word' id='word_1_69' title='bbox 1321 732 1449 787; x_wconf 69' lang='grc' dir='ltr'><em>εχωνς</em></span> 
     </span>
     <span class='ocr_line' id='line_1_10' title="bbox 72 799 1448 857; baseline -0.003 -13"><span class='ocrx_word' id='word_1_70' title='bbox 72 806 200 854; x_wconf 37' lang='lat'><em>5252.</em></span> <span class='ocrx_word' id='word_1_71' title='bbox 235 799 353 844; x_wconf 81' lang='grc' dir='ltr'><em>Ἀλλ’</em></span> <span class='ocrx_word' id='word_1_72' title='bbox 396 804 430 844; x_wconf 84' lang='grc' dir='ltr'><em>εἰ</em></span> <span class='ocrx_word' id='word_1_73' title='bbox 468 820 524 857; x_wconf 75' lang='grc' dir='ltr'><em>μη</em></span> <span class='ocrx_word' id='word_1_74' title='bbox 564 819 613 843; x_wconf 84' lang='grc' dir='ltr'><em>τα</em></span> <span class='ocrx_word' id='word_1_75' title='bbox 650 805 826 843; x_wconf 81' lang='grc' dir='ltr'><em>τοιαῦτα</em></span> <span class='ocrx_word' id='word_1_76' title='bbox 864 800 1016 854; x_wconf 76' lang='grc' dir='ltr'><em>λὲγεις,</em></span> <span class='ocrx_word' id='word_1_77' title='bbox 1058 800 1158 848; x_wconf 83' lang='grc' dir='ltr'><em>ι’σως</em></span> <span class='ocrx_word' id='word_1_78' title='bbox 1195 800 1246 840; x_wconf 79' lang='grc' dir='ltr'><em>τὰ</em></span> <span class='ocrx_word' id='word_1_79' title='bbox 1285 801 1448 841; x_wconf 79' lang='grc' dir='ltr'><em>τοιάδε·</em></span> 
     </span>
     <span class='ocr_line' id='line_1_11' title="bbox 105 862 1451 922; baseline -0.003 -12.163"><span class='ocrx_word' id='word_1_80' title='bbox 105 865 199 910; x_wconf 83' lang='grc' dir='ltr'><em>οἷον</em></span> <span class='ocrx_word' id='word_1_81' title='bbox 237 865 471 922; x_wconf 77' lang='grc' dir='ltr'><em>γεωργικὸν</em></span> <span class='ocrx_word' id='word_1_82' title='bbox 507 868 643 920; x_wconf 77' lang='grc' dir='ltr'><em>ἄνδρα</em></span> <span class='ocrx_word' id='word_1_83' title='bbox 671 866 765 920; x_wconf 82' lang='grc' dir='ltr'><em>περὶΙ</em></span> <span class='ocrx_word' id='word_1_84' title='bbox 794 873 876 920; x_wconf 74' lang='grc' dir='ltr'><em>γῆν</em></span> <span class='ocrx_word' id='word_1_85' title='bbox 905 866 1119 918; x_wconf 84' lang='grc' dir='ltr'><em>φρόνιμόν</em></span> <span class='ocrx_word' id='word_1_86' title='bbox 1149 879 1189 905; x_wconf 84' lang='grc' dir='ltr'><em>τε</em></span> <span class='ocrx_word' id='word_1_87' title='bbox 1219 865 1289 906; x_wconf 84' lang='grc' dir='ltr'><em>καὶ</em></span> <span class='ocrx_word' id='word_1_88' title='bbox 1318 862 1451 906; x_wconf 78' lang='grc' dir='ltr'><em>καλὸν</em></span> 
     </span>
     <span class='ocr_line' id='line_1_12' title="bbox 104 933 1449 1011; baseline -0.003 -36"><span class='ocrx_word' id='word_1_89' title='bbox 104 933 174 975; x_wconf 84' lang='grc' dir='ltr'><em>καὶ</em></span> <span class='ocrx_word' id='word_1_90' title='bbox 203 934 394 1011; x_wconf 66' lang='grc' dir='ltr'><em>ἀγαθόν,</em></span> <span class='ocrx_word' id='word_1_91' title='bbox 436 936 592 974; x_wconf 85' lang='grc' dir='ltr'><em>τοῦτον</em></span> <span class='ocrx_word' id='word_1_92' title='bbox 623 933 673 985; x_wconf 72' lang='grc' dir='ltr'><em>ὁὶ]</em></span> <span class='ocrx_word' id='word_1_93' title='bbox 704 933 803 981; x_wconf 81' lang='grc' dir='ltr'><em>ἴσως</em></span> <span class='ocrx_word' id='word_1_94' title='bbox 832 933 893 973; x_wconf 81' lang='grc' dir='ltr'><em>ὁεῖ</em></span> <span class='ocrx_word' id='word_1_95' title='bbox 921 934 1187 972; x_wconf 75' lang='grc' dir='ltr'><em>πλεονεκτεῖν</em></span> <span class='ocrx_word' id='word_1_96' title='bbox 1216 934 1301 971; x_wconf 79' lang='grc' dir='ltr'><em>τῶν</em></span> <span class='ocrx_word' id='word_1_97' title='bbox 1329 941 1449 982; x_wconf 89' lang='grc' dir='ltr'><em>σπερ-</em></span> 
     </span>
     <span class='ocr_line' id='line_1_13' title="bbox 105 996 1453 1053; baseline -0.003 -13"><span class='ocrx_word' id='word_1_98' title='bbox 105 1000 249 1053; x_wconf 80' lang='grc' dir='ltr'><em>μάτων</em></span> <span class='ocrx_word' id='word_1_99' title='bbox 291 998 361 1040; x_wconf 79' lang='grc' dir='ltr'><em>καὶ</em></span> <span class='ocrx_word' id='word_1_100' title='bbox 390 999 446 1046; x_wconf 79' lang='grc' dir='ltr'><em>ὡς</em></span> <span class='ocrx_word' id='word_1_101' title='bbox 474 998 652 1053; x_wconf 79' lang='grc' dir='ltr'><em>πλείστῳ</em></span> <span class='ocrx_word' id='word_1_102' title='bbox 682 997 887 1052; x_wconf 78' lang='grc' dir='ltr'><em>σπὲριιατι</em></span> <span class='ocrx_word' id='word_1_103' title='bbox 915 1002 1097 1050; x_wconf 62' lang='grc' dir='ltr'><em>χρῆσθαι</em></span> <span class='ocrx_word' id='word_1_104' title='bbox 1125 997 1183 1045; x_wconf 78' lang='grc' dir='ltr'><em>εἰς</em></span> <span class='ocrx_word' id='word_1_105' title='bbox 1211 1012 1288 1049; x_wconf 72' lang='grc' dir='ltr'><em>την</em></span> <span class='ocrx_word' id='word_1_106' title='bbox 1317 996 1453 1037; x_wconf 81' lang='grc' dir='ltr'><em>αὑτοῦ</em></span> 
     </span>
     <span class='ocr_line' id='line_1_14' title="bbox 104 1058 1450 1118; baseline -0.003 -13"><span class='ocrx_word' id='word_1_107' title='bbox 104 1071 197 1118; x_wconf 76' lang='grc' dir='ltr'><em>γῆν.</em></span> <span class='ocrx_word' id='word_1_108' title='bbox 257 1067 390 1105; x_wconf 89' lang='grc' dir='ltr'><em>ΚΑΛ.</em></span> <span class='ocrx_word' id='word_1_109' title='bbox 435 1059 511 1112; x_wconf 74' lang='grc' dir='ltr'><em>,Ως</em></span> <span class='ocrx_word' id='word_1_110' title='bbox 548 1078 610 1104; x_wconf 84' lang='grc' dir='ltr'><em>αει</em></span> <span class='ocrx_word' id='word_1_111' title='bbox 641 1060 772 1104; x_wconf 80' lang='grc' dir='ltr'><em>ταύτα</em></span> <span class='ocrx_word' id='word_1_112' title='bbox 802 1061 953 1116; x_wconf 80' lang='grc' dir='ltr'><em>λέγεις,</em></span> <span class='ocrx_word' id='word_1_113' title='bbox 998 1064 1030 1102; x_wconf 84' lang='grc' dir='ltr'>ὡ</span> <span class='ocrx_word' id='word_1_114' title='bbox 1060 1058 1297 1114; x_wconf 77' lang='grc' dir='ltr'><em>Σώκρατες.</em></span> <span class='ocrx_word' id='word_1_115' title='bbox 1356 1064 1450 1102; x_wconf 64' lang='lat'><em>29.</em></span> 
     </span>
     <span class='ocr_line' id='line_1_15' title="bbox 110 1122 1450 1184; baseline -0.002 -14"><span class='ocrx_word' id='word_1_116' title='bbox 110 1127 174 1170; x_wconf 85' lang='grc' dir='ltr'><em>Οὐ</em></span> <span class='ocrx_word' id='word_1_117' title='bbox 202 1131 338 1184; x_wconf 89' lang='grc' dir='ltr'><em>μόνον</em></span> <span class='ocrx_word' id='word_1_118' title='bbox 365 1144 423 1183; x_wconf 76' lang='grc' dir='ltr'><em>γε,</em></span> <span class='ocrx_word' id='word_1_119' title='bbox 456 1124 489 1170; x_wconf 85' lang='grc' dir='ltr'>ὦ</span> <span class='ocrx_word' id='word_1_120' title='bbox 521 1129 781 1177; x_wconf 79' lang='grc' dir='ltr'><em>Καλλίκλεις,</em></span> <span class='ocrx_word' id='word_1_121' title='bbox 826 1127 930 1168; x_wconf 77' lang='grc' dir='ltr'><em>α’λλα</em></span> <span class='ocrx_word' id='word_1_122' title='bbox 959 1143 1029 1168; x_wconf 82' lang='grc' dir='ltr'><em>και</em></span> <span class='ocrx_word' id='word_1_123' title='bbox 1058 1127 1153 1179; x_wconf 84' lang='grc' dir='ltr'><em>περὶ</em></span> <span class='ocrx_word' id='word_1_124' title='bbox 1181 1129 1267 1168; x_wconf 82' lang='grc' dir='ltr'><em>τῶν</em></span> <span class='ocrx_word' id='word_1_125' title='bbox 1296 1122 1450 1167; x_wconf 75' lang='grc' dir='ltr'><em>αὐτῶν.</em></span> 
     </span>
    </p>
   </div>
   <div class='ocr_carea' id='block_1_5' title="bbox 107 1247 1453 1838">
    <p class='ocr_par' dir='ltr' id='par_1_5' title="bbox 173 1247 1096 1293">
     <span class='ocr_line' id='line_1_16' title="bbox 173 1247 1096 1293; baseline -0.004 -8"><span class='ocrx_word' id='word_1_126' title='bbox 173 1254 216 1285; x_wconf 92' lang='lat' dir='ltr'><em>D.</em></span> <span class='ocrx_word' id='word_1_127' title='bbox 266 1251 467 1293; x_wconf 86' lang='grc' dir='ltr'><em>Πότερον</em></span> <span class='ocrx_word' id='word_1_128' title='bbox 492 1247 572 1284; x_wconf 71' lang='grc' dir='ltr'><em>οὖν</em></span> <span class='ocrx_word' id='word_1_129' title='bbox 599 1250 671 1283; x_wconf 75' lang='grc' dir='ltr'><em>τὸν</em></span> <span class='ocrx_word' id='word_1_130' title='bbox 698 1250 786 1293; x_wconf 66' lang='grc' dir='ltr'><em>φρ]</em></span> <span class='ocrx_word' id='word_1_131' title='bbox 814 1248 856 1282; x_wconf 74' lang='grc' dir='ltr'><em>οὖ</em></span> <span class='ocrx_word' id='word_1_132' title='bbox 880 1250 994 1282; x_wconf 82' lang='lat' dir='ltr'>Clark.</span> <span class='ocrx_word' id='word_1_133' title='bbox 1021 1251 1096 1282; x_wconf 82' lang='lat' dir='ltr'><strong>Vat.</strong></span> 
     </span>
    </p>

    <p class='ocr_par' dir='ltr' id='par_1_6' title="bbox 107 1295 1451 1430">
     <span class='ocr_line' id='line_1_17' title="bbox 174 1295 1450 1340; baseline -0.003 -10"><span class='ocrx_word' id='word_1_134' title='bbox 174 1298 303 1330; x_wconf 75' lang='grc' dir='ltr'><em>πλέον</em></span> <span class='ocrx_word' id='word_1_135' title='bbox 328 1298 425 1330; x_wconf 78' lang='grc' dir='ltr'><em>δεῖν</em></span> <span class='ocrx_word' id='word_1_136' title='bbox 451 1296 582 1340; x_wconf 76' lang='grc' dir='ltr'><em>ἔχειν]</em></span> <span class='ocrx_word' id='word_1_137' title='bbox 610 1297 664 1328; x_wconf 78' lang='grc' dir='ltr'><em>ὑεῖ</em></span> <span class='ocrx_word' id='word_1_138' title='bbox 680 1297 781 1328; x_wconf 87' lang='lat' dir='ltr'><strong>Vind.</strong></span> <span class='ocrx_word' id='word_1_139' title='bbox 801 1296 832 1328; x_wconf 93' lang='lat'><em>6.</em></span> <span class='ocrx_word' id='word_1_140' title='bbox 856 1296 952 1328; x_wconf 86' lang='lat' dir='ltr'><strong>Bodl.</strong></span> <span class='ocrx_word' id='word_1_141' title='bbox 970 1301 1003 1327; x_wconf 84' lang='lat' dir='ltr'><strong>et.</strong></span> <span class='ocrx_word' id='word_1_142' title='bbox 1021 1297 1160 1327; x_wconf 71' lang='lat' dir='ltr'><strong>Mem-m.</strong></span> <span class='ocrx_word' id='word_1_143' title='bbox 1196 1296 1280 1327; x_wconf 84' lang='lat' dir='ltr'><strong>Item</strong></span> <span class='ocrx_word' id='word_1_144' title='bbox 1301 1295 1403 1327; x_wconf 75' lang='lat' dir='ltr'><strong>vind.</strong></span> <span class='ocrx_word' id='word_1_145' title='bbox 1423 1295 1450 1327; x_wconf 93' lang='lat'>1.</span> 
     </span>
     <span class='ocr_line' id='line_1_18' title="bbox 108 1341 1451 1386; baseline -0.003 -11"><span class='ocrx_word' id='word_1_146' title='bbox 108 1343 211 1375; x_wconf 75' lang='grc' dir='ltr'><em>πλέον</em></span> <span class='ocrx_word' id='word_1_147' title='bbox 235 1341 276 1386; x_wconf 80' lang='grc' dir='ltr'><em>δὴ</em></span> <span class='ocrx_word' id='word_1_148' title='bbox 296 1344 394 1385; x_wconf 72' lang='grc' dir='ltr'><em>ἔχειν,</em></span> <span class='ocrx_word' id='word_1_149' title='bbox 420 1343 451 1374; x_wconf 94' lang='grc'><em>11.</em></span> <span class='ocrx_word' id='word_1_150' title='bbox 478 1354 506 1374; x_wconf 84' lang='lat' dir='ltr'><strong>e.</strong></span> <span class='ocrx_word' id='word_1_151' title='bbox 533 1342 607 1374; x_wconf 67' lang='grc' dir='ltr'><em>δεῖς</em></span> <span class='ocrx_word' id='word_1_152' title='bbox 632 1349 711 1373; x_wconf 80' lang='lat' dir='ltr'><strong>nata</strong></span> <span class='ocrx_word' id='word_1_153' title='bbox 736 1343 827 1374; x_wconf 85' lang='lat' dir='ltr'><strong>enim</strong></span> <span class='ocrx_word' id='word_1_154' title='bbox 852 1352 891 1373; x_wconf 82' lang='lat' dir='ltr'><strong>ea</strong></span> <span class='ocrx_word' id='word_1_155' title='bbox 917 1342 1086 1383; x_wconf 84' lang='lat' dir='ltr'><strong>scriptura</strong></span> <span class='ocrx_word' id='word_1_156' title='bbox 1109 1352 1151 1372; x_wconf 76' lang='lat' dir='ltr'><strong>ex</strong></span> <span class='ocrx_word' id='word_1_157' title='bbox 1176 1341 1343 1373; x_wconf 66' lang='lat' dir='ltr'><strong>itacismo.</strong></span> <span class='ocrx_word' id='word_1_158' title='bbox 1387 1341 1451 1372; x_wconf 66' lang='lat' dir='ltr'><strong>sed</strong></span> 
     </span>
     <span class='ocr_line' id='line_1_19' title="bbox 107 1387 1035 1430; baseline -0.002 -10"><span class='ocrx_word' id='word_1_159' title='bbox 107 1389 297 1420; x_wconf 88' lang='lat' dir='ltr'><strong>infinitivus</strong></span> <span class='ocrx_word' id='word_1_160' title='bbox 322 1399 364 1421; x_wconf 86' lang='lat' dir='ltr'><strong>ex</strong></span> <span class='ocrx_word' id='word_1_161' title='bbox 388 1387 606 1430; x_wconf 82' lang='lat' dir='ltr'><strong>praecedenti</strong></span> <span class='ocrx_word' id='word_1_162' title='bbox 631 1387 737 1430; x_wconf 60' lang='grc' dir='ltr'><em>λέγεις</em></span> <span class='ocrx_word' id='word_1_163' title='bbox 761 1397 948 1428; x_wconf 83' lang='lat' dir='ltr'><strong>suspensus</strong></span> <span class='ocrx_word' id='word_1_164' title='bbox 973 1392 1035 1421; x_wconf 83' lang='lat' dir='ltr'><strong>est.</strong></span> 
     </span>
    </p>

    <p class='ocr_par' dir='ltr' id='par_1_7' title="bbox 107 1432 1451 1513">
     <span class='ocr_line' id='line_1_20' title="bbox 175 1432 1451 1476; baseline -0.003 -10"><span class='ocrx_word' id='word_1_165' title='bbox 175 1433 329 1466; x_wconf 84' lang='grc' dir='ltr'><em>Ποίων</em></span> <span class='ocrx_word' id='word_1_166' title='bbox 363 1433 587 1476; x_wconf 52' lang='lat' dir='ltr'><em>marim-‚ff</em></span> <span class='ocrx_word' id='word_1_167' title='bbox 613 1432 735 1464; x_wconf 80' lang='grc' dir='ltr'><em>Ποίων</em></span> <span class='ocrx_word' id='word_1_168' title='bbox 761 1433 799 1464; x_wconf 83' lang='grc' dir='ltr'><em>δὲ</em></span> <span class='ocrx_word' id='word_1_169' title='bbox 825 1432 988 1471; x_wconf 48' lang='lat' dir='ltr'><em>[uanam</em></span> <span class='ocrx_word' id='word_1_170' title='bbox 1024 1432 1114 1464; x_wconf 86' lang='lat' dir='ltr'><strong>Flor.</strong></span> <span class='ocrx_word' id='word_1_171' title='bbox 1140 1443 1167 1463; x_wconf 83' lang='lat' dir='ltr'>a.</span> <span class='ocrx_word' id='word_1_172' title='bbox 1195 1442 1222 1464; x_wconf 89' lang='lat' dir='ltr'><em>c.</em></span> <span class='ocrx_word' id='word_1_173' title='bbox 1248 1443 1291 1462; x_wconf 89' lang='grc'><em>111.</em></span> <span class='ocrx_word' id='word_1_174' title='bbox 1319 1442 1347 1463; x_wconf 93' lang='lat' dir='ltr'><strong>o.</strong></span> <span class='ocrx_word' id='word_1_175' title='bbox 1374 1441 1451 1462; x_wconf 89' lang='lat' dir='ltr'><em>cum</em></span> 
     </span>
     <span class='ocr_line' id='line_1_21' title="bbox 107 1478 440 1513; baseline -0.003 -2"><span class='ocrx_word' id='word_1_176' title='bbox 107 1480 158 1512; x_wconf 85' lang='lat' dir='ltr'><em>ed.</em></span> <span class='ocrx_word' id='word_1_177' title='bbox 184 1480 261 1511; x_wconf 85' lang='lat' dir='ltr'>Bas.</span> <span class='ocrx_word' id='word_1_178' title='bbox 285 1478 316 1513; x_wconf 79' lang='lat'>2.</span> <span class='ocrx_word' id='word_1_179' title='bbox 341 1478 440 1511; x_wconf 81' lang='lat' dir='ltr'><strong>male.</strong></span> 
     </span>
    </p>

    <p class='ocr_par' dir='ltr' id='par_1_8' title="bbox 107 1520 1453 1838">
     <span class='ocr_line' id='line_1_22' title="bbox 176 1520 1451 1565; baseline -0.002 -10"><span class='ocrx_word' id='word_1_180' title='bbox 176 1523 216 1556; x_wconf 84' lang='grc' dir='ltr'><em>τὸ</em></span> <span class='ocrx_word' id='word_1_181' title='bbox 234 1537 252 1555; x_wconf 87' lang='grc' dir='ltr'><em>ν</em></span> <span class='ocrx_word' id='word_1_182' title='bbox 285 1522 626 1565; x_wconf 75' lang='grc' dir='ltr'><em>φρονιμώτερον</em></span> <span class='ocrx_word' id='word_1_183' title='bbox 657 1523 722 1557; x_wconf 63' lang='grc' dir='ltr'><em>εἰς</em></span> <span class='ocrx_word' id='word_1_184' title='bbox 757 1526 882 1554; x_wconf 80' lang='grc' dir='ltr'><em>ταῦτα</em></span> <span class='ocrx_word' id='word_1_185' title='bbox 915 1523 982 1554; x_wconf 78' lang='grc' dir='ltr'><em>καὶ</em></span> <span class='ocrx_word' id='word_1_186' title='bbox 1017 1521 1270 1563; x_wconf 60' lang='grc' dir='ltr'><em>βέλτιστον]</em></span> <span class='ocrx_word' id='word_1_187' title='bbox 1308 1523 1386 1553; x_wconf 83' lang='lat' dir='ltr'><strong>Bas.</strong></span> <span class='ocrx_word' id='word_1_188' title='bbox 1420 1520 1451 1553; x_wconf 76' lang='lat'>⁶2.</span> 
     </span>
     <span class='ocr_line' id='line_1_23' title="bbox 107 1566 1452 1610; baseline -0.004 -8"><span class='ocrx_word' id='word_1_189' title='bbox 107 1574 141 1602; x_wconf 82' lang='lat' dir='ltr'><strong>et</strong></span> <span class='ocrx_word' id='word_1_190' title='bbox 164 1570 254 1602; x_wconf 75' lang='lat' dir='ltr'><strong>Flor.</strong></span> <span class='ocrx_word' id='word_1_191' title='bbox 278 1580 312 1601; x_wconf 89' lang='lat' dir='ltr'>x.</span> <span class='ocrx_word' id='word_1_192' title='bbox 345 1566 401 1601; x_wconf 84' lang='grc' dir='ltr'><em>τὸν</em></span> <span class='ocrx_word' id='word_1_193' title='bbox 433 1568 712 1610; x_wconf 76' lang='grc' dir='ltr'><em>φρονιμώτατον,</em></span> <span class='ocrx_word' id='word_1_194' title='bbox 749 1567 838 1609; x_wconf 88' lang='lat' dir='ltr'><strong>quod</strong></span> <span class='ocrx_word' id='word_1_195' title='bbox 870 1567 1064 1609; x_wconf 82' lang='lat' dir='ltr'>requirebat</span> <span class='ocrx_word' id='word_1_196' title='bbox 1094 1567 1291 1607; x_wconf 54' lang='lat' dir='ltr'><strong>Heindorf„</strong></span> <span class='ocrx_word' id='word_1_197' title='bbox 1321 1577 1452 1608; x_wconf 78' lang='lat' dir='ltr'><strong>recepe-</strong></span> 
     </span>
     <span class='ocr_line' id='line_1_24' title="bbox 108 1612 1453 1654; baseline -0.002 -8"><span class='ocrx_word' id='word_1_198' title='bbox 108 1620 190 1647; x_wconf 85' lang='lat' dir='ltr'><strong>runt</strong></span> <span class='ocrx_word' id='word_1_199' title='bbox 213 1615 315 1647; x_wconf 80' lang='lat' dir='ltr'><strong>etiam</strong></span> <span class='ocrx_word' id='word_1_200' title='bbox 341 1614 410 1646; x_wconf 84' lang='lat' dir='ltr'><strong>alii.</strong></span> <span class='ocrx_word' id='word_1_201' title='bbox 457 1615 558 1646; x_wconf 89' lang='lat' dir='ltr'><strong>Nunc</strong></span> <span class='ocrx_word' id='word_1_202' title='bbox 588 1620 701 1645; x_wconf 80' lang='lat' dir='ltr'><strong>tamen</strong></span> <span class='ocrx_word' id='word_1_203' title='bbox 733 1613 893 1645; x_wconf 81' lang='lat' dir='ltr'><strong>tuendam</strong></span> <span class='ocrx_word' id='word_1_204' title='bbox 919 1623 1097 1644; x_wconf 80' lang='lat' dir='ltr'>censemus</span> <span class='ocrx_word' id='word_1_205' title='bbox 1123 1613 1325 1654; x_wconf 84' lang='lat' dir='ltr'><strong>optimorum</strong></span> <span class='ocrx_word' id='word_1_206' title='bbox 1351 1612 1453 1643; x_wconf 88' lang='lat' dir='ltr'><strong>libro-</strong></span> 
     </span>
     <span class='ocr_line' id='line_1_25' title="bbox 108 1659 1453 1702; baseline -0.003 -10"><span class='ocrx_word' id='word_1_207' title='bbox 108 1671 181 1692; x_wconf 90' lang='lat' dir='ltr'><em>rum</em></span> <span class='ocrx_word' id='word_1_208' title='bbox 215 1661 428 1702; x_wconf 81' lang='lat' dir='ltr'><strong>scripturam.</strong></span> <span class='ocrx_word' id='word_1_209' title='bbox 476 1660 562 1691; x_wconf 84' lang='lat' dir='ltr'><em>Nam</em></span> <span class='ocrx_word' id='word_1_210' title='bbox 595 1670 660 1690; x_wconf 87' lang='lat' dir='ltr'><strong>nec</strong></span> <span class='ocrx_word' id='word_1_211' title='bbox 694 1659 943 1700; x_wconf 80' lang='lat' dir='ltr'><strong>comparativus</strong></span> <span class='ocrx_word' id='word_1_212' title='bbox 975 1669 1034 1700; x_wconf 76' lang='lat' dir='ltr'><strong>por</strong></span> <span class='ocrx_word' id='word_1_213' title='bbox 1067 1669 1101 1690; x_wconf 75' lang='lat' dir='ltr'><strong>se</strong></span> <span class='ocrx_word' id='word_1_214' title='bbox 1127 1659 1262 1699; x_wconf 87' lang='lat' dir='ltr'><strong>ineptus</strong></span> <span class='ocrx_word' id='word_1_215' title='bbox 1286 1662 1354 1696; x_wconf 85' lang='lat' dir='ltr'><strong>est,</strong></span> <span class='ocrx_word' id='word_1_216' title='bbox 1390 1668 1453 1688; x_wconf 83' lang='lat' dir='ltr'><strong>nec</strong></span> 
     </span>
     <span class='ocr_line' id='line_1_26' title="bbox 108 1702 1453 1747; baseline -0.003 -10"><span class='ocrx_word' id='word_1_217' title='bbox 108 1707 181 1738; x_wconf 90' lang='lat' dir='ltr'><strong>eius</strong></span> <span class='ocrx_word' id='word_1_218' title='bbox 207 1716 284 1737; x_wconf 89' lang='lat' dir='ltr'><em>cum</em></span> <span class='ocrx_word' id='word_1_219' title='bbox 309 1705 520 1747; x_wconf 83' lang='lat' dir='ltr'><strong>superlativo</strong></span> <span class='ocrx_word' id='word_1_220' title='bbox 545 1705 756 1736; x_wconf 82' lang='lat' dir='ltr'><strong>consociatio</strong></span> <span class='ocrx_word' id='word_1_221' title='bbox 781 1715 881 1746; x_wconf 79' lang='lat' dir='ltr'><strong>aegie</strong></span> <span class='ocrx_word' id='word_1_222' title='bbox 905 1704 1054 1735; x_wconf 77' lang='lat' dir='ltr'><strong>ferenda.</strong></span> <span class='ocrx_word' id='word_1_223' title='bbox 1080 1715 1112 1737; x_wconf 90' lang='lat' dir='ltr'>v</span> <span class='ocrx_word' id='word_1_224' title='bbox 1137 1703 1270 1735; x_wconf 85' lang='lat' dir='ltr'><strong>Phileb.</strong></span> <span class='ocrx_word' id='word_1_225' title='bbox 1295 1714 1326 1745; x_wconf 92' lang='lat' dir='ltr'>p.</span> <span class='ocrx_word' id='word_1_226' title='bbox 1340 1702 1394 1735; x_wconf 75' lang='lat'><em>55.</em></span> <span class='ocrx_word' id='word_1_227' title='bbox 1410 1703 1453 1733; x_wconf 93' lang='lat' dir='ltr'><em>D.</em></span> 
     </span>
     <span class='ocr_line' id='line_1_27' title="bbox 108 1748 1453 1793; baseline -0.004 -10"><span class='ocrx_word' id='word_1_228' title='bbox 108 1752 160 1783; x_wconf 89' lang='lat' dir='ltr'><em>De</em></span> <span class='ocrx_word' id='word_1_229' title='bbox 193 1751 336 1793; x_wconf 78' lang='lat' dir='ltr'><strong>Republ.</strong></span> <span class='ocrx_word' id='word_1_230' title='bbox 369 1751 462 1782; x_wconf 83' lang='lat' dir='ltr'>VIII.</span> <span class='ocrx_word' id='word_1_231' title='bbox 493 1761 524 1792; x_wconf 91' lang='lat' dir='ltr'><em>p.</em></span> <span class='ocrx_word' id='word_1_232' title='bbox 550 1749 625 1782; x_wconf 81' lang='lat'>564.</span> <span class='ocrx_word' id='word_1_233' title='bbox 650 1750 690 1781; x_wconf 89' lang='grc' dir='ltr'><em>Β.</em></span> <span class='ocrx_word' id='word_1_234' title='bbox 722 1749 932 1791; x_wconf 67' lang='lat' dir='ltr'><strong>Be1·nha1d3.</strong></span> <span class='ocrx_word' id='word_1_235' title='bbox 967 1750 1063 1791; x_wconf 78' lang='lat' dir='ltr'><strong>Synt.</strong></span> <span class='ocrx_word' id='word_1_236' title='bbox 1097 1759 1127 1791; x_wconf 87' lang='lat' dir='ltr'><em>p.</em></span> <span class='ocrx_word' id='word_1_237' title='bbox 1160 1748 1236 1782; x_wconf 87' lang='grc'><em>436.</em></span> <span class='ocrx_word' id='word_1_238' title='bbox 1287 1748 1453 1780; x_wconf 79' lang='lat' dir='ltr'><strong>Videlicet</strong></span> 
     </span>
     <span class='ocr_line' id='line_1_28' title="bbox 111 1794 922 1838; baseline -0.004 -10"><span class='ocrx_word' id='word_1_239' title='bbox 111 1794 373 1838; x_wconf 65' lang='grc' dir='ltr'><em>φρονιμώτερος</em></span> <span class='ocrx_word' id='word_1_240' title='bbox 397 1800 554 1828; x_wconf 81' lang='lat' dir='ltr'><strong>estnon</strong></span> <span class='ocrx_word' id='word_1_241' title='bbox 580 1800 661 1827; x_wconf 85' lang='lat' dir='ltr'><strong>tam</strong></span> <span class='ocrx_word' id='word_1_242' title='bbox 686 1795 922 1837; x_wconf 84' lang='lat' dir='ltr'><strong>insipiens.</strong></span> 
     </span>
    </p>
   </div>
   <div class='ocr_carea' id='block_1_6' title="bbox 110 1906 752 2760">
    <p class='ocr_par' dir='ltr' id='par_1_9' title="bbox 110 1906 752 2760">
     <span class='ocr_line' id='line_1_29' title="bbox 111 1906 744 1964; baseline -0.005 -23"><span class='ocrx_word' id='word_1_243' title='bbox 111 1908 376 1964; x_wconf 82' lang='lat' dir='ltr'><strong>Aeschylus</strong></span> <span class='ocrx_word' id='word_1_244' title='bbox 387 1907 505 1962; x_wconf 88' lang='lat' dir='ltr'><strong>Suppl.</strong></span> <span class='ocrx_word' id='word_1_245' title='bbox 530 1918 561 1940; x_wconf 91' lang='lat' dir='ltr'>v.</span> <span class='ocrx_word' id='word_1_246' title='bbox 585 1906 669 1940; x_wconf 80' lang='lat'>249:</span> <span class='ocrx_word' id='word_1_247' title='bbox 696 1907 744 1939; x_wconf 83' lang='grc' dir='ltr'><em>εἴ-</em></span> 
     </span>
     <span class='ocr_line' id='line_1_30' title="bbox 113 1950 746 1997; baseline -0.003 -11"><span class='ocrx_word' id='word_1_248' title='bbox 113 1966 217 1997; x_wconf 77' lang='grc' dir='ltr'><em>ρηκας</em></span> <span class='ocrx_word' id='word_1_249' title='bbox 230 1951 321 1994; x_wconf 77' lang='grc' dir='ltr'><em>ἀμφὶ</em></span> <span class='ocrx_word' id='word_1_250' title='bbox 336 1951 467 1992; x_wconf 75' lang='grc' dir='ltr'><em>κόσμοι</em></span> <span class='ocrx_word' id='word_1_251' title='bbox 480 1950 619 1995; x_wconf 77' lang='grc' dir='ltr'><em>ἀψευδῆ</em></span> <span class='ocrx_word' id='word_1_252' title='bbox 632 1951 746 1995; x_wconf 80' lang='grc' dir='ltr'><em>λόγον.</em></span> 
     </span>
     <span class='ocr_line' id='line_1_31' title="bbox 110 1998 747 2040; baseline -0.002 -10"><span class='ocrx_word' id='word_1_253' title='bbox 110 2000 210 2040; x_wconf 79' lang='lat' dir='ltr'><strong>Quod</strong></span> <span class='ocrx_word' id='word_1_254' title='bbox 263 1999 398 2031; x_wconf 78' lang='lat' dir='ltr'><strong>additur</strong></span> <span class='ocrx_word' id='word_1_255' title='bbox 449 1998 504 2030; x_wconf 84' lang='grc' dir='ltr'><em>καὶ</em></span> <span class='ocrx_word' id='word_1_256' title='bbox 562 2000 747 2039; x_wconf 66' lang='grc' dir='ltr'><em>φλυαρίας,</em></span> 
     </span>
     <span class='ocr_line' id='line_1_32' title="bbox 110 2043 748 2087; baseline -0.005 -10"><span class='ocrx_word' id='word_1_257' title='bbox 110 2055 353 2087; x_wconf 82' lang='lat' dir='ltr'><strong>saepenumero</strong></span> <span class='ocrx_word' id='word_1_258' title='bbox 373 2044 529 2086; x_wconf 85' lang='lat' dir='ltr'><strong>pluribus</strong></span> <span class='ocrx_word' id='word_1_259' title='bbox 546 2043 649 2076; x_wconf 87' lang='lat' dir='ltr'><strong>rebus</strong></span> <span class='ocrx_word' id='word_1_260' title='bbox 667 2054 748 2075; x_wconf 86' lang='lat' dir='ltr'><strong>enu-</strong></span> 
     </span>
     <span class='ocr_line' id='line_1_33' title="bbox 111 2086 747 2130; baseline -0.005 -8"><span class='ocrx_word' id='word_1_261' title='bbox 111 2090 249 2122; x_wconf 85' lang='lat' dir='ltr'><strong>meratis</strong></span> <span class='ocrx_word' id='word_1_262' title='bbox 283 2091 452 2129; x_wconf 80' lang='grc' dir='ltr'><em>φλιαριά,</em></span> <span class='ocrx_word' id='word_1_263' title='bbox 494 2090 616 2130; x_wconf 73' lang='grc' dir='ltr'><em>λῆρος,</em></span> <span class='ocrx_word' id='word_1_264' title='bbox 664 2086 747 2130; x_wconf 79' lang='grc' dir='ltr'><em>([λη-</em></span> 
     </span>
     <span class='ocr_line' id='line_1_34' title="bbox 115 2133 748 2176; baseline -0.003 -10"><span class='ocrx_word' id='word_1_265' title='bbox 115 2147 227 2176; x_wconf 80' lang='grc' dir='ltr'><em>ναφος</em></span> <span class='ocrx_word' id='word_1_266' title='bbox 243 2139 276 2167; x_wconf 88' lang='lat' dir='ltr'><em>et</em></span> <span class='ocrx_word' id='word_1_267' title='bbox 292 2134 419 2166; x_wconf 83' lang='lat' dir='ltr'><strong>similia</strong></span> <span class='ocrx_word' id='word_1_268' title='bbox 436 2133 666 2166; x_wconf 83' lang='lat' dir='ltr'><strong>subiiciuntur</strong></span> <span class='ocrx_word' id='word_1_269' title='bbox 689 2144 748 2175; x_wconf 84' lang='lat' dir='ltr'><strong>per</strong></span> 
     </span>
     <span class='ocr_line' id='line_1_35' title="bbox 111 2178 748 2222; baseline -0.006 -9"><span class='ocrx_word' id='word_1_270' title='bbox 111 2178 374 2222; x_wconf 70' lang='grc' dir='ltr'><em>ἀπροςδόκητον</em></span> <span class='ocrx_word' id='word_1_271' title='bbox 417 2178 599 2220; x_wconf 83' lang='lat' dir='ltr'><strong>quoddam.</strong></span> <span class='ocrx_word' id='word_1_272' title='bbox 650 2179 748 2210; x_wconf 86' lang='lat' dir='ltr'><strong>Conf.</strong></span> 
     </span>
     <span class='ocr_line' id='line_1_36' title="bbox 110 2223 747 2267; baseline -0.005 -9"><span class='ocrx_word' id='word_1_273' title='bbox 110 2227 202 2258; x_wconf 85' lang='lat' dir='ltr'><strong>infra</strong></span> <span class='ocrx_word' id='word_1_274' title='bbox 224 2236 256 2267; x_wconf 91' lang='lat' dir='ltr'><em>p.</em></span> <span class='ocrx_word' id='word_1_275' title='bbox 280 2224 355 2259; x_wconf 79' lang='lat'>519.</span> <span class='ocrx_word' id='word_1_276' title='bbox 374 2225 413 2255; x_wconf 82' lang='lat' dir='ltr'><em>A.</em></span> <span class='ocrx_word' id='word_1_277' title='bbox 447 2224 621 2256; x_wconf 85' lang='lat' dir='ltr'><strong>Phaedon.</strong></span> <span class='ocrx_word' id='word_1_278' title='bbox 645 2235 677 2266; x_wconf 92' lang='lat' dir='ltr'><em>p.</em></span> <span class='ocrx_word' id='word_1_279' title='bbox 695 2223 747 2256; x_wconf 87' lang='grc'><em>66.</em></span> 
     </span>
     <span class='ocr_line' id='line_1_37' title="bbox 112 2268 748 2311; baseline -0.008 -8"><span class='ocrx_word' id='word_1_280' title='bbox 112 2272 160 2303; x_wconf 83' lang='lat' dir='ltr'><em>C:</em></span> <span class='ocrx_word' id='word_1_281' title='bbox 186 2269 327 2311; x_wconf 78' lang='grc' dir='ltr'><em>ἐρώτων</em></span> <span class='ocrx_word' id='word_1_282' title='bbox 343 2269 381 2302; x_wconf 87' lang='grc' dir='ltr'><em>δὲ</em></span> <span class='ocrx_word' id='word_1_283' title='bbox 396 2269 450 2300; x_wconf 77' lang='grc' dir='ltr'><em>καὶ</em></span> <span class='ocrx_word' id='word_1_284' title='bbox 477 2268 672 2308; x_wconf 66' lang='grc' dir='ltr'><em>ἐπιθυμιῶν</em></span> <span class='ocrx_word' id='word_1_285' title='bbox 694 2269 748 2299; x_wconf 83' lang='grc' dir='ltr'><em>καὶ</em></span> 
     </span>
     <span class='ocr_line' id='line_1_38' title="bbox 115 2312 750 2358; baseline -0.006 -10"><span class='ocrx_word' id='word_1_286' title='bbox 115 2314 241 2358; x_wconf 83' lang='grc' dir='ltr'><em>φόβων</em></span> <span class='ocrx_word' id='word_1_287' title='bbox 265 2315 319 2347; x_wconf 85' lang='grc' dir='ltr'><em>καὶ</em></span> <span class='ocrx_word' id='word_1_288' title='bbox 344 2312 502 2347; x_wconf 76' lang='grc' dir='ltr'><em>εἰδώλων</em></span> <span class='ocrx_word' id='word_1_289' title='bbox 518 2313 750 2346; x_wconf 79' lang='grc' dir='ltr'><em>παντοδαπῶν</em></span> 
     </span>
     <span class='ocr_line' id='line_1_39' title="bbox 111 2360 749 2402; baseline -0.006 -8"><span class='ocrx_word' id='word_1_290' title='bbox 111 2361 166 2394; x_wconf 79' lang='grc' dir='ltr'><em>καὶ</em></span> <span class='ocrx_word' id='word_1_291' title='bbox 185 2361 356 2401; x_wconf 70' lang='grc' dir='ltr'><em>φλυαρίας</em></span> <span class='ocrx_word' id='word_1_292' title='bbox 369 2360 562 2402; x_wconf 73' lang='grc' dir='ltr'><em>ἐμπίπλησι.</em></span> <span class='ocrx_word' id='word_1_293' title='bbox 576 2370 607 2390; x_wconf 92' lang='lat' dir='ltr'>v.</span> <span class='ocrx_word' id='word_1_294' title='bbox 623 2360 749 2401; x_wconf 89' lang='lat' dir='ltr'><strong>Toup.</strong></span> 
     </span>
     <span class='ocr_line' id='line_1_40' title="bbox 113 2403 751 2448; baseline -0.006 -9"><span class='ocrx_word' id='word_1_295' title='bbox 113 2407 156 2439; x_wconf 86' lang='lat' dir='ltr'><strong>ad</strong></span> <span class='ocrx_word' id='word_1_296' title='bbox 188 2407 324 2448; x_wconf 85' lang='lat' dir='ltr'><strong>Fragm.</strong></span> <span class='ocrx_word' id='word_1_297' title='bbox 360 2405 506 2447; x_wconf 85' lang='lat' dir='ltr'><strong>Longin.</strong></span> <span class='ocrx_word' id='word_1_298' title='bbox 543 2416 574 2446; x_wconf 88' lang='lat' dir='ltr'><em>p.</em></span> <span class='ocrx_word' id='word_1_299' title='bbox 606 2403 681 2436; x_wconf 85' lang='lat'>400.</span> <span class='ocrx_word' id='word_1_300' title='bbox 718 2409 751 2435; x_wconf 90' lang='lat' dir='ltr'><em>et</em></span> 
     </span>
     <span class='ocr_line' id='line_1_41' title="bbox 115 2448 750 2490; baseline -0.005 -7"><span class='ocrx_word' id='word_1_301' title='bbox 115 2450 282 2484; x_wconf 82' lang='lat' dir='ltr'><strong>Iacobs.</strong></span> <span class='ocrx_word' id='word_1_302' title='bbox 307 2450 422 2482; x_wconf 85' lang='lat' dir='ltr'><strong>Addit.</strong></span> <span class='ocrx_word' id='word_1_303' title='bbox 443 2451 478 2481; x_wconf 90' lang='lat' dir='ltr'><em>in</em></span> <span class='ocrx_word' id='word_1_304' title='bbox 496 2450 622 2481; x_wconf 87' lang='lat' dir='ltr'>Athen.</span> <span class='ocrx_word' id='word_1_305' title='bbox 647 2460 678 2490; x_wconf 89' lang='lat' dir='ltr'>p.</span> <span class='ocrx_word' id='word_1_306' title='bbox 696 2448 750 2481; x_wconf 79' lang='lat'><em>49.</em></span> 
     </span>
     <span class='ocr_line' id='line_1_42' title="bbox 160 2494 750 2537; baseline -0.003 -9"><span class='ocrx_word' id='word_1_307' title='bbox 160 2497 203 2528; x_wconf 94' lang='lat' dir='ltr'><em>D.</em></span> <span class='ocrx_word' id='word_1_308' title='bbox 233 2495 372 2527; x_wconf 83' lang='grc' dir='ltr'><em>Ποίων</em></span> <span class='ocrx_word' id='word_1_309' title='bbox 393 2494 549 2533; x_wconf 83' lang='grc' dir='ltr'><em>ἱματίω</em></span> <span class='ocrx_word' id='word_1_310' title='bbox 565 2494 614 2537; x_wconf 82' lang='lat'><em>1·;]</em></span> <span class='ocrx_word' id='word_1_311' title='bbox 638 2494 750 2533; x_wconf 80' lang='lat' dir='ltr'><strong>Quas</strong></span> 
     </span>
     <span class='ocr_line' id='line_1_43' title="bbox 115 2540 751 2573; baseline -0.005 0"><span class='ocrx_word' id='word_1_312' title='bbox 115 2545 159 2573; x_wconf 86' lang='lat' dir='ltr'><strong>tu</strong></span> <span class='ocrx_word' id='word_1_313' title='bbox 183 2540 293 2572; x_wconf 90' lang='lat' dir='ltr'><strong>mihi</strong></span> <span class='ocrx_word' id='word_1_314' title='bbox 317 2544 466 2571; x_wconf 82' lang='lat' dir='ltr'><strong>vestes</strong></span> <span class='ocrx_word' id='word_1_315' title='bbox 490 2540 671 2571; x_wconf 80' lang='lat' dir='ltr'><strong>narras?</strong></span> <span class='ocrx_word' id='word_1_316' title='bbox 697 2540 751 2571; x_wconf 89' lang='lat' dir='ltr'><em>In-</em></span> 
     </span>
     <span class='ocr_line' id='line_1_44' title="bbox 116 2584 751 2628; baseline -0.002 -11"><span class='ocrx_word' id='word_1_317' title='bbox 116 2585 291 2628; x_wconf 83' lang='lat' dir='ltr'><strong>dignantis</strong></span> <span class='ocrx_word' id='word_1_318' title='bbox 321 2584 407 2616; x_wconf 87' lang='lat' dir='ltr'><strong>haec</strong></span> <span class='ocrx_word' id='word_1_319' title='bbox 437 2584 658 2627; x_wconf 79' lang='lat' dir='ltr'><strong>interrogatio</strong></span> <span class='ocrx_word' id='word_1_320' title='bbox 690 2590 751 2624; x_wconf 84' lang='lat' dir='ltr'><strong>est,</strong></span> 
     </span>
     <span class='ocr_line' id='line_1_45' title="bbox 115 2629 751 2671; baseline -0.003 -8"><span class='ocrx_word' id='word_1_321' title='bbox 115 2632 212 2663; x_wconf 86' lang='lat' dir='ltr'><strong>cuius</strong></span> <span class='ocrx_word' id='word_1_322' title='bbox 246 2630 404 2671; x_wconf 82' lang='lat' dir='ltr'><strong>exempla</strong></span> <span class='ocrx_word' id='word_1_323' title='bbox 433 2629 598 2661; x_wconf 87' lang='lat' dir='ltr'><strong>dederunt</strong></span> <span class='ocrx_word' id='word_1_324' title='bbox 622 2630 713 2661; x_wconf 88' lang='lat' dir='ltr'><strong>Heu</strong></span> <span class='ocrx_word' id='word_1_325' title='bbox 723 2641 751 2660; x_wconf 85' lang='lat' dir='ltr'><em>s-</em></span> 
     </span>
     <span class='ocr_line' id='line_1_46' title="bbox 115 2673 752 2716; baseline -0.002 -9"><span class='ocrx_word' id='word_1_326' title='bbox 115 2676 213 2708; x_wconf 87' lang='lat' dir='ltr'><strong>dius</strong></span> <span class='ocrx_word' id='word_1_327' title='bbox 263 2676 408 2716; x_wconf 85' lang='lat' dir='ltr'><strong>Specim.</strong></span> <span class='ocrx_word' id='word_1_328' title='bbox 457 2675 564 2706; x_wconf 77' lang='lat' dir='ltr'><strong>critic.</strong></span> <span class='ocrx_word' id='word_1_329' title='bbox 608 2685 638 2716; x_wconf 87' lang='lat' dir='ltr'>p.</span> <span class='ocrx_word' id='word_1_330' title='bbox 677 2673 752 2706; x_wconf 77' lang='lat'>108.</span> 
     </span>
     <span class='ocr_line' id='line_1_47' title="bbox 115 2718 752 2760; baseline -0.003 -8"><span class='ocrx_word' id='word_1_331' title='bbox 115 2720 340 2753; x_wconf 83' lang='lat' dir='ltr'><strong>Heindorf.</strong></span> <span class='ocrx_word' id='word_1_332' title='bbox 374 2720 416 2751; x_wconf 82' lang='lat' dir='ltr'><strong>ad</strong></span> <span class='ocrx_word' id='word_1_333' title='bbox 447 2720 588 2751; x_wconf 85' lang='lat' dir='ltr'><strong>Phaedr.</strong></span> <span class='ocrx_word' id='word_1_334' title='bbox 621 2730 652 2760; x_wconf 87' lang='lat' dir='ltr'>p.</span> <span class='ocrx_word' id='word_1_335' title='bbox 677 2718 752 2751; x_wconf 91' lang='lat'>111.</span> 
     </span>
    </p>
   </div>
   <div class='ocr_carea' id='block_1_7' title="bbox 815 1904 1461 2761">
    <p class='ocr_par' dir='ltr' id='par_1_10' title="bbox 815 1904 1459 2615">
     <span class='ocr_line' id='line_1_48' title="bbox 817 1904 1456 1948; baseline -0.002 -10"><span class='ocrx_word' id='word_1_336' title='bbox 817 1910 848 1938; x_wconf 88' lang='lat' dir='ltr'><em>et</em></span> <span class='ocrx_word' id='word_1_337' title='bbox 888 1905 963 1938; x_wconf 87' lang='lat'>133.</span> <span class='ocrx_word' id='word_1_338' title='bbox 1003 1905 1045 1937; x_wconf 79' lang='lat' dir='ltr'><strong>ad</strong></span> <span class='ocrx_word' id='word_1_339' title='bbox 1085 1907 1261 1948; x_wconf 86' lang='lat' dir='ltr'><strong>Protagor.</strong></span> <span class='ocrx_word' id='word_1_340' title='bbox 1300 1916 1332 1948; x_wconf 90' lang='lat' dir='ltr'><em>p.</em></span> <span class='ocrx_word' id='word_1_341' title='bbox 1369 1904 1456 1943; x_wconf 67' lang='lat'><em>365„</em></span> 
     </span>
     <span class='ocr_line' id='line_1_49' title="bbox 816 1951 1455 1993; baseline -0.002 -10"><span class='ocrx_word' id='word_1_342' title='bbox 816 1952 940 1993; x_wconf 74' lang='lat' dir='ltr'><strong>quibus</strong></span> <span class='ocrx_word' id='word_1_343' title='bbox 966 1951 1132 1983; x_wconf 76' lang='lat' dir='ltr'><strong>accedant</strong></span> <span class='ocrx_word' id='word_1_344' title='bbox 1160 1962 1245 1992; x_wconf 82' lang='lat' dir='ltr'><strong>quae</strong></span> <span class='ocrx_word' id='word_1_345' title='bbox 1270 1952 1389 1983; x_wconf 82' lang='lat' dir='ltr'><strong>notavi</strong></span> <span class='ocrx_word' id='word_1_346' title='bbox 1414 1952 1455 1982; x_wconf 81' lang='lat' dir='ltr'><strong>ad</strong></span> 
     </span>
     <span class='ocr_line' id='line_1_50' title="bbox 816 1996 1455 2039; baseline -0.003 -10"><span class='ocrx_word' id='word_1_347' title='bbox 816 1997 919 2039; x_wconf 89' lang='lat' dir='ltr'><strong>Hipp.</strong></span> <span class='ocrx_word' id='word_1_348' title='bbox 957 1997 1040 2029; x_wconf 82' lang='lat' dir='ltr'><strong>Mai.</strong></span> <span class='ocrx_word' id='word_1_349' title='bbox 1086 2007 1117 2038; x_wconf 89' lang='lat' dir='ltr'><em>p.</em></span> <span class='ocrx_word' id='word_1_350' title='bbox 1153 1996 1228 2029; x_wconf 75' lang='grc'><em>285.</em></span> <span class='ocrx_word' id='word_1_351' title='bbox 1261 1997 1304 2028; x_wconf 90' lang='lat' dir='ltr'>D.</span> <span class='ocrx_word' id='word_1_352' title='bbox 1373 1997 1455 2028; x_wconf 82' lang='lat' dir='ltr'><strong>Mox</strong></span> 
     </span>
     <span class='ocr_line' id='line_1_51' title="bbox 815 2042 1456 2084; baseline -0.003 -10"><span class='ocrx_word' id='word_1_353' title='bbox 815 2043 983 2084; x_wconf 85' lang='lat' dir='ltr'><strong>apertiore</strong></span> <span class='ocrx_word' id='word_1_354' title='bbox 1044 2043 1146 2073; x_wconf 84' lang='lat' dir='ltr'><strong>etiam</strong></span> <span class='ocrx_word' id='word_1_355' title='bbox 1206 2042 1456 2083; x_wconf 78' lang='lat' dir='ltr'><strong>indignationis</strong></span> 
     </span>
     <span class='ocr_line' id='line_1_52' title="bbox 816 2084 1455 2130; baseline -0.003 -11"><span class='ocrx_word' id='word_1_356' title='bbox 816 2087 1067 2130; x_wconf 80' lang='lat' dir='ltr'><strong>significatione</strong></span> <span class='ocrx_word' id='word_1_357' title='bbox 1099 2087 1223 2119; x_wconf 87' lang='lat' dir='ltr'><strong>dicitur</strong></span> <span class='ocrx_word' id='word_1_358' title='bbox 1256 2087 1346 2118; x_wconf 79' lang='grc' dir='ltr'><em>Ποῖα</em></span> <span class='ocrx_word' id='word_1_359' title='bbox 1374 2084 1455 2118; x_wconf 78' lang='grc' dir='ltr'><em>ὑπο-</em></span> 
     </span>
     <span class='ocr_line' id='line_1_53' title="bbox 818 2132 1456 2175; baseline -0.003 -11"><span class='ocrx_word' id='word_1_360' title='bbox 818 2132 965 2175; x_wconf 79' lang='grc' dir='ltr'><em>δήματα;</em></span> <span class='ocrx_word' id='word_1_361' title='bbox 994 2133 1162 2172; x_wconf 53' lang='grc' dir='ltr'><em>(φλυαρεῖς</em></span> <span class='ocrx_word' id='word_1_362' title='bbox 1188 2133 1294 2173; x_wconf 77' lang='grc' dir='ltr'><em>ἔχιοι’.·</em></span> <span class='ocrx_word' id='word_1_363' title='bbox 1321 2132 1360 2163; x_wconf 87' lang='lat' dir='ltr'><em>de</em></span> <span class='ocrx_word' id='word_1_364' title='bbox 1389 2142 1456 2173; x_wconf 84' lang='lat' dir='ltr'><em>qua</em></span> 
     </span>
     <span class='ocr_line' id='line_1_54' title="bbox 816 2178 1456 2218; baseline -0.002 -9"><span class='ocrx_word' id='word_1_365' title='bbox 816 2179 963 2210; x_wconf 85' lang='lat' dir='ltr'><strong>formula</strong></span> <span class='ocrx_word' id='word_1_366' title='bbox 981 2188 1012 2208; x_wconf 88' lang='lat' dir='ltr'>v.</span> <span class='ocrx_word' id='word_1_367' title='bbox 1030 2178 1219 2209; x_wconf 74' lang='lat' dir='ltr'><strong>Hermai]</strong></span> <span class='ocrx_word' id='word_1_368' title='bbox 1230 2188 1261 2208; x_wconf 90' lang='lat' dir='ltr'><em>n.</em></span> <span class='ocrx_word' id='word_1_369' title='bbox 1281 2178 1322 2209; x_wconf 82' lang='lat' dir='ltr'><strong>ad</strong></span> <span class='ocrx_word' id='word_1_370' title='bbox 1341 2178 1456 2218; x_wconf 84' lang='lat' dir='ltr'><strong>Viger.</strong></span> 
     </span>
     <span class='ocr_line' id='line_1_55' title="bbox 816 2221 1456 2265; baseline -0.002 -10"><span class='ocrx_word' id='word_1_371' title='bbox 816 2234 847 2265; x_wconf 90' lang='lat' dir='ltr'>p.</span> <span class='ocrx_word' id='word_1_372' title='bbox 874 2221 948 2255; x_wconf 81' lang='grc'><em>777.</em></span> <span class='ocrx_word' id='word_1_373' title='bbox 984 2223 1215 2254; x_wconf 83' lang='lat' dir='ltr'><strong>Matthiae.</strong></span> <span class='ocrx_word' id='word_1_374' title='bbox 1243 2223 1300 2254; x_wconf 85' lang='lat' dir='ltr'><em>Gr.</em></span> <span class='ocrx_word' id='word_1_375' title='bbox 1327 2224 1356 2261; x_wconf 64' lang='lat'><em>§-</em></span> <span class='ocrx_word' id='word_1_376' title='bbox 1381 2221 1456 2254; x_wconf 73' lang='lat'>567.</span> 
     </span>
     <span class='ocr_line' id='line_1_56' title="bbox 818 2267 1458 2300; baseline -0.003 -1"><span class='ocrx_word' id='word_1_377' title='bbox 818 2268 1023 2299; x_wconf 75' lang='lat' dir='ltr'><strong>Germanice</strong></span> <span class='ocrx_word' id='word_1_378' title='bbox 1040 2268 1125 2299; x_wconf 81' lang='lat' dir='ltr'><strong>haec</strong></span> <span class='ocrx_word' id='word_1_379' title='bbox 1141 2269 1190 2299; x_wconf 82' lang='lat' dir='ltr'><em>ita</em></span> <span class='ocrx_word' id='word_1_380' title='bbox 1208 2267 1344 2300; x_wconf 83' lang='lat' dir='ltr'><strong>reddas:</strong></span> <span class='ocrx_word' id='word_1_381' title='bbox 1380 2267 1458 2298; x_wconf 83' lang='lat' dir='ltr'><em>Was</em></span> 
     </span>
     <span class='ocr_line' id='line_1_57' title="bbox 817 2312 1459 2353; baseline 0 -9"><span class='ocrx_word' id='word_1_382' title='bbox 817 2313 893 2345; x_wconf 72' lang='lat' dir='ltr'><em>hast</em></span> <span class='ocrx_word' id='word_1_383' title='bbox 906 2313 953 2344; x_wconf 71' lang='lat' dir='ltr'><em>&lt;lu</em></span> <span class='ocrx_word' id='word_1_384' title='bbox 970 2324 1049 2353; x_wconf 68' lang='lat' dir='ltr'><em>mer,</em></span> <span class='ocrx_word' id='word_1_385' title='bbox 1073 2313 1152 2344; x_wconf 75' lang='lat' dir='ltr'><em>dass</em></span> <span class='ocrx_word' id='word_1_386' title='bbox 1170 2313 1217 2344; x_wconf 75' lang='lat' dir='ltr'><em>(ch</em></span> <span class='ocrx_word' id='word_1_387' title='bbox 1234 2313 1317 2345; x_wconf 73' lang='lat' dir='ltr'><strong>cloch</strong></span> <span class='ocrx_word' id='word_1_388' title='bbox 1340 2312 1459 2344; x_wconf 65' lang='lat' dir='ltr'><strong>immeo·</strong></span> 
     </span>
     <span class='ocr_line' id='line_1_58' title="bbox 818 2356 1458 2390; baseline 0.002 -1"><span class='ocrx_word' id='word_1_389' title='bbox 818 2370 880 2389; x_wconf 72' lang='lat' dir='ltr'><em>von</em></span> <span class='ocrx_word' id='word_1_390' title='bbox 914 2356 1074 2389; x_wconf 74' lang='lat' dir='ltr'><em>Schulzen</em></span> <span class='ocrx_word' id='word_1_391' title='bbox 1111 2357 1323 2390; x_wconf 75' lang='lat' dir='ltr'><strong>solzwatzest?</strong></span> <span class='ocrx_word' id='word_1_392' title='bbox 1368 2359 1458 2390; x_wconf 86' lang='lat' dir='ltr'><strong>Ante</strong></span> 
     </span>
     <span class='ocr_line' id='line_1_59' title="bbox 819 2401 1458 2442; baseline 0.002 -8"><span class='ocrx_word' id='word_1_393' title='bbox 819 2401 878 2434; x_wconf 74' lang='grc' dir='ltr'><em>τὸν</em></span> <span class='ocrx_word' id='word_1_394' title='bbox 904 2401 1113 2442; x_wconf 82' lang='grc' dir='ltr'><em>σκυτοτόμον</em></span> <span class='ocrx_word' id='word_1_395' title='bbox 1135 2403 1221 2437; x_wconf 72' lang='grc' dir='ltr'><em>ἴσως</em></span> <span class='ocrx_word' id='word_1_396' title='bbox 1245 2414 1277 2442; x_wconf 88' lang='grc' dir='ltr'><em>μ.</em></span> <span class='ocrx_word' id='word_1_397' title='bbox 1305 2402 1332 2435; x_wconf 88' lang='grc' dir='ltr'><em>δ.</em></span> <span class='ocrx_word' id='word_1_398' title='bbox 1359 2414 1458 2435; x_wconf 90' lang='lat' dir='ltr'><strong>nemo</strong></span> 
     </span>
     <span class='ocr_line' id='line_1_60' title="bbox 819 2447 1459 2490; baseline 0 -10"><span class='ocrx_word' id='word_1_399' title='bbox 819 2448 978 2490; x_wconf 87' lang='lat' dir='ltr'><strong>copulam</strong></span> <span class='ocrx_word' id='word_1_400' title='bbox 1025 2447 1246 2489; x_wconf 80' lang='lat' dir='ltr'><strong>desiderabit,</strong></span> <span class='ocrx_word' id='word_1_401' title='bbox 1295 2449 1353 2490; x_wconf 86' lang='lat' dir='ltr'><em>qui</em></span> <span class='ocrx_word' id='word_1_402' title='bbox 1391 2460 1459 2480; x_wconf 85' lang='lat' dir='ltr'><strong>me—</strong></span> 
     </span>
     <span class='ocr_line' id='line_1_61' title="bbox 818 2493 1458 2536; baseline 0.002 -12"><span class='ocrx_word' id='word_1_403' title='bbox 818 2494 955 2524; x_wconf 82' lang='lat' dir='ltr'><strong>minerit</strong></span> <span class='ocrx_word' id='word_1_404' title='bbox 1009 2493 1239 2526; x_wconf 86' lang='lat' dir='ltr'><strong>membrorum</strong></span> <span class='ocrx_word' id='word_1_405' title='bbox 1287 2494 1458 2536; x_wconf 82' lang='lat' dir='ltr'><strong>paralleli-</strong></span> 
     </span>
     <span class='ocr_line' id='line_1_62' title="bbox 819 2539 1458 2579; baseline 0.003 -10"><span class='ocrx_word' id='word_1_406' title='bbox 819 2549 929 2570; x_wconf 84' lang='lat' dir='ltr'><strong>smum</strong></span> <span class='ocrx_word' id='word_1_407' title='bbox 955 2540 1131 2579; x_wconf 81' lang='lat' dir='ltr'><strong>aspernari</strong></span> <span class='ocrx_word' id='word_1_408' title='bbox 1156 2539 1264 2571; x_wconf 85' lang='lat' dir='ltr'><strong>solere</strong></span> <span class='ocrx_word' id='word_1_409' title='bbox 1293 2540 1458 2572; x_wconf 83' lang='lat' dir='ltr'><strong>orationis</strong></span> 
     </span>
     <span class='ocr_line' id='line_1_63' title="bbox 819 2583 970 2615; baseline 0 -1"><span class='ocrx_word' id='word_1_410' title='bbox 819 2583 970 2615; x_wconf 85' lang='lat' dir='ltr'><strong>vincula.</strong></span> 
     </span>
    </p>

    <p class='ocr_par' dir='ltr' id='par_1_11' title="bbox 820 2625 1461 2761">
     <span class='ocr_line' id='line_1_64' title="bbox 865 2625 1458 2671; baseline 0.003 -12"><span class='ocrx_word' id='word_1_411' title='bbox 865 2629 903 2659; x_wconf 90' lang='lat' dir='ltr'>E.</span> <span class='ocrx_word' id='word_1_412' title='bbox 929 2626 988 2661; x_wconf 71' lang='grc' dir='ltr'><em>Ὡς</em></span> <span class='ocrx_word' id='word_1_413' title='bbox 1010 2625 1076 2660; x_wconf 79' lang='grc' dir='ltr'><em>αἐὶ</em></span> <span class='ocrx_word' id='word_1_414' title='bbox 1101 2626 1228 2660; x_wconf 61' lang='grc' dir='ltr'><em>ταῦτὰ</em></span> <span class='ocrx_word' id='word_1_415' title='bbox 1251 2627 1458 2671; x_wconf 70' lang='grc' dir='ltr'><em>λέγεις-]</em></span> 
     </span>
     <span class='ocr_line' id='line_1_65' title="bbox 821 2671 1461 2705; baseline 0 0"><span class='ocrx_word' id='word_1_416' title='bbox 821 2675 860 2705; x_wconf 83' lang='grc'><em>111</em></span> <span class='ocrx_word' id='word_1_417' title='bbox 892 2673 1020 2704; x_wconf 79' lang='lat' dir='ltr'><strong>talibus</strong></span> <span class='ocrx_word' id='word_1_418' title='bbox 1045 2671 1091 2705; x_wconf 52' lang='grc' dir='ltr'><em>(ὃς</em></span> <span class='ocrx_word' id='word_1_419' title='bbox 1116 2674 1332 2705; x_wconf 59' lang='grc' dir='ltr'><em>εχιιὶιιιῃιιῃᾶί</em></span> <span class='ocrx_word' id='word_1_420' title='bbox 1358 2673 1461 2705; x_wconf 84' lang='lat' dir='ltr'><strong>habet</strong></span> 
     </span>
     <span class='ocr_line' id='line_1_66' title="bbox 820 2717 1459 2761; baseline 0.002 -11"><span class='ocrx_word' id='word_1_421' title='bbox 820 2717 1124 2761; x_wconf 81' lang='lat' dir='ltr'><strong>significationem:</strong></span> <span class='ocrx_word' id='word_1_422' title='bbox 1152 2720 1204 2750; x_wconf 84' lang='lat' dir='ltr'><strong>Ut</strong></span> <span class='ocrx_word' id='word_1_423' title='bbox 1228 2723 1271 2750; x_wconf 87' lang='lat' dir='ltr'><strong>tu</strong></span> <span class='ocrx_word' id='word_1_424' title='bbox 1296 2730 1459 2761; x_wconf 75' lang='lat' dir='ltr'><strong>semper</strong></span> 
     </span>
    </p>
   </div>
  </div>
 </body>
</html>
