1687 2969
421 148 829 193 PHAEDRUS.
863 152 911 192 P.
954 152 1030 192 261
1066 150 1129 192 St.
1373 152 1449 191 157

207 268 336 310 ΨΛΙ.
401 266 564 322 Ἐρωτᾶ
570 283 628 310 τε.

204 333 310 377 ΣΩ.
365 327 467 391 τΑρ’
521 327 601 377 οὖν
648 333 699 376 οὐ
738 331 786 376 τὸ
823 335 901 388 μὲν
934 331 1041 376 ὅλον
1078 332 1103 386 ἡ
1139 334 1353 394 ῥητορικὴ
1391 333 1449 378 ἂν

105 400 169 453 εἴη
202 404 329 457 τέχνη
364 404 623 461 ψυχαγωγία
660 418 725 451 τις
760 399 831 443 διὰ
869 399 1023 455 λόγων,
1062 400 1113 444 οὐ
1148 400 1287 457 μόνον
1321 406 1368 445 ἐν
1390 405 1453 445 δι-

103 471 355 526 καστηρίοις
405 471 479 512 καὶ
527 466 624 512 ὅσοι
658 465 783 511 ἄλλοι
824 468 1031 523 δημόσιοι
1066 465 1293 519 σύλλογοι,
1335 468 1449 512 ἀλλὰ

102 537 175 578 καὶ
209 540 256 578 ὲν
290 537 436 586 ιόίοις,
470 533 496 588 ἡ
533 533 644 588 αὐτη
683 537 873 592 σμικρῶν
909 552 954 578 τε
991 536 1064 578 καὶ
1099 535 1300 591 μεγάλων
1336 542 1456 595 πέρις

103 604 176 645 καὶ
211 600 339 646 οὐδὲν
373 600 650 659 ἐντιμότερον
687 600 737 645 τό
772 619 818 656 γε
851 599 1000 659 ὀρθὸν
1035 619 1134 658 περι
1168 606 1390 647 σπουδαῖα
1426 602 1453 657 1)

104 671 201 726 περὶ
237 671 390 729 φαῦλα
426 667 714 726 γιγνόμενονς
750 666 777 722 τ’]
811 670 904 719 πῶς
941 667 993 713 σὺ
1030 668 1155 712 ταῦτ’
1197 668 1420 724 ακηκοαςς

204 739 334 780 ΦΑΙ.
408 735 471 780 Οὐ
519 734 582 792 μα
628 734 708 780 τὸν
755 735 839 789 Δί’,
884 734 936 780 οὐ
984 736 1268 780 παντάπασιν
1304 736 1454 790 οὕτως,

103 801 217 846 ἀλλὰ
254 803 445 860 μάλιστα
476 807 554 860 μέν
589 821 681 854 πως
713 806 810 861 περὶ
845 801 924 854 τὰς
959 806 1080 854 δίκας
1114 807 1281 858 λέγεταί
1314 822 1359 848 τε
1382 808 1455 848 καὶ

105 869 329 931 γράφεται
364 875 500 931 τέχνῃ,
536 873 705 926 λέγεται
739 873 783 914 δὲ
818 873 889 914 καὶ
924 873 1022 929 περὶ
1059 874 1348 929 δημηγορίας·
1384 876 1452 916 ἐπὶ

104 939 235 981 πλέον
271 940 316 981 δὲ
352 937 431 981 οὐκ
461 936 647 989 ἀκήκοα.

481 1005 486 1015 ι
533 998 551 1016 '5

201 1005 309 1049 ΣΩ.
372 1004 472 1048 Ἀλλ
529 1022 553 1057 η
593 1003 674 1056 τὰς
708 1006 932 1063 Νέστορος
965 1002 1283 1056 καὶὈδυσσέως
1302 1009 1456 1064 τέχνας

187 1130 267 1176 Ἆρ’
295 1131 369 1167 οὖν
394 1134 442 1167 ου’
469 1135 516 1167 τὸ
543 1149 579 1179 μ,
606 1134 688 1178 ὁ’λ,]
728 1135 827 1176 quod
852 1136 953 1176 vulgo
977 1135 1095 1167 aberat
1121 1130 1183 1167 οὖν
1209 1147 1227 1168 e
1252 1137 1328 1169 cod.
1357 1138 1455 1171 Bodi-

102 1181 246 1222 aliisque
271 1181 423 1224 plurimis
449 1192 556 1223 nuper
580 1182 787 1214 restitutum.

838 1181 1026 1222 Perperam
1053 1185 1165 1213 tamen
1190 1181 1248 1222 ἄρ’
1277 1183 1378 1217 Bodi.

190 1227 233 1260 B.-
282 1226 303 1267 ἢ
333 1227 430 1270 περὶ
459 1226 627 1269 φαῦλα]
660 1227 958 1268 Praepositionem
989 1227 1066 1269 περὶ
1091 1228 1191 1269 vulgo
1220 1228 1271 1261 hic
1295 1235 1456 1271 praeter-

102 1273 239 1305 missam
267 1272 367 1305 codd.
395 1283 516 1305 omnes
548 1273 793 1306 redhibuerunt
819 1276 964 1314 excepto
988 1283 1055 1304 uuo
1080 1272 1159 1304 Par.
1187 1273 1227 1308 E.

204 1319 384 1362 λέγεταί
413 1331 455 1351 τε
486 1319 555 1350 καὶ
579 1318 664 1362 γρ]
697 1319 827 1350 Aberat
857 1320 957 1360 vuigo
991 1331 1026 1350 τε
1052 1319 1163 1351 invitis
1189 1320 1290 1355 codd.
1316 1326 1454 1363 praeter

99 1364 180 1398 Par.
206 1364 248 1396 E.

190 1409 303 1442 Ἀλλ’
337 1414 355 1451 ἠ
384 1409 460 1448 τὰς
484 1411 551 1454 Ν.]
590 1410 628 1444 V.
654 1409 696 1451 ἢ,
722 1407 815 1451 quod
840 1409 906 1441 iam
932 1409 1113 1443 Heindorf.
1137 1411 1301 1451 correxit,
1329 1412 1454 1445 suffra-

98 1459 202 1495 gante
228 1455 326 1490 Vind.
358 1460 387 1491 l.
414 1455 446 1491 6.
494 1457 578 1489 Dein
603 1457 705 1498 vulgo
731 1454 945 1495 σχολάζοντε,
970 1456 1061 1496 quod
1089 1467 1107 1488 e
1132 1456 1233 1491 Bodi.
1259 1457 1354 1492 Fior.
1376 1469 1408 1500 g.
1423 1459 1453 1492 h.

101 1501 200 1535 Vind.
229 1503 257 1536 1.
284 1500 316 1536 3.
341 1501 373 1536 4.
399 1502 430 1537 7.
458 1515 490 1536 α.
515 1502 673 1534 ΔΠΣΙ)
699 1502 772 1533 aliis
797 1511 883 1533 nunc
911 1502 1126 1535 mutavimus.
1176 1503 1347 1536 Piuralem
1375 1515 1454 1546 par-

100 1546 204 1588 ticipii
238 1557 315 1580 cum
349 1548 438 1580 duali
471 1558 613 1581 numero
647 1547 740 1579 verbi
773 1547 988 1579 coniunctum
1014 1547 1056 1579 ad
1081 1548 1225 1583 Phaedr.

99 1591 208 1634 Gorg.
234 1603 267 1634 p.
292 1592 369 1627 481.
398 1594 436 1628 D.
463 1594 560 1627 Prot.

98 1647 185 1678 mus.
214 1638 302 1673 conf.
329 1641 430 1671 etiam
453 1639 538 1672 infra
564 1650 597 1681 p.
615 1638 692 1672 278.

100 1683 251 1717 ricenses
277 1684 479 1726 σχολάζοντε
504 1688 692 1718 servarunt.

101 1773 135 1806 H
147 1773 277 1807 EIND
289 1775 320 1808 Ο
333 1776 364 1809 R
375 1775 415 1810 F.
464 1775 602 1808 Scilicet
634 1775 748 1808 Phae-

102 1819 185 1851 drus
208 1821 385 1858 καλλίπαις
416 1823 626 1864 appeilatur,
660 1832 747 1863 quo-

99 1865 185 1898 niam
210 1876 407 1900 sermonum
426 1867 656 1900 habendorum
684 1867 745 1900 de-

99 1910 150 1943 dit
186 1914 414 1947 occasionem.
461 1914 513 1946 lta
543 1924 575 1956 p.
601 1912 679 1947 257.
705 1913 731 1945 B

98 1956 224 1998 Lysias
242 1963 385 1991 vocatur
409 1958 524 2001 πατὴρ
540 1963 606 1993 τοῦ
624 1958 742 2002 λόγου

100 2002 180 2036 Quo
205 2004 342 2037 nomine
365 2006 439 2046 ipse
454 2005 632 2038 Phaedrus
656 2015 743 2048 quo-

101 2057 167 2089 que
192 2054 333 2082 ornatur
357 2050 518 2093 Sympos.
540 2062 572 2094 p.
602 2051 676 2085 177.
701 2051 742 2085 D.

144 2091 249 2126 ἀλλὰ
281 2095 350 2126 καὶ
377 2097 419 2127 ἐν
452 2097 599 2138 ἰδίοις
625 2110 642 2138 η
670 2095 744 2128 av'-

99 2137 147 2179 τὴ
171 2145 362 2184 σμικρῶν
385 2155 429 2174 τε
452 2142 520 2174 καὶ
543 2156 580 2184 μ.
609 2142 658 2184 π,]
685 2143 743 2175 Sic

101 2194 192 2217 nunc
215 2187 359 2227 primum
385 2188 598 2221 distinximus
623 2193 743 2230 postu-

103 2231 196 2262 lante
214 2234 393 2268 sententia.
420 2234 530 2276 Vulgo
550 2238 641 2274 erat3
655 2233 740 2265 ἀλλὰ

101 2276 158 2306 καὶ
182 2276 216 2307 ἐν
237 2276 336 2316 ἰδίοις
361 2278 379 2320 ἡ
406 2278 509 2320 αὐτή,
535 2282 682 2323 σμικρῶν
705 2291 742 2312 τε

103 2333 133 2355 κ.
151 2334 188 2364 μ.
201 2332 237 2356 π
284 2324 374 2357 Dicit
397 2329 511 2358 autem
536 2325 619 2358 hoc.
646 2335 742 2358 non-

100 2376 156 2399 ne
179 2366 222 2398 in
244 2369 493 2404 universum
519 2371 742 2405 rhetorica

103 2414 172 2444 est
203 2422 274 2444 ars
314 2416 484 2450 animos
521 2415 744 2450 flectendi

103 2466 366 2500 quocunque
397 2463 534 2503 velis„
568 2473 651 2495 non
683 2472 744 2494 so-

102 2504 189 2535 lum
236 2503 276 2535 in
324 2505 503 2539 iudiciis
552 2508 743 2550 aliisque

103 2550 399 2583 conventibus
428 2553 637 2595 publicis,
678 2564 743 2586 ve—

103 2603 204 2626 rum
229 2595 361 2628 etiam
387 2597 426 2629 in
450 2599 652 2639 privatis,
679 2610 744 2632 ea-

104 2638 287 2682 demque
316 2652 472 2684 parvas
495 2653 577 2677 non
600 2645 741 2678 minus

103 2694 222 2725 quam
251 2696 427 2729 magnas
452 2698 524 2721 res
554 2694 741 2729 tractat,

103 2734 144 2762 et
172 2741 270 2765 vera
304 2733 401 2765 eins
435 2739 652 2776 rectaque
678 2746 741 2768 ra-

1252 1561 1284 1592 p.
1310 1550 1387 1584 256.
1415 1551 1454 1584 c,

586 1605 617 1636 p.
643 1593 720 1626 317.
748 1592 787 1627 E.
813 1592 1018 1633 Euthydem.
1045 1604 1076 1635 p.
1093 1593 1172 1627 273.
1202 1595 1240 1629 D.
1266 1596 1308 1629 al.
1334 1596 1454 1638 attigi-

722 1639 764 1671 D.
813 1639 930 1670 lnvitis
954 1638 1088 1680 optimis
1116 1638 1217 1675 codd.
1243 1644 1355 1674 tamen
1381 1641 1455 1674 Tu-

816 1775 878 1807 tio
913 1775 1058 1807 nihilo
1096 1781 1164 1809 est
1198 1779 1457 1821 praestabi-

816 1821 901 1853 lior
925 1821 966 1853 in
992 1823 1207 1863 gravibus
1238 1828 1457 1866 occupata

813 1866 941 1898 rebus
966 1877 1090 1909 quam
1125 1868 1165 1900 in
1190 1870 1387 1903 vilibus?
1411 1890 1457 1895 —-

812 1911 862 1943 τό
900 1925 944 1955 γε
984 1911 1145 1955 ὀρθόν,
1179 1926 1227 1947 sc.
1259 1914 1379 1957 αὐτῆς,
1412 1935 1456 1940 —

811 1958 1039 1991 Locutionem
1080 1964 1263 2002 γίγνεσθαι
1304 1973 1331 1996 s.
1369 1962 1457 1994 εἶναι

810 2005 890 2047 περί
922 2017 956 2036 τι
986 2004 1029 2037 de
1060 2006 1188 2038 artibus
1219 2012 1253 2040 et
1276 2008 1398 2040 studiis
1423 2009 1455 2040 in

810 2050 926 2091 aliquo
951 2061 1064 2083 rerum
1090 2062 1215 2093 genere
1240 2055 1455 2086 versantibus

810 2096 1058 2137 frequentatam
1070 2099 1263 2131 notavimus
1275 2100 1317 2131 ad
1330 2100 1454 2142 Remp

809 2141 854 2175 X.
873 2153 904 2184 p.
923 2141 1001 2176 602.
1021 2143 1455 2179 C.c0n{.D0rvi11.ad

810 2187 936 2221 Charit
1019 2187 1092 2222 142.
1119 2192 1154 2220 et
1180 2189 1384 2225 Boissonad.
1410 2191 1453 2224 ad

809 2232 896 2266 Phil.
923 2232 1008 2267 Her.
1033 2245 1065 2276 p.
1092 2232 1170 2268 342.

858 2301 897 2335 Β,
945 2300 1014 2331 ἐπὶ
1045 2302 1175 2334 πλέον
1201 2302 1245 2335 δὲ
1269 2303 1346 2335 οὐκ
1370 2302 1454 2347 dm]

810 2348 843 2379 h.
864 2357 893 2381 e
918 2347 1011 2388 pius
1037 2357 1130 2380 eam
1157 2348 1344 2382 effieere
1369 2360 1452 2382 non

811 2392 968 2425 audivi.
1035 2392 1086 2425 De
1125 2394 1181 2425 ἐπὶ
1213 2396 1315 2427 πλέοι
1346 2407 1377 2430 ν.
1409 2397 1453 2428 ad

810 2439 918 2480 Gorg.
943 2448 978 2478 p
1004 2436 1082 2473 453.
1112 2441 1153 2472 A.
1209 2441 1451 2484 Repetendum

809 2494 892 2516 vero
941 2483 1106 2526 λέγεσθαι
1152 2485 1208 2517 και
1249 2486 1454 2532 γραφέσθω

808 2542 919 2574 τδχν1],

854 2596 930 2633 τὰς
962 2597 1187 2644 Νέστορος
1217 2599 1290 2631 και
1309 2598 1450 2633 Ὀδυσ-

808 2646 909 2679 σέως
935 2642 980 2684 z]
1006 2643 1119 2679 Schoi.
1140 2646 1295 2699 Γοργίας
1318 2645 1448 2689 παράλ-

807 2689 909 2730 ληλος
939 2689 1110 2746 Νέστορι
1126 2703 1166 2727 ως
1205 2690 1360 2734 αἰδήμων
1392 2692 1450 2722 καὶ

805 2733 988 2774 nol-nense·
1023 2731 1112 2768 ὄκτώ
1145 2735 1213 2781 γὰρ
1246 2737 1303 2768 καὶ
1328 2736 1450 2768 ἑκατὸν
