1687 2969
423 97 841 158 mimmius.
875 116 924 156 P.
958 116 1037 157 ‘2:38
1072 119 1133 159 st.
1398 117 1449 157 55

200 236 304 278 ⁴232

376 234 494 294 Σιγῇ
517 237 665 277 τοίνυν
686 249 773 289 μου
809 230 956 276 ἄκουε.
997 235 1054 288 τῷ
1091 232 1187 277 ὄντι
1204 235 1290 290 γάρ
1325 236 1451 283 θεῖος

98 306 236 346 ἔοικεν
270 300 294 346 ὁ
332 298 469 352 τόπος
489 299 614 351 εἶναι,
649 297 767 351 ὥςτε,
802 296 882 342 ἐὰν
913 296 1003 357 ἄρα
1040 299 1250 351 πολλάκις
1278 296 1450 359 νυμφό-

97 372 262 422 ληπτος
296 366 532 424 προϊόντος
568 369 647 410 τοῦ
684 365 820 421 λόγου
856 371 1059 422 γένωμαι,
1089 366 1150 424 μὴ
1189 365 1449 427 θαυμάσῃς·

96 434 151 479 τὰ
187 438 269 481 νῦν
301 432 387 492 γὰρ
419 432 562 479 οὐκέτι
596 431 746 492 πόῤῥω
783 430 1082 491 διθυράμβων
1117 437 1392 495 φθέγγομαι.

199 535 330 580 ΦΑΙ.
364 534 672 588 Ἀληθὲστατα
710 536 855 590 λέγεις.

198 636 305 680 ΣΩ.
384 633 566 679 Τούτων
600 640 750 691 μέντοι
785 633 838 677 σὺ
875 636 1032 686 αἴτιος.
1072 634 1186 678 ἀλλὰ
1226 632 1280 678 τὰ
1318 636 1450 678 λοιπά

94 702 244 749 ἄκουε.

297 703 397 754 ἴσως
431 699 516 759 γὰρ
553 700 637 746 κᾶν
671 699 984 759 ἁποτροὲποιτο
1024 702 1071 746 τὸ
1110 700 1249 746 ἐπι-όν.

1310 704 1452 744 ταῦτα

95 775 176 828 μὲν
208 764 290 815 οὖν
319 772 417 826 θεῷ
453 769 642 826 μελήσει,
669 769 771 826 ἡμῖν
804 771 849 813 δὲ
882 767 994 828 πρὸς
1030 767 1109 814 τὸν
1143 771 1283 814 παῖδα
1319 766 1456 812 πάλιν

98 841 158 894 τῷ
192 837 309 894 λόγῳ
346 841 476 882 ἰτέον.

98 925 172 958 aliis
200 923 329 967 ἀγωγῇ,
353 923 445 966 quod
470 924 674 966 recepimus,

192 974 321 1004 θεῖον
345 969 498 1008 πάθος
522 970 823 1015 πεπονθέναι]
875 971 910 1004 ln
938 971 1097 1012 exemplo
1124 968 1246 1011 Stepli.

102 1027 180 1050 rore
206 1016 383 1051 omissum.

1281 971 1377 1000 θεῖον
1404 978 1457 1000 er—

192 1064 232 1096 D.
262 1061 336 1094 κᾶν
362 1060 707 1105 ἀποτράποιτο]
753 1062 788 1094 V.
824 1062 876 1095 ἄν.
925 1062 996 1095 Sed
1021 1061 1081 1094 κᾶν
1109 1066 1161 1095 cst
1191 1062 1223 1093 in
1251 1060 1351 1093 Bodl.
1382 1057 1460 1092 ΛΠ

99 1109 265 1142 DGOT.
316 1107 415 1141 Vind.
441 1107 474 1140 4.
501 1108 532 1142 6.
561 1109 592 1142 7.
617 1121 650 1140 α.
678 1108 770 1142 hlor.
797 1110 817 1142 i.
844 1112 885 1141 θ.

98 1178 158 1211 ἐὰν
191 1177 253 1221 μὲν
284 1176 323 1218 δὴ
361 1180 424 1208 οὖν
462 1176 508 1214 εἰς
545 1177 750 1219 τεταγμένην

99 1237 134 1258 τε
161 1225 297 1257 δίαιται
323 1222 379 1254 καὶ
402 1222 610 1264 φιλοσοφίαν
635 1220 749 1263 νική-

101 1284 149 1325 σῃ
183 1271 223 1302 τὰ
250 1270 374 1312 βελτίω
391 1282 452 1307 της
468 1269 621 1306 διαιοίας
646 1267 748 1310 ἀγα-

100 1316 256 1361 γόνια,
303 1315 361 1346 ubi
399 1315 496 1348 vides
539 1315 745 1347 simillimam

103 1373 180 1397 esse
208 1361 365 1394 ῑοςέὼυίἰ
391 1362 572 1402 utriusque
603 1361 745 1392 coniun-

102 1410 266 1446 ctionem„
292 1407 355 1439 nisi
377 1407 469 1449 quod
493 1405 671 1449 ἀγαγόντα
695 1406 746 1438 di·
772 1413 784 1416 ““

102 1460 197 1488 ctum
222 1458 275 1486 est
306 1463 368 1494 pro
404 1463 445 1485 eo
471 1453 563 1494 quod
589 1453 656 1485 dici
683 1462 746 1494 po-

104 1501 172 1534 tuit
200 1498 326 1542 ἀγωγῇ.
374 1498 540 1531 Nimirum
565 1498 746 1541 cupiditas,

99 1556 189 1588 quae
220 1545 265 1578 ad
296 1545 451 1586 pulcrum
481 1544 646 1585 refertur,
682 1543 748 1576 etsi

103 1592 228 1625 dicitur
243 1589 408 1632 ἀχθεῖσα,
428 1590 505 1631 quia
521 1590 562 1622 ad
581 1589 661 1623 illud
678 1589 747 1621 fer-

105 1642 162 1671 tur
187 1641 222 1670 et
239 1635 417 1678 abripitur,
444 1640 572 1676 tamen,
599 1636 676 1678 quia
695 1638 748 1666 est

106 1683 226 1716 eadem
257 1680 458 1725 κρατήσασα
491 1680 591 1723 δόξης
619 1681 673 1713 ἐπὶ
705 1679 744 1712 τὰ

103 1729 220 1772 ὀρθὸν
245 1726 418 1784 ὁρμώσης,
447 1728 560 1769 potuit
587 1727 669 1760 item
699 1738 748 1757 νι-

102 1775 235 1816 κη’σασα
279 1773 393 1816 ἀγωγῇ
410 1797 419 1814 ,
450 1772 480 1805 h.
516 1784 545 1808 e.
586 1772 749 1814 ιἰκσήασα

103 1821 297 1864 ἀγαγοῦσα,
346 1824 547 1860 tanquam
589 1819 672 1852 dux
719 1830 747 1852 s.

106 1868 240 1899 ductu
269 1875 345 1898 suo
383 1865 590 1906 vincens,
623 1862 746 1898 rectis-

106 1913 194 1945 sime
219 1910 396 1954 appellari.
445 1911 517 1952 En,
552 1908 748 1953 explanavi-

106 1968 182 1991 mus
199 1958 340 1990 tandem
358 1958 470 1989 locum
495 1958 668 1990 intellectu
686 1957 751 1990 dif-

106 2004 307 2038 ficillimum.
367 2003 470 2036 Quae
509 2002 647 2044 quidem
691 2013 748 2036 ex-

107 2049 258 2092 planatio
285 2050 312 2082 si
337 2059 417 2081 vera
443 2052 519 2088 est,
546 2058 647 2080 nemo
673 2048 752 2089 iam,

106 2095 240 2138 opinor,
273 2095 377 2128 verba
410 2093 572 2127 mutanda
596 2105 674 2127 esse
698 2105 754 2127 ar-

107 2141 309 2181 bitrabitur,
376 2139 578 2182 praesertim
650 2150 753 2181 quum

107 2197 173 2220 uec
205 2187 379 2227 Dionys,
413 2176 534 2224 Hal.‚
576 2185 632 2227 qui
671 2184 755 2218 haec

110 2231 226 2265 laudat
249 2232 304 2274 Ep
308 2233 361 2266 ist
396 2230 438 2263 ad
469 2232 593 2273 Pomp.
626 2230 668 2264 T.
695 2231 753 2265 VI.

110 2290 142 2320 p.
172 2277 251 2312 762.
286 2281 322 2310 et
370 2277 422 2310 De
455 2287 548 2319 grav,
577 2276 754 2310 Demosth.

111 2334 146 2365 p.
170 2322 248 2358 969.
263 2323 406 2356 recedat
423 2333 444 2355 a
460 2322 561 2356 codd.
585 2323 753 2361 >Ceterum

110 2369 154 2401 ‹le
179 2377 216 2400 re
240 2369 314 2410 ipsa
337 2370 523 2402 contulisse
548 2368 677 2401 iuvabit
701 2369 753 2401 lo—

111 2424 186 2446 cum
210 2413 321 2456 Legg.
345 2414 432 2448 vlu.
453 2425 487 2456 p.
504 2413 585 2448 837.
613 2414 653 2448 Β.
680 2425 753 2456 sqq.

110 2458 201 2492 unde
248 2458 299 2491 his
336 2459 483 2492 nonniliii
518 2461 602 2492 lucis
643 2459 755 2492 affun-

110 2505 223 2538 detur.

93 2576 95 2579 .
157 2547 309 2592 εὔροιοί
356 2550 421 2588 τίς
468 2562 508 2582 σε
547 2551 751 2592 εἴληφεν]

110 2595 310 2638 Εὔροιαν
345 2594 388 2627 de
424 2596 584 2629 orationis
618 2597 755 2629 flumine

112 2645 315 2684 usurpatum
356 2641 538 2674 illustravit
572 2642 754 2675 Valcke-

112 2696 198 2722 nar.
214 2686 360 2721 Diatrib.
378 2687 410 2720 in
429 2686 545 2730 Eurip.
566 2688 702 2731 Fragm.
722 2698 754 2729 p.

819 1176 892 1211 148.
953 1177 1034 1209 Mox
1071 1180 1171 1213 θεῖος
1210 1176 1333 1209 divitur
1366 1177 1459 1208 locus

815 1227 1020 1265 propterea,
1054 1223 1145 1264 quod
1171 1227 1291 1265 peetus
1317 1222 1460 1253 subindev

816 1268 949 1300 videtur
987 1270 1121 1310 replere
1165 1269 1278 1301 divino
1310 1267 1458 1309 quodam

814 1315 947 1348 afflatu.
973 1314 1049 1346 ἐὰν
1068 1314 1149 1357 ἄρα
1170 1313 1404 1353 πολλάκις,
1427 1313 1459 1343 si

815 1360 903 1392 fort
916 1371 945 1393 e.
978 1361 1182 1402 Frequentis
1205 1364 1258 1393 est
1276 1370 1357 1391 usus
1374 1359 1464 1400 apud

816 1406 999 1439 Platonem
1026 1405 1189 1442 πολλάκις
1223 1417 1263 1438 ea
1295 1405 1464 1446 signitica-

817 1453 911 1485 tione
943 1453 1110 1494 positum,
1146 1452 1297 1494 inprimis
1323 1454 1402 1493 post
1424 1450 1464 1490 εἰ,

815 1498 887 1539 ἐάν,
911 1498 974 1539 μή,
1000 1498 1054 1530 ἵνα
1082 1497 1144 1539 μή,
1164 1502 1199 1529 ut
1224 1496 1403 1529 Phaedon.
1432 1506 1462 1537 p.

817 1543 872 1578 [50.
894 1544 934 1578 Ε.
954 1556 984 1585 p.
999 1544 1053 1578 61.
1073 1547 1112 1575 Λ.
1126 1544 1266 1586 Protag.
1286 1554 1318 1585 p.
1333 1542 1460 1576 36¹.C.

817 1589 920 1631 Reip.
948 1590 1002 1623 lv,
1031 1600 1062 1631 p.
1087 1588 1164 1623 4:24.
1206 1589 1244 1620 C.
1273 1588 1405 1620 Politic.
1433 1598 1465 1628 p.

817 1635 895 1670 283.
919 1635 956 1667 Β.
970 1634 1076 1667 Laeli.
1095 1646 1126 1677 p.
1144 1634 1217 1669 179.
1238 1633 1405 1676 B.p.194.
1424 1636 1463 1664 Α.

818 1682 860 1715 al.
887 1681 988 1713 Haud
1022 1682 1136 1722 inepte
1168 1689 1349 1722 compares
1378 1679 1464 1711 Vir-

817 1727 892 1768 gil.
928 1729 1011 1770 Aen.
1045 1727 1069 1760 Ι.
1108 1726 1182 1760 148.
1240 1727 1297 1758 Ac
1331 1724 1464 1757 veluti

818 1783 966 1815 magno
1023 1772 1061 1804 in
1123 1773 1284 1814 populo
1344 1779 1466 1811 quum

818 1828 954 1861 saepe
974 1822 1127 1850 coorta
1147 1816 1465 1851 estseditio».

817 1864 903 1898 lbid.
930 1864 973 1898 X.
1008 1862 1086 1897 723.
1120 1864 1343 1906 impastus
1380 1866 1467 1893 sta-

817 1910 920 1943 bula
965 1911 1055 1942 alta
1099 1910 1167 1943 leo
1206 1918 1284 1941 ceu
1329 1917 1467 1950 saepe

820 1965 1079 1999 peragrans

869 2001 910 2035 D.
959 1998 1302 2054 νυμφόληπτος]
1366 2000 1467 2039 Νιμ-

821 2046 997 2090 φόληπτοι
1028 2046 1086 2088 qui
1123 2047 1259 2089 proprie
1293 2045 1372 2084 sint,
1406 2044 1467 2076 de-

821 2094 928 2126 clarat
943 2093 1103 2125 Festus
1123 2092 1172 2124 his
1191 2091 1316 2124 verbis:
1358 2090 1468 2130 „Vul-

821 2149 866 2181 go
926 2139 1114 2171 memoriae
1178 2136 1348 2179 proditum
1403 2140 1468 2173 est,

821 2184 1014 2226 quicunque
1050 2183 1200 2225 speciem
1240 2181 1411 2223 quandam
1450 2192 1468 2213 e

822 2230 935 2269 fonte,
976 2230 996 2263 i.
1033 2239 1062 2262 e
1103 2228 1254 2270 effigiem
1288 2229 1468 2268 nymphae.

822 2275 981 2315 viderint,
1001 2273 1134 2306 furendi
1145 2284 1210 2305 non
1223 2273 1343 2305 fecisse
1356 2274 1468 2310 finem

821 2331 909 2363 quos
944 2319 1068 2352 Graeci
1108 2317 1375 2362 νιμφοληήιοις
1408 2329 1468 2349 xo-

823 2371 919 2407 cant,
996 2364 1108 2397 Latini
1169 2364 1469 2408 lymphaticos

822 2412 1040 2454 appellant.“
1133 2410 1264 2443 Deinde
1331 2409 1469 2442 omnino

824 2462 903 2490 sunt
944 2457 1089 2489 divino
1128 2456 1280 2489 furore
1320 2455 1469 2488 conci-

824 2503 918 2537 tati.
944 2502 1022 2535 vide
1049 2504 1136 2536 Ast.
1162 2503 1204 2534 ad
1230 2502 1260 2535 h.
1285 2502 1307 2535 1.

868 2549 970 2584 ἴσως
1018 2547 1094 2591 γὰρ
1149 2547 1226 2579 κᾶν
1279 2545 1470 2589 ιέποιριὶἢ

823 2605 960 2626 not-zo
985 2593 1031 2625 τὸ
1057 2592 1207 2637 ἐπιόν]
1247 2592 1471 2625 Fortasse

823 2641 935 2673 enim
976 2639 1103 2679 illud,
1141 2638 1256 2681 quod
1288 2639 1470 2670 animum

825 2695 961 2720 meum
996 2685 1139 2727 subit,
1179 2687 1406 2719 avertatur
1442 2692 1467 2715 s.
