1687 2969
229 184 246 218 1
259 185 312 219 04
779 181 1039 219 PLATONIS

226 291 335 339 ζεται
363 295 489 329 τοῦτο
528 289 575 329 τὸ
606 286 753 342 ἔργον,
792 288 896 329 ἀλλὰ
925 288 996 329 καὶ
1023 290 1171 335 ἄλλαι,
1210 287 1402 337 δικαίως,
1443 286 1579 341 ὥςπερ

227 353 322 406 περὶ
360 357 438 394 τοῦ
475 354 732 406 ζωγράφου,
769 353 872 407 μετὰ
911 360 1038 394 τοῦτο
1081 349 1370 406 ἐπανεροι’μεθ’
1411 352 1464 393 ἂν
1503 353 1580 394 τὸν

227 417 430 471 λέγοντα,
470 418 595 466 ποίας
631 418 682 471 δὴ
711 422 890 466 πειθοῦς
930 417 1000 458 καὶ
1038 423 1111 470 τῆς
1138 416 1231 469 περὶ
1270 418 1310 458 τί
1338 421 1516 467 πειθοῦς
1551 418 1580 471 ἦ

159 482 197 523 Β
230 483 431 536 ῥητορική
461 481 546 523 ἐστι
572 481 717 536 τέχνης
755 483 780 535 ἢ
811 484 862 524 οὐ
892 483 1009 523 δοκεῖ
1044 493 1111 523 σοι
1152 482 1317 523 δίκαιον
1346 479 1454 523 εἶναι
1483 482 1578 524 ἐπα-

227 547 452 597 νερέσθαι;
483 545 809 600 ΓΟΡ.’Ἐμοιγε.
842 549 931 588 ΣΩ
975 548 1228 599 Ἀπόκριναι
1250 548 1316 601 δή,
1349 542 1381 588 ὦ
1403 548 1579 601 Γοργία,

229 611 370 666 ἐπειδή
413 627 459 666 γε
498 612 568 654 καὶ
604 613 671 654 σοὶ
709 614 828 654 δοκεῖ
865 611 991 653 οὕτω.
1050 613 1176 652 ΓΟΡ.
1226 613 1392 666 Ταύτης
1427 613 1578 654 τοίνυν

227 684 300 730 τῆς
328 681 508 725 πειθοῦς
545 676 674 731 λέγω,
717 672 750 718 ὦ
779 679 1029 729 Σώκρατες,
1068 683 1142 730 τῆς
1181 677 1226 718 ἐν
1263 681 1352 726 τοῖς
1389 678 1579 731 δικαστη-

229 743 335 796 ρίοις
364 742 435 783 καὶ
465 741 511 783 ἐν
538 745 626 790 τοῖς
653 744 796 789 ἄλλοις
826 744 988 795 ὄχλοις,
1034 740 1169 794 ὥςπερ
1198 741 1268 782 καὶ
1297 745 1391 795 ἄρτι
1419 740 1579 796 ἔλεγον,

229 807 300 849 καὶ
327 807 420 860 περὶ
448 807 626 856 τούτων,
657 806 684 846 ἅ
713 805 797 847 ἐστι
825 807 968 847 δίκαιοί
996 821 1038 847 τε
1067 805 1138 847 καὶ
1165 806 1300 847 ἄδικα.
1358 808 1458 847 ΣΩ.
1494 807 1577 848 Καὶ

229 870 311 924 ἐγώ
352 888 417 913 τοι
455 872 712 913 ὑπώπτευον
750 872 910 924 ταύτην
962 884 1007 912 σε
1045 870 1181 924 λέγειν
1218 871 1297 924 τὴν
1335 872 1470 912 πειθὼ
1509 872 1579 913 καὶ

229 936 325 987 περὶ
361 937 551 983 τούτων,
595 931 627 977 ὦ
658 939 698 977 Γ
695 937 841 989 οργία·
887 932 972 976 ἄλλ’
1015 936 1086 976 ἵνα
1123 934 1179 989 μὴ
1220 937 1466 990 θαυμάζῃς,
1507 935 1581 977 ἐὰν

162 999 198 1042 O
229 1002 376 1054 ὀλίγον
413 1001 592 1053 ὕστερον
630 1002 828 1042 τοιοῦτόν
868 1002 908 1042 τί
950 1011 995 1041 σε
1035 1001 1270 1054 ἀνέρωμαι,
1311 1002 1332 1042 ὃ
1362 1002 1480 1042 δοκεῖ
1505 1001 1581 1055 μὲν

295 1169 334 1200 Ρ.
358 1167 435 1201 454.
479 1169 518 1200 Β.
564 1167 718 1211 ἐπειδή
749 1180 792 1211 γε
827 1169 895 1199 καὶ
933 1168 997 1198 σοὶ
1033 1166 1083 1210 δ.]
1120 1180 1158 1210 γε
1191 1178 1254 1199 om.
1287 1167 1380 1200 editt.
1412 1171 1491 1200 vett.
1524 1168 1582 1201 ad-

228 1214 446 1245 versantibus
476 1213 572 1245 codd.
605 1225 683 1245 mss.
716 1214 873 1245 omnibus
903 1218 1036 1255 praeter
1067 1215 1144 1245 Par.
1176 1214 1214 1245 E.
1247 1214 1338 1245 Flor.
1362 1213 1392 1245 d.
1417 1214 1439 1245 f.
1464 1225 1494 1245 o.
1541 1214 1581 1245 In

229 1259 332 1290 Vind.
357 1258 388 1291 2.
412 1257 443 1291 6.
469 1264 519 1290 est
544 1257 664 1301 ἐπειδή
688 1270 725 1301 γε
753 1262 817 1295 σοι’,
844 1259 969 1291 omisso
997 1260 1062 1289 καί.

303 1346 469 1390 Ταύτης
505 1350 659 1379 τοίνυν
693 1352 766 1390 τῆς
800 1347 1001 1390 πειθοῦς]
1056 1349 1121 1379 Pro
1154 1349 1274 1379 τοίνυν
1304 1348 1382 1380 Vat.
1414 1349 1499 1380 Ven.
1534 1348 1572 1380 Σ.

229 1393 330 1425 Vind.
358 1392 387 1425 2.
422 1392 451 1426 7.
485 1394 562 1425 Par.
589 1394 627 1424 V.
654 1393 751 1425 Bodl.
785 1394 873 1435 Aug.
906 1394 1046 1425 Meerm.
1079 1393 1171 1424 Flor.
1204 1404 1233 1424 a.
1259 1392 1291 1424 b.
1316 1404 1343 1424 c.
1368 1393 1398 1424 d.
1424 1405 1468 1425 m.
1493 1405 1523 1426 o.
1547 1405 1580 1425 x.

231 1437 273 1480 δὴ
297 1439 460 1480 scriptum
484 1438 622 1470 habent.
670 1439 759 1470 Dein
792 1440 889 1469 artic.
928 1443 997 1471 τοῖς
1029 1442 1107 1469 ante
1141 1437 1372 1480 δικαστηρίοις
1402 1449 1467 1470 om.
1492 1440 1582 1482 Aug.

229 1484 369 1515 Meerm.
393 1487 426 1515 et
449 1484 589 1515 Routhii
613 1483 710 1515 Bodl.
758 1484 864 1515 Deest
888 1483 946 1515 ille
973 1493 1055 1515 sane
1080 1483 1182 1514 etiam
1206 1494 1238 1525 p.
1262 1482 1338 1515 454.
1364 1484 1402 1516 Ε.
1426 1482 1502 1517 455.
1528 1485 1581 1524 Α.,

231 1626 370 1668 ἄστρων
397 1640 429 1660 τε
446 1628 500 1660 καὶ
522 1627 664 1671 σελήνης
683 1632 769 1668 (μῦς.
794 1629 871 1660 Dis-

230 1674 419 1704 criminatis
457 1673 656 1705 notionibus
696 1675 747 1705 De
786 1675 867 1715 Rep.

229 1717 305 1750 389.
340 1718 386 1749 C:
420 1719 498 1759 περὶ
534 1721 590 1761 τῆς
626 1717 710 1750 νεώς
744 1730 776 1749 τε
813 1719 867 1749 καὶ

230 1766 298 1794 τῶν
326 1768 471 1794 ναυτῶν.
526 1764 604 1795 Alio
638 1764 757 1803 modo,
791 1764 869 1794 arti·

230 1807 306 1839 culo
345 1808 419 1840 loco
460 1809 571 1850 priore
605 1810 748 1847 omisso,
789 1819 868 1839 mox

230 1863 259 1894 p.
281 1851 358 1884 454.
374 1853 412 1884 E:
439 1852 479 1884 ἐν
505 1853 733 1895 δικαστηρίοις
762 1865 793 1884 τε
812 1853 867 1885 καὶ

231 1901 301 1929 τοῖς
327 1895 436 1931 ι’ἱλλοιιἸ
461 1896 581 1939 ὄχλοις,
607 1903 638 1929 et
662 1909 694 1939 p.
719 1898 794 1930 455.
820 1899 867 1929 A:

232 1941 462 1983 δικαστηρίων
501 1955 533 1974 τε
564 1944 618 1974 καὶ
657 1947 724 1974 τιῦν
758 1941 867 1974 ἄλλων

231 1984 348 2027 ὄχλων.

276 2032 357 2072 Cap.
389 2032 450 2062 IX.
504 2032 540 2063 P.
570 2031 647 2064 454.
688 2032 865 2072 ἑπανερ.

231 2073 282 2106 [ἲν
308 2074 380 2107 τὸν
405 2075 602 2119 λέγοντα]
640 2077 754 2108 Intell.
780 2075 865 2108 τοῦτ’

231 2117 321 2152 εἶναι
347 2119 380 2152 τὸ
407 2122 513 2163 ἔργον
537 2119 650 2163 αι’·τῆς.

273 2167 310 2196 Β.
337 2164 418 2197 ἀλλ’
447 2167 519 2197 ἵνα
551 2165 604 2208 μὴ
637 2165 866 2207 θαυμάζῃς

228 2229 272 2233 -—
297 2209 403 2251 ὅπερ
430 2209 507 2252 γὰρ
535 2211 654 2254 λέγω]
681 2213 775 2243 Haec
795 2223 867 2243 vcr-

229 2254 273 2285 ba
290 2256 457 2296 quomodo
475 2257 676 2297 explicanda
695 2258 773 2293 sint,
799 2267 866 2287 am—

229 2300 351 2341 bigunt
373 2301 582 2341 interpretes.
630 2303 716 2333 Nam
744 2301 866 2333 Find-

229 2345 431 2377 eisenius
480 2350 559 2376 ante
609 2344 676 2377 ἀλλ’
725 2347 780 2377 ἵνα
821 2344 865 2388 μὴ

232 2389 413 2430 θαυμάζῃς
460 2391 721 2433 intelligendum
769 2397 866 2432 putat

228 2431 304 2473 ὅρα.
332 2434 429 2473 Quod
453 2434 525 2466 fieri
550 2436 646 2467 nullo
673 2435 770 2467 modo
795 2441 865 2476 pot-

228 2483 279 2509 est
320 2485 514 2519 propterea,
567 2481 657 2521 quod
701 2482 749 2511 ita
796 2479 862 2511 ἀλλ’

227 2521 321 2555 ὅπως
366 2521 410 2565 μὴ
459 2524 640 2566 θανμιίζζς
683 2525 864 2556 dicendum

229 2572 310 2598 crat.
387 2569 505 2609 Itaque
568 2570 863 2601 Heindorfius

228 2617 391 2643 commate
416 2618 491 2654 post
513 2614 609 2653 haec,
635 2613 700 2656 ἐγώ
728 2613 754 2645 δ’
783 2614 863 2646 ἐπα-

230 2661 383 2696 νερωτῶ,
423 2658 457 2688 in
491 2658 602 2690 locum
637 2661 763 2690 τελείας
798 2670 862 2691 στι-

225 2704 309 2744 γμῆς
341 2701 524 2735 substituto
557 2703 659 2736 verba
696 2705 743 2736 ita
775 2706 863 2736 acci-

939 1628 1064 1669 pienda
1083 1627 1278 1669 arbitratur,
1297 1639 1335 1660 ac
1350 1629 1378 1660 si
1394 1629 1470 1667 ista,
1492 1628 1577 1669 ὅπερ

938 1671 1003 1714 γὰρ
1040 1672 1124 1715 λέγω
1150 1692 1192 1696 —-
1218 1671 1278 1704 τὸν
1313 1672 1418 1716 λόγον
1452 1673 1580 1715 ἐρωτῶ,

937 1718 1101 1760 apodosin
1127 1718 1299 1758 efficiant,
1330 1723 1506 1761 totumque
1531 1720 1580 1751 lo-

938 1774 1015 1795 cum
1062 1764 1304 1804 interpretatur
1349 1765 1414 1796 hoc
1462 1765 1581 1796 modo:

938 1808 1010 1839 sed
1034 1812 1080 1839 ut
1110 1819 1161 1840 ne
1193 1809 1350 1840 mirere
1383 1813 1468 1849 etc.‚
1501 1810 1579 1842 sci-

937 1857 979 1884 to
1004 1864 1065 1884 me
1090 1853 1379 1895 interrogare.
1405 1854 1469 1885 Sed
1494 1854 1579 1886 haec

937 1898 1170 1939 interpretatio
1209 1908 1414 1940 magnopere
1460 1910 1580 1931 vereor

937 1953 979 1973 ne
1018 1943 1156 1984 linguae
1196 1943 1332 1985 legibus
1371 1944 1579 1976 adversetur.

937 1987 1024 2018 Nam
1069 1989 1214 2028 primum
1257 1989 1334 2029 quis
1375 1989 1439 2021 hoe
1477 1990 1577 2021 modo

936 2032 1023 2063 ferat
1045 2031 1109 2073 γὰρ
1128 2033 1330 2074 particulam
1346 2058 1353 2072 ,
1386 2044 1472 2075 quae
1487 2039 1578 2067 certe

937 2077 1123 2108 omittenda
1148 2079 1243 2109 erat?
1269 2078 1402 2109 Deinde
1428 2080 1504 2120 quis
1529 2084 1580 2111 est

937 2123 1019 2163 quin
1050 2122 1151 2153 haec:
1197 2121 1262 2164 ἐγώ
1297 2121 1323 2154 δ’
1358 2122 1576 2164 ἐπανερωτῶ,

935 2177 1012 2198 cum
1029 2167 1322 2208 praecedentibus,
1350 2165 1370 2199 ὅ
1396 2168 1494 2200 δοκεῖ
1514 2169 1578 2208 μὲν

938 2211 1040 2253 δῆλον
1063 2208 1164 2249 εἶναι,
1189 2216 1257 2243 tam
1283 2217 1376 2244 arcte
1395 2214 1575 2246 cohaerere

936 2257 1068 2296 videat,
1104 2261 1143 2288 ut
1173 2257 1250 2288 inde
1282 2256 1325 2288 ab
1360 2256 1425 2299 ἐγώ
1460 2257 1486 2290 δ’
1522 2258 1574 2290 ἐπ.

936 2302 1094 2342 apodosis
1126 2302 1228 2333 ordiri
1264 2303 1462 2343 neutiquam
1501 2315 1577 2344 pos·

936 2347 1003 2377 sit?
1044 2346 1111 2377 Sed
1143 2346 1240 2378 salva
1276 2357 1330 2378 res
1370 2352 1430 2379 est.
1484 2349 1573 2380 Nam

936 2391 1101 2429 Socrates,
1126 2391 1283 2422 liberiore
1308 2402 1391 2424 usus
1409 2394 1574 2425 orationis

935 2436 1220 2475 conformatione,
1256 2436 1450 2469 inchoatam
1482 2438 1575 2470 dese-

933 2481 977 2512 rit
1035 2481 1215 2512 verborum
1278 2483 1575 2522 constructionem,

933 2526 1059 2567 protasi
1084 2535 1150 2556 non
1177 2526 1364 2557 subiiciens
1397 2528 1576 2569 apodosin,

933 2570 991 2601 sed
1016 2580 1074 2608 ea,
1106 2581 1194 2610 quae
1219 2571 1253 2601 in
1278 2570 1342 2602 hac
1366 2573 1575 2604 enuntianda

933 2619 1041 2653 erant,
1067 2615 1135 2646 alio
1160 2619 1353 2647 structurae
1372 2628 1496 2658 genere
1516 2629 1573 2649 ex-

932 2670 1073 2701 ponens.
1100 2661 1242 2691 Prorsus
1267 2660 1310 2691 ad
1334 2662 1478 2693 eundem
1502 2673 1572 2694 mo-

932 2705 1011 2736 dum
1027 2705 1231 2737 Germanice
1256 2705 1289 2736 in
1316 2716 1470 2739 sermone
1492 2717 1571 2740 con-
