1687 2969
419 114 840 160 PHAEDRUS.
872 116 922 158 P.
956 117 1037 158 944
1069 114 1134 159 St.

1401 119 1455 158 79

94 237 201 280 στοῦ
236 235 298 290 τῷ
335 233 394 291 μὴ
422 236 579 292 ἐρῶντι
596 235 768 291 μᾶλλον
805 234 867 294 φῇ
904 235 995 276 δεῖν
1025 236 1307 292 χαρίζεσθαι,
1342 233 1456 278 διότι

93 302 148 357 δὴ
193 301 217 347 ὁ
263 304 347 358 μὲν
387 307 619 359 μαίνεται,
662 300 685 345 ὁ
735 302 778 344 δὲ
813 309 1044 360 σωφρονεῖ.
1091 305 1124 344 εὶ
1161 304 1242 358 μὲν
1275 299 1362 359 γὰρ
1400 296 1454 354 ἦν

91 369 268 414 ἁπλοῦν
301 367 352 413 τὸ
386 373 554 425 μανίαν
588 366 726 416 κακὸν
747 367 871 418 εἶναι,
905 369 1048 417 καλῶς
1072 366 1130 410 ἂν
1149 371 1337 423 ἐλέγετο·
1373 371 1455 412 νῦν

91 440 136 480 δὲ
174 435 229 480 τοὶ
263 442 444 493 μέγιστα
478 438 567 479 τῶν
595 435 791 490 ἀγαθῶν
814 433 919 491 ἡμῖν
940 438 1132 489 γίγνεται
1171 433 1242 478 διὰ
1278 440 1454 492 μανίας,

90 508 201 559 θείᾳ
235 509 385 560 μέντοι
421 503 537 547 δόσει
573 505 817 557 διδομένης.
874 500 943 544 “H
977 518 1021 544 τε
1058 500 1144 558 γὰρ
1182 500 1234 554 δὴ
1270 508 1316 546 ὲν
1351 507 1454 547 Aest-

89 580 195 631 φοῖς
229 573 452 630 προφῆτις
484 575 536 613 αἴ
568 569 608 612 τῖ
644 575 689 613 ὲν
725 567 911 629 Δωδώνῃ
949 572 1100 625 ἱέρειαι
1133 578 1340 624 μανεῖσαι
1376 574 1456 625 μὲν

91 636 234 682 πολλοὶ
274 636 326 691 δὴ
363 641 437 682 καὶ
474 636 588 681 καλὰ
627 639 717 694 ἰδίᾳ
752 653 797 680 τε
830 639 902 679 καὶ
926 638 1116 693 δημοσίᾳ
1155 634 1235 690 τὴν
1266 635 1455 681 Ἑλλάδα

89 779 167 802 cum
193 767 312 800 AGY
335 771 371 801 et
395 778 446 812 pr.
467 767 514 803 Π.

183 814 224 849 Β.
265 813 313 846 Ἠ
342 827 386 847 τι
413 813 495 859 γὰρ
532 811 576 855 δὴ
605 814 646 846 ἐν
672 811 889 855 Δελφοῖς]
921 810 961 853 δὴ
990 822 1058 847 om.
1086 811 1186 847 Bodl.
1212 810 1303 846 Flor.
1328 823 1363 855 g,
1395 812 1456 846 sed

89 870 157 894 ras.
182 864 262 904 post
283 857 363 904 γάρ.

91 973 292 1016 simpliciter
334 983 375 1006 ac
422 972 494 1005 sine
534 971 740 1015 exceptione

89 1029 227 1059 veru1n3
251 1029 282 1052 v.
307 1019 351 1051 ad
369 1018 532 1063 Sympos.
550 1030 582 1061 p.
603 1017 677 1052 183.
701 1018 739 1051 D.

90 1064 192 1108 Reip.
205 1065 331 1108 Vlle.
345 1065 424 1099 545.
436 1065 475 1099 D.
491 1065 608 1106 ibique
624 1068 739 1097 annot.

135 1159 213 1189 νῦν
239 1155 279 1188 δὲ
304 1154 353 1188 τὰ
383 1155 592 1199 μέγιστα]
629 1154 740 1187 Furo-

90 1211 162 1235 rem
188 1212 255 1234 non
274 1202 475 1244 simpliciter
495 1202 527 1234 in
555 1201 652 1234 malis
677 1200 740 1231 du-

90 1247 234 1281 cendum
262 1258 340 1280 esse
365 1249 418 1280 vel
445 1258 487 1280 ex
513 1258 555 1280 eo
574 1256 739 1288 apparere

90 1294 297 1334 arbitratur,
329 1292 421 1335 quod
449 1293 643 1326 hominibus
677 1301 740 1334 per

91 1350 170 1372 enm
198 1339 345 1372 maxima
370 1349 529 1381 quaeque
562 1339 650 1371 bona
676 1339 739 1370 ob·

92 1386 223 1427 tingere
241 1386 388 1426 soleant,
414 1384 580 1427 siqnidem
598 1385 654 1417 ille
680 1383 740 1416 di-

93 1431 194 1463 vino
246 1440 448 1471 munere,
499 1431 582 1472 θείᾳ
619 1431 738 1472 μοίρᾳ,

92 1477 292 1509 mortalibus
307 1476 482 1509 tribuatur.
510 1475 614 1511 Quod
636 1485 740 1517 quor-

93 1532 168 1554 sum
195 1522 377 1564 pertineat,
401 1522 650 1564 disputavimus
675 1532 740 1553 suo

93 1568 172 1600 loco
208 1568 239 1599 in
274 1567 548 1609 Prolegomenis.
580 1567 740 1599 ‘Distin-

94 1617 242 1654 guuntnr
266 1618 380 1645 antem
406 1613 508 1645 divini
528 1612 652 1645 furoris
679 1623 740 1653 ‹ge-

93 1667 175 1690 nera
221 1663 404 1700 quattuor,
453 1659 552 1690 sicuti
599 1661 741 1700 apparet

94 1704 194 1737 etiam
229 1714 273 1737 ex
296 1714 328 1746 p.
353 1703 432 1738 265.
461 1704 502 1738 B.
529 1704 570 1744 C,
604 1704 660 1736 nbi
697 1703 740 1735 ad

93 1747 180 1782 hunc
206 1750 316 1782 locum
352 1751 548 1792 respicitur,
578 1748 739 1792 μαντική,

92 1805 180 1837 quae
204 1795 353 1838 Apollini
375 1795 532 1836 debetur,
557 1794 742 1836 τελεστική,

93 1840 301 1884 expiatio
334 1845 376 1874 et
409 1841 647 1882 lustratio,
680 1854 741 1872 κα-

91 1885 250 1929 θαρμός,
275 1885 461 1930 ἁγνισμός,
487 1885 625 1928 τελετή,
650 1897 738 1928 quae

94 1931 296 1966 adscribitur
305 1933 453 1974 Baccho,
464 1931 639 1974 ποιητική,
649 1942 738 1974 quae

92 1977 203 2010 Musis
226 1983 370 2021 accepta
396 1978 564 2020 refertur,
592 1979 738 2020 deniqne

91 2023 250 2066 ἐρωτική,
277 2024 418 2057 Veneris
443 2028 478 2057 et
503 2025 638 2057 Amoris
663 2034 738 2056 mu-

92 2078 155 2101 nus
185 2080 225 2102 ac
250 2070 447 2103 beneficium
463 2094 472 2111 ,
498 2070 590 2112 quod
616 2070 738 2102 furoris

92 2124 219 2156 genus,
255 2116 331 2157 quia
356 2116 399 2148 ad
425 2116 560 2149 divinae
585 2116 739 2148 veritatis

93 2160 240 2193 refertur
279 2161 455 2194 scientiam
497 2165 531 2194 et
570 2162 739 2204 cognitio-

94 2214 194 2245 nem,
240 2206 408 2240 indicatur
459 2207 609 2240 omnium
662 2216 740 2239 esse

94 2251 425 2292 praestantissimum
467 2257 504 2287 et
540 2252 740 2285 mortalibus

94 2295 138 2327 ad
176 2305 341 2330 summam
383 2309 502 2332 eorum
540 2298 738 2331 felicitatem

95 2341 228 2376 datum.
276 2343 321 2375 Et
338 2344 480 2386 primum
498 2344 633 2387 quidem
652 2356 739 2385 μαν-

95 2384 192 2426 τικὴν
232 2387 322 2421 vitae
361 2391 554 2423 mortalium
591 2389 740 2421 maxime

95 2432 279 2465 salutarem
305 2435 483 2476 extitisse,
520 2435 739 2478 perspicuum

95 2487 174 2510 esse
220 2484 340 2511 censet
384 2482 543 2523 exemplo
586 2480 740 2522 Pythiae,

95 2522 315 2557 sacerdotum
353 2525 632 2566 Dodonaearum,
680 2526 737 2558 Si-

96 2569 283 2610 byllarum,
321 2570 464 2604 aliorum
511 2572 736 2604 vatidicorum

96 2613 289 2654 hominum3
334 2618 469 2658 patere‘
489 2617 569 2650 item
608 2617 656 2649 ait
695 2627 737 2650 ex

96 2659 171 2702 ipso
187 2661 323 2693 nomine
338 2665 520 2704 μαντικῆς,
540 2673 641 2705 quarn
660 2672 736 2695 cum

96 2706 248 2740 irrisione
277 2707 525 2752 sophistarum,
548 2708 735 2743 vocabulo-

808 980 881 1003 rum
908 969 1156 1011 origiuatione‚
1178 971 1276 1004 sicuti
1302 983 1343 1005 ex
1370 972 1457 1006 Cra-

808 1018 879 1058 tylo
915 1022 1067 1057 constat,
1106 1017 1194 1049 male
1227 1018 1455 1060 abutentium,

808 1063 889 1094 olim
923 1068 1057 1094 veteres
1097 1072 1177 1094 vere
1212 1063 1361 1105 μανικὴν
1393 1076 1454 1108 ap-

809 1108 1028 1151 pellaverint‚
1056 1112 1176 1149 utpote
1208 1109 1271 1140 rati
1305 1121 1380 1143 eam
1418 1116 1456 1144 ut

810 1155 962 1196 pulcrum
989 1153 1151 1195 quiddam
1174 1153 1366 1188 hominibus
1392 1158 1455 1189 ob-

809 1201 940 1240 tigisse,
968 1209 1069 1240 (μιιιῐῐι
1094 1201 1302 1232 recentiores
1328 1202 1456 1235 inserta

809 1245 919 1277 littera
946 1248 1012 1276 ταῦ
1038 1255 1140 1287 prave
1153 1245 1325 1287 μαντικήν
1350 1258 1455 1280 vuca-

808 1291 927 1325 verint.
977 1290 1053 1324 Qua
1085 1292 1363 1333 opportunitate,
1387 1304 1456 1335 quo

809 1338 920 1369 maior
945 1338 1047 1369 etium
1080 1337 1139 1369 fiat
1170 1338 1333 1370 irrisionis
1358 1350 1457 1373 acer-

808 1383 908 1422 hiras,
935 1383 1035 1415 etiam
1061 1382 1152 1415 alind
1169 1383 1311 1416 affertur
1336 1396 1457 1418 exem-

809 1429 900 1470 plum
927 1439 1112 1470 perversae
1144 1433 1178 1461 et
1203 1429 1367 1464 ridiculae
1394 1442 1455 1464 vo-

807 1475 1005 1506 cabulorum
1033 1475 1271 1515 derivationis,
1301 1487 1370 1518 quo
1403 1482 1456 1510 ta-

809 1530 886 1552 men
938 1519 1160 1563 philosophus
1212 1521 1294 1554 item
1345 1522 1456 1556 facete

809 1571 843 1598 et
874 1566 1003 1597 urbane
1035 1566 1066 1597 in
1101 1576 1171 1598 rem
1207 1577 1302 1599 suam
1336 1569 1454 1608 utitur,

808 1611 1082 1652 quandoquidem
1127 1613 1336 1645 recentiores
1374 1614 1456 1646 dicit

810 1657 912 1689 etiam
939 1655 1154 1697 οἰωνιστικὴν
1183 1668 1362 1700 perperam
1388 1660 1456 1692 isto

810 1702 947 1735 nomine
974 1703 1204 1744 insignivisse,
1239 1714 1343 1745 (inum
1369 1706 1455 1737 unti-

808 1748 863 1789 qui
915 1749 1084 1781 nominum
1134 1748 1330 1782 conditores
1379 1760 1454 1784 eam

809 1794 1005 1826 vocaverint
1057 1795 1170 1837 potius
1218 1795 1454 1839 οἷονοῖστικήν,

808 1841 933 1882 quippe
966 1850 1056 1881 quae
1081 1840 1218 1873 sobriae
1243 1842 1367 1874 mentis
1393 1853 1455 1876 co-

808 1886 974 1927 gitatione
1000 1885 1187 1919 suturarum
1224 1897 1337 1921 rernm
1365 1889 1454 1920 noti-

807 1932 887 1963 tiam
922 1937 1114 1973 quaereret.
1172 1932 1343 1966 Quocirca
1378 1945 1454 1967 eam

807 1978 849 2009 ab
868 1979 987 2018 οἴησις,
1014 1981 1092 2015 νοῦς
1117 1981 1152 2010 et
1176 1979 1309 2021 ἱστορία
1335 1981 1455 2021 appel-

806 2023 908 2055 latam
937 2033 1014 2055 esse
1039 2024 1178 2064 statuit,
1211 2035 1275 2066 qua
1308 2026 1456 2066 origina-

808 2069 900 2101 tione
928 2069 1004 2100 nihil
1038 2073 1154 2111 potest
1180 2080 1257 2102 esse
1282 2070 1454 2110 insulsius,

807 2120 845 2146 ut
875 2125 916 2147 ne
951 2114 1054 2147 ludici
1097 2115 1234 2156 quidem
1268 2118 1454 2158 etymologi

808 2160 929 2200 nostri,
959 2160 1069 2202 lepida
1095 2171 1176 2193 sane
1202 2161 1370 2193 interdum
1397 2172 1456 2193 ca-

809 2207 899 2248 pita,
925 2206 1110 2247 quidquam
1142 2206 1250 2247 magis
1276 2206 1455 2240 ridiculum

809 2252 841 2283 iu
877 2251 1024 2283 medium
1067 2253 1224 2284 attulisse
1265 2252 1454 2287 videantur.

809 2297 873 2329 His
898 2307 979 2328 vero
1003 2301 1173 2338 tamquam
1209 2297 1323 2330 obiter
1347 2309 1455 2340 expo-

809 2343 884 2373 sitis
909 2343 959 2373 sic
985 2342 1057 2374 fere
1082 2344 1210 2385 pergit:
1256 2344 1353 2382 „Sed
1380 2349 1454 2377 arte

809 2387 1004 2430 augurali,“
1032 2388 1148 2429 iuquit,
1177 2393 1330 2430 „quanto
1347 2391 1399 2423 illa
1420 2395 1454 2423 et

810 2444 845 2465 re
878 2437 912 2465 et
941 2435 1076 2467 nomine
1110 2438 1163 2466 est
1198 2436 1452 2477 praestabilior,

810 2482 904 2511 tanto
937 2479 1032 2511 furor
1064 2479 1195 2512 divinus
1233 2482 1455 2513 excellentior

809 2529 861 2556 est
898 2525 987 2556 omni
1028 2524 1169 2558 hnmana
1205 2528 1453 2568 praestantia.·‘

807 2569 939 2604 Quibus
967 2570 1011 2602 ita
1036 2571 1199 2613 expositis
1226 2571 1349 2606 deinde
1375 2572 1453 2605 inde

807 2626 825 2647 a
861 2615 990 2648 verbis:
1034 2615 1130 2649 Ἀλλὰ
1168 2616 1237 2659 μὴν
1270 2617 1376 2650 νόσων
1415 2629 1452 2660 γε

805 2661 874 2693 κιλ.
926 2661 1085 2694 transitur
1132 2662 1174 2695 ad
1228 2662 1452 2697 describenda

806 2707 870 2740 alia
897 2705 995 2740 divini
1021 2707 1146 2742 suroris
1171 2718 1308 2750 genera.

1501 579 1539 620 B
