1687 2969
0 1519 4 1562 ξ
56 1520 223 1563 originem
256 1519 403 1554 duxerit.

0 1569 1 1575 ¹
57 1567 269 1608 grammatici
295 1575 361 1599 non
387 1565 565 1605 viderent,
603 1575 706 1606 qnor—

290 168 646 213 PIIAEDRU
661 168 705 214 S.
737 170 785 212 P.
821 171 900 212 233
933 177 973 211 et
1008 171 1088 213 234
1121 169 1183 214 St.
1370 171 1422 213 35

63 290 136 331 καὶ
167 285 358 342 μάλιστα
394 287 681 340 ἡσθήσονται
718 289 790 330 καὶ
830 287 911 331 οὐκ
941 290 1169 344 ἐλαχίστην
1198 285 1330 345 χάριν
1367 290 1424 333 εἴ·

62 370 218 398 σονται
253 356 328 397 καὶ
363 352 507 398 πολλὰ
542 351 707 410 ἀγαθοὶ
733 352 888 404 αὐτοῖς
920 351 1136 407 εὔξονται.
1167 354 1280 399 Ἀλλ’
1325 355 1424 408 ἴσως

62 418 267 476 προςήκει
304 419 355 464 οὐ
388 428 480 472 τοῖς
515 420 690 480 σφόδρα
728 423 949 477 δεομένοις
979 424 1274 479 χαρίζεσθαι,
1309 422 1423 467 ἀλλὰ

63 496 157 538 τοῖς
186 485 377 544 μάλιστα
415 487 667 531 ἀποδοῦναι,
698 487 831 545 χάριν
869 491 1147 543 δυναμένοις·
1196 488 1295 533 οὐδὲ
1334 498 1426 542 τοῖς

61 557 187 610 ἐρῶσι
224 553 378 610 μόνον,
414 552 528 598 ἀλλὰ
567 564 659 606 τοῖς
703 558 782 598 τοῦ
819 554 1082 612 πράγματος
1115 554 1276 608 ἀξίοις·
1323 557 1423 602 οὐδὲ

62 621 162 665 ὅσοι
197 623 275 674 τῆς
310 623 389 674 σῆς
421 620 540 678 ὥρας
573 621 937 674 ἀπολαύσονται,
973 620 1086 665 ἀλλὰ
1130 627 1290 674 οἵτινες
1325 642 1428 682 πρε-

63 691 256 744 σβυτέρῳ
293 694 511 744 γενομένῳ
548 691 637 733 τῶν
673 695 892 749 σφετέρων
928 688 1126 744 ἀγαθῶν
1148 691 1426 747 μεταδώσου-

60 770 151 799 σιν·
199 754 300 799 οὐδὲ
337 757 380 799 οἳ
415 755 763 813 διαπραξάμενοι
812 754 923 812 πρὸς
961 754 1066 807 τοὺς
1099 754 1264 808 ἄλλους
1298 761 1427 818 φιλο-

62 820 351 879 τιμήσονται,
394 821 494 866 ἀλλ’
537 826 696 874 οἵτινες
730 821 1038 880 αἰσχυνόμενοι
1076 822 1186 881 πρὸς
1220 823 1429 878 ἅπαντας

62 889 382 943 σιωπήσονται·
431 888 532 933 οὐδὲ
578 899 670 942 τοῖς
706 890 856 944 ὀλίγον
887 891 1052 947 χρόνον
1088 891 1426 946 σπουδάζουσιν,

61 954 177 1000 ἀλλὰ
214 958 308 1006 τοῖς
341 954 501 1012 ὁμοίως
533 955 605 1000 διὰ
643 955 813 1008 παντὸς
849 960 931 1002 τοῦ
967 960 1068 1013 βίου
1107 962 1252 1017 (μ’λοις
1283 966 1428 1017 ἐσομέ-

63 1038 177 1075 νοις·
225 1021 326 1068 οὐδὲ
371 1027 530 1074 οἵτινες
577 1025 820 1082 παυόμενοι
866 1028 944 1079 τῆς
980 1027 1226 1082 ἐπιθυμίας
1257 1029 1428 1085 ἔχθρας

151 1166 192 1200 Ε.
242 1164 349 1198 οὐδὲ
381 1170 474 1203 τοῖς
506 1168 635 1211 ἐρῶσι
671 1167 828 1210 μόνον]
862 1168 1003 1201 Plurimi
1031 1169 1116 1209 libri,
1143 1171 1235 1200 inter
1259 1178 1346 1210 quos
1372 1175 1427 1202 est

63 1210 182 1253 nodi..
207 1215 396 1256 προςερῶοι
422 1212 592 1246 exhibent.
641 1211 740 1245 Unde
767 1213 882 1246 Astius
919 1215 1102 1257 legendum
1136 1214 1286 1246 coniecit
1322 1226 1424 1258 προς-

60 1271 221 1309 αιτοῦσι,
257 1269 424 1311 probante
457 1269 496 1303 C.
530 1268 585 1302 Fr.
621 1269 834 1304 Hermanno.
883 1270 956 1304 Sed
982 1262 1077 1317 ἷῑῦξ
1113 1270 1204 1305 malo
1238 1280 1356 1304 errore
1382 1282 1424 1304 ex

57 1313 276 1357 praecedenti
302 1319 375 1351 τοῖς
399 1319 527 1348 natum.

151 1360 192 1394 P.
218 1358 298 1394 234.
345 1359 508 1404 χρόνον
541 1359 897 1405 σπουδάζοιοιι]
933 1362 1053 1405 Stepli
1087 1362 1236 1395 malebat
1269 1361 1424 1395 σπουδά-

0 1441 2 1446 ,
59 1418 120 1439 σοι
124 1418 198 1448 σιν,
223 1406 390 1449 probante
415 1406 629 1440 Heindorfio.
678 1407 782 1441 Quod
809 1408 931 1441 senem
958 1408 1058 1443 codd
1086 1409 1378 1452 suppeditassent

458 1519 574 1553 Quum
615 1519 704 1551 enim
775 1519 879 1552 dors
904 1512 945 1551 οἶ
953 1532 1003 1551 τοι
1027 1531 1126 1562 pro
1106 1519 1228 1559 αὐτοῖς
1254 1523 1423 1557 maluerit

775 1569 898 1608 sponte
922 1566 1132 1607 intelligitur.

57 1622 133 1644 sum
168 1611 308 1653 αὐτοῖς,
350 1610 441 1653 quod
477 1611 705 1652 subsequitur,
820 1611 862 1643 E.
910 1610 980 1642 καὶ
1027 1612 1099 1643 ἐπὶ
1148 1611 1193 1644 τὰ
1210 1624 1225 1649 ς
1274 1612 1423 1656 θύρας

58 1661 152 1691 esset
177 1657 417 1697 referendum,
444 1657 603 1688 continuo
630 1655 705 1688 liuic

57 1704 148 1736 malo
174 1703 303 1736 scilicet
332 1703 380 1735 ita
405 1701 536 1734 mederi
561 1701 704 1734 studue-

56 1753 146 1790 runt,
175 1752 213 1781 nt
236 1748 418 1791 genitivum
442 1750 509 1779 τῶν
533 1749 646 1779 ἄλλων
673 1747 704 1779 in

55 1794 206 1827 dativum
237 1797 507 1835 commutarent,
537 1794 594 1835 qui
627 1803 704 1825 cnm

54 1838 221 1884 προςήκει
261 1839 471 1874 cohaereret.
527 1841 573 1871 At
614 1839 704 1871 enim

55 1896 138 1918 vero
180 1885 244 1919 hac
284 1885 472 1918 mutatione
505 1885 703 1926 neutiquam

55 1942 144 1974 opus
175 1935 259 1965 erat.
305 1931 394 1965 Nam
425 1940 614 1972 pronomen
647 1940 701 1963 re-

55 1977 164 2010 fertur
193 1977 235 2010 ad
263 1977 452 2009 subiectum
478 1976 702 2016 indefinitum,

55 2023 147 2065 quod
173 2024 257 2056 latet
280 2023 314 2055 in
338 2022 452 2055 verbis
457 2019 539 2078 χρὴ
564 2021 700 2077 χαρίζε-

56 2071 144 2100 σθαι
176 2072 211 2101 et
241 2066 401 2111 προςήκει
432 2079 466 2099 ευ
495 2071 623 2108 ποιεῖν,
655 2067 702 2099 ita

57 2113 212 2155 quidem,
239 2118 277 2146 ut
297 2114 340 2145 de
365 2113 482 2156 pueris
501 2123 579 2146 esse
605 2112 700 2154 cogi-

57 2159 196 2192 tandum
228 2170 285 2192 res
318 2159 390 2201 ipsa
425 2159 588 2191 declaret.
643 2158 703 2190 Sic

57 2202 165 2242 αὐτός
196 2206 333 2247 saepius
370 2205 529 2247 ponitur,
568 2203 702 2236 etiamsi

58 2249 202 2282 subiecti
226 2250 353 2283 mentio
380 2254 482 2282 antea
501 2259 568 2281 non
593 2248 703 2281 diser-

56 2294 100 2326 tis
124 2295 235 2328 verbis
260 2296 348 2328 sacta
366 2296 420 2329 sit.
445 2293 652 2336 Euthydem.
670 2305 702 2337 p.

7 2352 10 2366 ¹
56 2338 141 2374 2735
162 2340 201 2375 C.
240 2340 299 2373 οἵω
332 2353 369 2373 τε
402 2341 437 2373 δὲ
466 2339 522 2372 καὶ
559 2343 703 2380 ποιῆσαι

58 2383 208 2417 δυνατὸν
231 2385 319 2418 εἶναι
349 2385 458 2418 αυτὸν
492 2383 589 2417 αυτιό
614 2387 701 2427 βοη-

57 2433 140 2462 θεῖν
163 2429 197 2461 ἐν
222 2435 295 2467 τοῖς
310 2431 555 2488 δικαστηρίοις,
583 2443 624 2462 αν
648 2444 702 2468 τις

20 2474 23 2479 ”
59 2474 200 2507 αυτὸν
221 2473 340 2518 ἆὸικῇ,
372 2477 428 2510 ubi
460 2475 571 2508 αὐτὸν
595 2475 701 2508 infer-

59 2526 116 2554 tur
150 2520 291 2563 perinde
323 2531 364 2554 ac
393 2523 421 2555 si
447 2528 549 2555 antea
575 2521 704 2554 dictum

58 2571 152 2600 esset
178 2565 271 2598 τινὰ
299 2565 447 2599 &marona
478 2578 577 2599 ειναι.
627 2567 706 2599 Alia

57 2612 279 2645 indicavimus
297 2611 406 2654 Gorg.
428 2624 460 2655 p.
475 2612 552 2647 520.
563 2613 601 2645 C.
617 2612 706 2645 Rei-

56 2658 184 2701 publ.I.
199 2656 320 2700 p.347.
341 2657 449 2690 C.1x.
464 2658 581 2701 p.588.
592 2658 635 2699 Β,
649 2657 706 2690 ubi

57 2702 126 2738 vid.
150 2707 266 2737 annot.
315 2705 428 2744 Atque
449 2703 532 2737 haec
556 2703 584 2736 si
609 2707 705 2736 recte
732 2709 737 2712 ·

57 2748 302 2791 iudicavimus,
353 2758 420 2790 quo
459 2749 531 2783 iure
575 2748 704 2782 Hein-

774 1654 821 1696 η’
809 1657 822 1676 ἓ
833 1668 850 1687 ο
863 1668 882 1687 υ
895 1656 955 1709 σι]
998 1657 1090 1689 Prov
1096 1657 1232 1690 erbialis
1270 1659 1422 1700 loquutio

775 1701 818 1734 de
856 1702 972 1743 egenis
1009 1705 1044 1734 et
1083 1703 1261 1737 mendicis.
1305 1714 1335 1738 v.
1377 1705 1420 1738 ad

773 1747 928 1790 Reip.11.
941 1758 972 1790 p.
984 1747 1062 1781 364.
1074 1749 1114 1782 B.
1127 1749 1183 1783 v.1
1197 1761 1228 1792 p.
1238 1748 1319 1785 489.
1327 1750 1367 1784 Β

819 1814 912 1847 ἀλλ’
965 1816 1064 1854 ἴσως
1110 1815 1314 1859 προςήκει
1358 1817 1420 1876 —]

766 1860 863 1898 Ἴσως
893 1861 939 1894 ita
973 1872 1048 1895 curn
1085 1865 1195 1895 Attica
1224 1856 1420 1898 urbanitate

772 1907 929 1949 usurpari
947 1918 1008 1950 pro
1034 1913 1174 1950 certo,
1203 1910 1419 1951 profecto,

772 1963 888 1994 sane,
916 1964 934 1985 a
960 1955 1076 1986 multis
1109 1955 1328 1988 observatum
1355 1960 1420 1989 est.

773 1999 924 2031 Astius
949 1999 1064 2032 laudat
1090 2000 1259 2033 Locell.
1288 2001 1419 2034 adXe—

770 2044 870 2087 nopli.
884 2044 1006 2087 Eplies.
1019 2056 1050 2088 p.
1066 2045 1139 2080 188.
1153 2046 1216 2079 iam
1231 2047 1274 2078 ab
1287 2047 1316 2079 H
1330 2058 1349 2079 e
1360 2048 1369 2079 i
1380 2057 1418 2079 n-

773 2089 919 2123 dorfio
945 2091 1099 2132 citatum,
1126 2091 1418 2125 Seliaeferum

771 2135 813 2168 nd
825 2135 1064 2178 Long.p.357.
1091 2141 1126 2169 et
1151 2147 1211 2169 sua
1238 2137 1282 2169 ad
1308 2138 1418 2180 Legg.

770 2192 802 2224 p·
820 2181 874 2215 78.
919 2182 1033 2215 Addas
1053 2183 1155 2215 etiam
1175 2182 1360 2217 Lobeck.
1375 2183 1418 2216 ad

772 2228 823 2260 Αἰ.
842 2238 873 2261 v.
891 2227 969 2261 998.

817 2295 857 2328 P.
888 2293 965 2328 234.
1023 2294 1122 2327 οὐδὲ
1157 2295 1202 2327 οἳ
1235 2296 1418 2339 damnent·

772 2339 983 2384 ξάμενοι]
1021 2342 1091 2382 qui
1124 2342 1313 2384 negotio
1340 2353 1419 2376 suo

770 2389 967 2428 peracto.
995 2385 1015 2418 i.
1042 2397 1071 2419 e.
1097 2387 1281 2429 cupiditate
1305 2390 1422 2431 exple-

771 2437 815 2463 ta.
870 2430 982 2463 Notus
1016 2432 1217 2475 μξιὶιγμός,
1265 2432 1308 2466 de
1350 2444 1418 2476 quo

774 2476 931 2508 conseras
956 2487 1059 2520 snpra
1083 2488 1158 2512 ann.
1174 2479 1216 2511 ad
1233 2490 1266 2521 p.
1281 2478 1359 2514 232.
1379 2480 1422 2512 D.

774 2521 997 2556 Plutarch.
1023 2524 1131 2559 Alcib.
1159 2525 1287 2566 p‘210.
1311 2525 1352 2560 E.
1376 2527 1419 2560 al.

773 2566 823 2598 lta
850 2567 950 2600 etiam
977 2568 1060 2601 infra
1077 2580 1110 2611 p
1131 2535 1209 2604 253.
1226 2570 1264 2602 C.
1283 2570 1359 2605 256
1379 2572 1419 2603 C.

771 2611 846 2644 Nec
877 2615 1019 2647 multum
1052 2615 1184 2648 abludit
1214 2616 1352 2659 Eurip
1365 2616 1417 2649 id.

771 2657 895 2691 Helen.
923 2671 953 2692 v.
975 2659 1030 2695 20.
1061 2628 1352 2717 Ζεὺς,.-ὸο’)ιοιρ
1363 2662 1419 2693 ει]-

770 2701 829 2743 νὴν
862 2704 1056 2748 ἐξέπραξεν,
1096 2704 1157 2739 vn'
1192 2707 1308 2740 αἰετοῦ
1342 2708 1420 2740 δίω-

769 2759 842 2792 γμα
868 2749 1012 2794 φεύγων.

1070 2808 1094 2849 3
1126 2806 1150 2832 *

1457 558 1537 600 234
