1687 2969
229 113 307 153 152
709 108 1084 153 PLATONIS

223 232 371 284 θοιμι,
406 230 631 278 συντιθεὶς
665 227 798 283 λόγον
832 231 1015 270 ἔπαινον
1048 225 1161 269 κατὰ
1181 229 1260 270 τοῦ
1279 223 1397 279 ὄνου,
1432 232 1569 271 ἵππον

223 292 505 351 ἐπονομάζων
539 297 613 337 καὶ
645 296 796 349 λέγων,
845 292 902 344 ὡς
945 290 1112 343 παντὸς
1144 290 1267 346 ἄξιον
1300 292 1350 337 τὸ
1386 298 1568 351 θρέμμα

228 362 340 405 οἴκοι
375 378 419 404 τε
454 363 698 414 κεκτῆσθαι
733 364 804 404 καὶ
837 363 907 403 ἐπὶ
933 363 1174 417 στρατείας,
1208 359 1568 418 άποπολεμεῖντε

221 427 438 485 χρήσιμον
483 430 556 471 καὶ
599 436 895 483 προςενεγκεῖν
939 424 1130 471 δυνατὸν
1176 427 1304 480 σκεύη
1350 431 1421 471 καὶ
1456 427 1569 472 ἄλλα

224 493 364 539 πολλοὶ
397 494 615 554 ὠφέλιμον
648 521 715 527 —

328 563 457 605 (DAI.
526 560 808 618 ΙΙαῃὲλοιόν
843 561 881 616 y'
925 559 982 603 ἄν
1017 558 1102 614 ἤδη
1138 561 1216 612 εἴη.

324 629 430 672 ΣΩ.
485 623 584 683 Αρ’
632 647 711 673 ουν
748 627 798 670 οὐ
841 636 1038 683 κρεῖττον
1081 629 1251 680 γελοῖον
1287 645 1314 679 η
1351 627 1493 669 δεινόν
1526 643 1571 670 τε

225 699 296 739 καὶ
327 694 496 752 ἐχθρὸν
530 693 642 739 εἶναι
676 698 831 754 φίλ·ου

314 826 387 858 καὶ
413 825 478 857 ἐπὶ
503 824 761 866 στρατείας]
792 825 828 858 V.
856 828 1028 863 στρατιᾶς,
1078 824 1161 856 Illud
1187 824 1281 855 solus
1309 823 1351 858 T.
1378 823 1538 858 exhibuit.

316 873 355 906 C,
402 870 473 902 καὶ
505 869 677 912 ἐχθρὸν
712 869 823 901 εἶναι
855 870 1016 913 φίλονς]
1045 869 1083 903 V,
1111 868 1198 899 εἶναι
1224 866 1245 909 ἤ
1271 869 1378 908 φίλον,
1429 871 1569 904 Cor-nar,

224 918 418 960 corrigebat
449 915 535 947 εἶναι
566 915 628 947 τὸν
661 916 769 958 φίλον.
826 916 950 947 Verum
986 915 1069 947 vidit
1103 914 1285 948 Heindorf.
1342 915 1448 948 Deest
1482 915 1503 956 ἢ
1538 916 1569 947 in

224 963 323 997 Vind.
348 962 381 996 lt.
404 962 435 996 6.
461 962 492 994 7.
519 974 558 994 α.
582 962 673 993 Μοη.
704 962 780 995 Par.
808 961 926 994 FNO.
982 961 1019 993 ln
1044 960 1118 994 cod.
1148 960 1185 994 P.
1213 960 1335 993 desunt
1361 962 1464 994 verba
1488 961 1572 993 εἶναι

224 1007 245 1050 ἢ
270 1010 376 1053 φίλον.
403 1008 550 1040 Bekker.
576 1005 596 1047 ἢ
623 1007 718 1048 φίλον
742 1007 834 1039 uncis
860 1007 1004 1041 inclusit.

224 1100 289 1133 iam
313 1097 407 1132 Iliad.
423 1098 481 1132 ΙΙΙ.
498 1097 552 1132 65.
601 1097 685 1129 Mox
710 1096 866 1130 Sohae-

224 1145 299 1179 fer.
329 1144 371 1176 ad
407 1144 512 1186 Greg.
547 1142 696 1176 Corinth.
729 1153 761 1184 p.
787 1143 865 1177 824.

223 1189 271 1232 μή
294 1203 329 1222 τι
353 1189 486 1232 λέγουσι
512 1189 671 1228 malebat,
694 1188 785 1230 quod
804 1200 863 1230 ge-

223 1247 286 1268 nus
317 1236 477 1276 loquendi
513 1235 555 1266 ad
588 1234 724 1267 Menon.
750 1246 781 1277 p.
808 1236 862 1268 78.

224 1282 266 1316 B.
290 1282 542 1314 illustravimus.
597 1281 725 1312 Postea
750 1285 862 1313 tamen

222 1328 297 1369 ipse
338 1327 378 1359 ad
414 1325 632 1359 Plutarch.
667 1326 745 1359 Vitt.
785 1327 860 1359 Vol.

224 1373 264 1404 V.
284 1384 316 1414 p.
332 1373 409 1406 572.
437 1383 530 1404 suam
557 1372 767 1403 rettractavit
784 1383 863 1404 sen-

221 1419 375 1451 tentiam.
440 1418 480 1449 W
494 1419 502 1449 i
518 1428 535 1448 n
549 1428 566 1449 c
580 1418 599 1449 k
614 1418 731 1449 elma
745 1427 861 1449 nnus

219 1464 371 1496 Praefat.
403 1463 444 1496 ad
478 1463 558 1497 edit.
586 1463 663 1496 min.
689 1462 803 1494 Turic.
828 1475 860 1505 p,

220 1510 278 1544 IX.
318 1510 404 1542 coni.
443 1511 474 1540 εἴ
506 1507 551 1549 πῄ
586 1521 618 1540 τι
660 1509 860 1550 λέγουσιν,

221 1557 346 1588 collato
387 1557 484 1595 loco,
523 1555 577 1596 qui
618 1554 700 1586 infra
741 1555 863 1596 legitur

219 1612 254 1643 p.
280 1601 358 1636 272.
392 1601 430 1634 C.
493 1600 755 1632 Coniunctivum
805 1605 860 1632 ta-

217 1657 296 1679 men
330 1650 464 1679 tuemur
497 1656 537 1678 ea
567 1646 721 1684 ratione,
757 1656 857 1686 quam

217 1692 259 1724 ad
284 1692 457 1726 Phaedon.
483 1703 516 1734 p.
543 1692 596 1725 70.
625 1693 663 1725 A.
692 1696 726 1723 et
752 1692 857 1734 Hipp.

216 1739 336 1772 maior.
361 1749 395 1780 p.
411 1737 488 1771 300.
516 1738 554 1769 D.
584 1737 856 1779 significavimus,

216 1785 394 1817 Sententia
438 1784 618 1815 verborum
662 1787 714 1815 est
756 1782 856 1816 hacc:

217 1829 479 1869 videndum,
513 1839 561 1860 ne
593 1828 747 1860 dicant
781 1830 858 1861 ali—

216 1874 328 1916 quid,
354 1874 468 1916 quod
495 1874 670 1915 dignum
699 1874 771 1914 sit,
791 1885 858 1906 cu-

217 1921 282 1952 ius
308 1920 542 1952 habeamus
569 1920 803 1953 rationem.

263 1966 304 2000 Β,
337 1965 407 1997 καὶ
431 1964 498 1997 ἐπὶ
524 1965 771 2007 στρατείας]
797 1965 857 1997 Li-

217 2012 267 2044 bri
299 2022 418 2044 omnes
450 2014 585 2053 praeter
618 2020 718 2042 unum
745 2012 855 2043 solum

217 2057 259 2089 T.
284 2059 468 2099 στρατιᾶς,
502 2055 592 2097 quod
626 2056 753 2097 primus
778 2067 856 2088 cor-

217 2104 304 2135 rexit
334 2101 563 2135 Heindorf.
606 2101 649 2133 de
680 2101 856 2143 Spaldingi

218 2150 405 2189 sententia>
441 2148 584 2180 mutavit
613 2147 716 2180 etiam
753 2147 856 2180 Bel<-

216 2196 299 2226 ker.
364 2194 549 2226 Enimvero
597 2191 741 2237 στρατιὰ
785 2192 856 2225 sere

216 2241 486 2279 exercitum,
530 2240 690 2280 στρατεία
731 2249 855 2280 expe-

216 2285 434 2318 ditionem
459 2285 608 2318 denotat.
629 2296 659 2318 v
670 2285 854 2317 Dorvill.

214 2330 255 2361 ad
282 2330 404 2364 Charit.
432 2342 463 2372 p.
489 2330 566 2364 540.
615 2331 854 2362 Promiscuum

214 2381 326 2407 lamen
353 2386 425 2409 v.oc
455 2374 599 2418 στρατιὰ
626 2387 721 2408 usum
749 2386 854 2416 anno-

214 2421 277 2452 scit
304 2420 491 2453 Pliotius
517 2433 548 2463 p.
573 2420 650 2455 468-
679 2421 731 2455 ed.
757 2402 853 2463 Ιῗίρε.

211 2465 456 2507 Στραῖιαν
514 2467 745 2502 συοτέλλονῖες
793 2480 855 2507 την

212 2512 372 2565 δειτίραν
396 2511 585 2553 συλλαβ>ν,
611 2511 651 2543 οὔ
678 2512 785 2554 μόιον
811 2512 849 2544 τὸ

212 2554 410 2599 στράτευμα
448 2557 623 2599 λέγουσιν,
676 2557 760 2589 ἀλλὰ
800 2558 854 2589 καὶ

211 2601 320 2643 αυῖὴν
365 2601 427 2643 Τὴν
479 2613 693 2641 (ΠΟαἸΗῘΟΗΙ
745 2601 853 2640 Οὑῖως

208 2648 461 2692 Ἀριστοφάνης.
507 2648 581 2681 Nec
607 2653 736 2682 temere
762 2650 851 2681 Ari-

211 2693 413 2735 stophan.
439 2694 584 2735 Lysistr.
605 2695 658 2729 99.
686 2695 769 2731 ιοὺς
787 2708 851 2727 ηα-

933 1098 1032 1139 τέρας
1056 1097 1096 1128 ου’
1122 1099 1267 1128 ποθεῖτε
1290 1095 1375 1132 τοὺς
1398 1101 1466 1128 τῶν
1490 1109 1573 1129 nm—

934 1144 1031 1184 δίων,
1059 1142 1115 1173 ἐπὶ
1140 1145 1305 1185 στρατιᾶς
1325 1141 1499 1181 αηόνταςς
1530 1138 1570 1174 εὖ

931 1188 997 1231 γὰρ
1023 1202 1054 1219 οι
1046 1188 1093 1219 δ’
1132 1187 1208 1229 δ’,τι
1243 1188 1298 1219 ubi
1332 1193 1441 1220 metro
1475 1188 1569 1221 vides

932 1238 1093 1275 στρατιᾶς
1114 1234 1305 1266 necessario
1327 1234 1459 1275 requiri.
1483 1233 1569 1268 Ibid.

930 1280 1007 1313 592.
1024 1283 1298 1324 μονοκοιτοῦμεν
1316 1278 1372 1310 διὰ
1392 1278 1451 1316 τὰς
1465 1291 1571 1321 στρα-

929 1325 1022 1366 τιάς,
1058 1325 1149 1367 quod
1185 1335 1250 1356 non
1284 1325 1392 1357 minus
1419 1329 1471 1357 est
1496 1335 1571 1357 cer-

931 1376 1012 1404 tum.
1040 1372 1124 1404 lbid.
1158 1371 1253 1405 1141.
1280 1369 1444 1412 στρατιὰν
1468 1383 1572 1413 προς-

931 1421 1043 1451 αιτῶν,
1073 1416 1278 1459 Tliesmopli.
1304 1415 1382 1450 82&
1411 1420 1445 1449 et
1472 1416 1569 1451 1169.

932 1462 1073 1497 Aeliarn.
1111 1462 1187 1497 251.
1232 1461 1327 1497 1143.
1369 1463 1409 1495 al.
1474 1462 1571 1501 Quae

930 1519 1031 1550 quum
1054 1509 1098 1540 ita
1127 1509 1210 1548 sint,
1239 1508 1424 1540 mirandum
1454 1509 1571 1550 profe-

930 1559 985 1586 cto
1019 1564 1083 1586 non
1123 1558 1195 1594 est,
1228 1554 1317 1595 quod
1352 1554 1454 1586 etiam
1480 1553 1569 1595 apud

930 1610 1054 1641 prosae
1070 1600 1232 1632 orationis
1249 1600 1448 1641 scriptoreS‚
1475 1599 1570 1632 Thu-

927 1645 1102 1687 cydidem,
1143 1645 1428 1687 Xenophontem,
1464 1646 1569 1686 Poly-

927 1692 1041 1733 bium,
1069 1692 1175 1731 31105,
1204 1695 1366 1732 perpetua
1393 1695 1446 1722 est
1474 1690 1569 1723 codi-

927 1747 1001 1769 cum
1039 1740 1070 1768 in
1105 1736 1153 1768 liis
1178 1737 1350 1768 vocabulis
1374 1736 1568 1770 fluctuatio:

926 1793 988 1814 nec
1013 1783 1187 1823 quisquam
1222 1784 1336 1823 paullo
1370 1781 1570 1823 prudentior

925 1828 1099 1869 negaverit
1123 1827 1286 1869 στρατιὰν
1319 1837 1380 1869 pro
1407 1828 1568 1868 στρατείᾳ

926 1874 1047 1905 Atticis
1073 1873 1103 1904 in
1129 1883 1193 1904 usu
1213 1873 1328 1905 fuisse.
1365 1873 1465 1915 Apud
1487 1873 1569 1905 Pla-

925 1922 1040 1951 tonem
1074 1922 1186 1950 tamen
1218 1918 1304 1950 liaud
1330 1918 1400 1950 scio
1426 1929 1466 1950 an
1493 1920 1568 1950 nul-

924 1965 975 1996 lus
1014 1968 1126 1996 exstet
1166 1968 1302 2005 praeter
1340 1963 1425 1995 hune
1463 1974 1568 1997 unum

926 2011 1039 2049 locus,
1076 2010 1107 2041 in
1140 2020 1207 2051 quo
1233 2020 1298 2042 non
1328 2019 1414 2041 unus
1439 2011 1568 2042 alterve

924 2056 1100 2087 meliorum
1130 2057 1290 2088 librorum
1315 2066 1390 2087 curn
1417 2056 1566 2096 vulgari-

923 2101 987 2132 bus
1029 2102 1327 2141 grammaticorum
1377 2103 1567 2143 praeceptis

924 2148 1111 2180 conveniat.
1163 2146 1248 2178 Vide
1272 2146 1374 2178 modo
1393 2147 1491 2188 Reip.
1509 2147 1565 2181 ΙΙΙ.

924 2203 955 2234 ρ.
981 2192 1059 2226 404.
1087 2195 1126 2225 Α.
1153 2196 1187 2224 et
1215 2192 1252 2225 Β.
1276 2191 1409 2226 Cliarm.
1435 2203 1467 2234 p.
1491 2193 1565 2226 156.

923 2238 961 2272 C.
989 2238 1096 2280 Legg.
1115 2238 1189 2271 ΧΗ.
1211 2248 1242 2279 ρ.
1259 2237 1313 2271 94.
1335 2239 1373 2271 Α.
1390 2237 1444 2269 ubi
1463 2238 1563 2272 codd.

923 2287 1099 2324 στρατιῶν.
1137 2284 1179 2316 31.
1218 2288 1252 2315 et
1294 2293 1380 2324 quae
1414 2284 1566 2317 laudavit

922 2329 1011 2362 Ruli
1024 2330 1070 2361 nl<
1086 2338 1148 2361 en.
1166 2329 1207 2360 ad
1222 2328 1439 2370 Tin1.p.240.
1466 2329 1562 2363 Quo-

922 2376 1009 2407 circa
1033 2385 1095 2406 nos
1118 2384 1252 2416 quoque
1270 2376 1424 2415 quamvis
1452 2376 1562 2407 omni-

921 2421 985 2452 bus
1017 2420 1190 2453 codicibus
1223 2420 1333 2453 invitis
1366 2419 1421 2452 ἐπὶ
1457 2431 1562 2463 στρα-

922 2467 1015 2503 τείας
1043 2466 1271 2507 reposuimus.
1328 2467 1489 2499 Ceterum
1515 2466 1560 2498 ita

922 2512 1018 2543 nobis
1035 2512 1285 2553 persuasimus:
1311 2512 1392 2544 licet
1416 2511 1559 2552 στρατιὰ

922 2562 1070 2598 utroque
1102 2558 1291 2598 significatu
1327 2560 1490 2598 ponatur,
1524 2560 1561 2588 ut

921 2607 992 2635 turn
1020 2603 1360 2643 expeditionem
1392 2606 1460 2634 tum
1491 2612 1560 2634 ex-

921 2648 1113 2681 ercitum
1146 2650 1329 2690 significem
1361 2651 1474 2679 tamen
1508 2648 1558 2678 vi—

919 2694 1027 2727 cissim
1079 2696 1258 2737 οιρατείαν
1306 2702 1468 2734 nusquam
1514 2693 1558 2725 ibi
