1687 2969
102 262 182 303 508

214 155 292 188 280
764 152 1022 190 PLATONIS

213 258 405 313 συνέχειν
426 259 494 301 καὶ
523 260 668 309 φιλίαν
697 260 768 300 καὶ
795 261 1047 314 κοσμιότητα
1076 259 1147 301 καὶ
1176 261 1461 314 σωφροσύνην
1489 261 1557 301 καὶ

214 325 476 378 δικαιότητα
518 324 587 365 καὶ
627 326 675 365 τὸ
715 322 817 366 ὅλον
853 332 978 367 τοῦτο
1019 326 1087 366 διὰ
1124 332 1257 366 ταυτα
1297 325 1458 376 κόσμον
1487 341 1556 366 κα-

213 393 376 439 λοῦσιν
416 391 448 430 ὡ
476 387 622 442 ἑταῖρε,
662 391 741 431 οὐκ
770 391 992 469 ἀκοσμίαν.
1033 389 1131 431 οὐδὲ
1160 390 1405 431 ἀκολασίαν.
1432 389 1485 430 συ
1513 391 1557 431 δέ

213 471 285 508 μοι
323 456 460 503 δοκεῖς
502 456 553 496 οὐ
594 455 810 509 προςέχειν
847 456 922 496 τὸν
961 462 1070 497 νοῦν
1099 457 1289 504 τούτοις,
1327 454 1398 496 καὶ
1425 462 1556 496 ταῦτα

214 520 350 572 σοφὸς
387 522 469 568 ὠν,
510 520 615 561 ἀλλὰ
643 520 793 574 λέληθέ
824 532 893 570 σε,
934 518 997 561 ὅτι
1025 521 1052 575 ἡ
1081 521 1221 574 ἰσότης
1248 521 1275 574 η’
1303 521 1556 574 γεωμετρικὴ

214 585 282 626 καὶ
326 584 372 625 έν
410 588 528 634 θεοῖς
564 584 634 626 καὶ
673 585 718 626 έν
757 586 1006 637 ἀνθρώποις
1044 584 1151 639 μέγα
1190 586 1379 627 δύναται.
1421 586 1474 627 σὺ
1513 585 1557 627 δὲ

213 650 457 700 πλεονεξίαν
505 651 582 691 οἴει
630 651 719 691 δεῖν
760 652 925 693 ἀσκεῖν·
970 652 1223 705 γεωμετρίας
1261 651 1342 704 γὰρ
1382 652 1556 705 ἀμελεῖς.

214 712 330 756 Εἶεν.
365 716 387 769 ἢ
412 714 665 769 έξελεγκτέος
693 714 744 769 δὴ
776 710 901 765 οὗτος
930 716 953 758 ὁ
979 717 1104 770 λόγος
1132 717 1234 770 ἡμῖν
1262 715 1388 765 ἐστιν,
1420 716 1476 765 ὡς
1505 718 1557 758 οὐ

215 782 488 834 δικαιοσύνης
511 781 581 822 καὶ
604 782 886 835 σωφροσύνης
916 784 1055 836 κτήσει
1083 783 1328 836 εὐδαίμονες
1357 782 1398 823 οῖ
1424 783 1558 836 εὐδαί-

213 861 351 899 μονες,
381 847 529 894 κακίας
552 846 595 887 δὲ
615 849 827 888 *ἄθλιοι*
857 847 899 888 οἱ
925 850 1093 888 α’θλιοι·
1124 847 1150 901 ἢ
1181 848 1216 888 εί
1244 841 1369 895 οὗτος
1397 848 1559 901 ἀληθής

214 910 318 961 ἐστι,
365 909 588 960 σκεπτέον,
630 912 669 952 τί
697 912 746 952 τὰ
775 913 1079 965 συμβαίνοντα.
1108 912 1159 953 τὰ
1187 914 1378 965 πρόσθεν
1407 911 1557 961 ἐκεῖνα,

215 972 247 1017 ὦ
278 977 542 1026 Καλλίκλεις,
585 977 808 1030 συμβαίνει
836 978 988 1025 πάντα,
1028 974 1087 1030 ἐφ’
1121 973 1184 1026 οἷς
1212 979 1265 1018 σύ
1294 993 1343 1031 με
1371 981 1494 1032 ἤρου,
1525 978 1558 1019 εἰ

279 1133 316 1164 Ρ.
342 1131 418 1165 508.
458 1133 497 1164 B.
538 1130 687 1164 ἄθλιοι
713 1132 754 1164 οἱ
777 1131 947 1175 ἄθλιοι]
972 1134 1072 1164 Prius
1097 1130 1212 1165 ἄθλιοι
1237 1133 1390 1165 additum
1414 1133 1455 1165 de
1479 1144 1559 1166 con-

211 1180 343 1210 iectura
359 1178 562 1210 Heindorfii.
609 1179 764 1210 Baiterus
791 1178 907 1210 ordine
931 1179 1067 1210 inverso
1094 1178 1128 1210 οἱ
1151 1176 1266 1210 ἄθλιοι
1289 1176 1403 1210 ἄθλιοι
1426 1179 1557 1219 maluit,

212 1225 291 1265 quia
321 1225 369 1255 ita
400 1224 613 1266 corruptelae
645 1234 767 1255 caussa
798 1224 936 1255 facilius
966 1224 1190 1266 intelligatur.
1237 1224 1276 1255 Id
1308 1225 1409 1256 etiam
1442 1226 1558 1256 Herm.

211 1274 376 1310 sequutus
409 1274 468 1300 est.
525 1269 591 1300 Sed
621 1269 848 1301 membrorum
881 1270 1096 1301 concinnitas
1127 1270 1270 1301 alteram
1300 1270 1468 1301 rationem
1499 1280 1557 1312 po-

212 1315 339 1346 stulare
364 1314 507 1345 videtur.

281 1362 320 1390 τί
342 1357 386 1390 τὰ
415 1360 633 1399 συιιβαιίὀ
648 1359 735 1402 ντα]
763 1360 819 1391 Sic
844 1359 961 1401 Clark.
984 1359 1060 1390 Vat.
1087 1359 1172 1390 Ven.
1193 1358 1231 1390 Σ.
1258 1358 1360 1390 Vind.
1380 1359 1411 1390 1.
1429 1358 1460 1391 2.
1477 1358 1509 1391 6.
1527 1358 1555 1391 7.

211 1406 287 1436 Par.
320 1405 588 1436 BCEFIVW.
620 1405 828 1444 Florentini,
866 1404 963 1436 Bodl.
999 1405 1086 1446 Aug.
1123 1405 1264 1436 Meerm.
1299 1409 1332 1436 et
1366 1415 1414 1446 pr.
1453 1404 1557 1436 Coisl.

212 1449 406 1492 Legebatur
432 1448 514 1481 τινά.

281 1495 317 1527 C.
365 1493 445 1537 ἄρα
471 1494 540 1526 δεῖ
562 1490 697 1537 εἶναι]
732 1495 772 1526 V.
801 1495 874 1527 δεῖν
899 1490 1007 1532 εἶναι,
1033 1499 1153 1526 eontra
1177 1494 1417 1526 auctoritatem
1442 1493 1558 1526 Clark.

211 1652 340 1685 Eadem
364 1653 468 1684 habet
496 1652 850 1694 Olympiodorus,

212 1699 271 1740 qui
296 1697 403 1729 addit:
439 1696 458 1739 ἡ
489 1696 555 1740 γὰρ
583 1699 677 1737 φιλια
703 1697 790 1738 πρὸς
816 1702 852 1739 τῇ

922 1664 1081 1692 ,ιιετρικ
1097 1650 1117 1694 η’
1134 1651 1189 1694 -]
1213 1651 1346 1684 Schol.·
1364 1650 1450 1684 τοῦτ’
1468 1653 1559 1684 ἑστιι

921 1695 939 1740 ἡ
967 1696 1177 1751 δικαιοσύνη.
1208 1696 1333 1739 ταύτην
1358 1697 1396 1729 δὲ
1422 1695 1480 1739 τὴι
1505 1709 1559 1740 γε-

212 1747 270 1785 μιῇ
302 1747 370 1774 τῶι
396 1742 534 1774 πάιτων
559 1742 656 1774 ἐστὶι
681 1740 784 1784 ἀ>χῇ
820 1744 856 1774 εἴ

212 1801 249 1831 f&
275 1787 349 1820 ξκὸἷ
371 1799 495 1821 ὲΓωῦίἒ
519 1799 687 1833 TlavlaZO‘b
712 1789 765 1820 ’ναὶ
792 1801 850 1819 Ου-

215 1834 324 1872 δαμοῦ
366 1833 542 1873 baiamons.
585 1832 602 1864 ὁ
638 1834 704 1865 οὖν
733 1832 851 1867 ἄδικος

215 1879 314 1911 παντὶ
354 1877 482 1920 ἐχθρός
525 1886 594 1910 εστι
636 1880 690 1910 καὶ
729 1877 849 1911 οὐδειὶ

214 1929 386 1956 κοινωνεῖ.
440 1925 494 1955 De
529 1924 746 1966 Empedoclis
785 1925 852 1956 hac

213 1970 392 2009 sententia,
418 1970 500 2001 satis
524 1970 586 2001 illa
610 1969 792 2009 celebrata,
820 1980 850 2001 V.

213 2015 378 2047 stur-211
393 2015 627 2047 doctissimum
644 2026 740 2057 opus,
762 2014 852 2056 quod

213 2061 415 2101 inscriptum
462 2065 513 2092 est
558 2060 852 2102 Empedocles

213 2106 560 2148 AgrigentinuS,
601 2106 641 2137 T.
672 2106 697 2137 I.
730 2117 762 2148 p.
785 2105 852 2138 214

213 2150 347 2183 —256.
410 2151 478 2183 Cur
524 2151 749 2192 Empedocles
795 2162 852 2193 po-

213 2198 382 2228 tissimum
418 2196 639 2237 respiciatur,
679 2207 780 2238 supra
810 2196 853 2227 ad

214 2253 245 2283 p.
270 2240 345 2273 493.
369 2242 411 2273 A.
444 2241 606 2273 indicavi.
653 2242 735 2273 Erat
763 2242 852 2273 enim

216 2287 362 2328 Goxgias
402 2287 474 2328 ipse
513 2287 615 2318 huius
651 2287 853 2329 disciplinae

214 2332 381 2363 addictus.
420 2351 463 2355 —
507 2332 590 2364 Voc
628 2330 853 2374 δικαιότης

215 2378 380 2418 repeiitur
404 2378 505 2408 etiam
530 2378 748 2419 Protagor.p
752 2376 851 2410 .331.

215 2423 254 2453 B.
285 2422 475 2463 Xenoph.
498 2422 621 2464 Cyrop.
647 2423 741 2462 VIII,
765 2422 797 2462 8,
823 2421 855 2454 7.

215 2486 259 2490 -
289 2467 414 2498 Rerum
447 2468 701 2499 universitatem
724 2469 853 2509 primus

217 2512 342 2543 dicitur
376 2512 590 2554 Pythagoras
627 2516 685 2544 τοῦ
722 2511 852 2552 κόσμου

216 2559 352 2589 nomine
394 2558 602 2599 appellasse,
648 2558 687 2590 de
720 2569 786 2600 qua
818 2569 853 2590 re

216 2603 293 2634 vide
333 2613 419 2643 quae
459 2604 657 2644 scripsimus
689 2604 731 2635 ad
763 2603 852 2637 Tim.

216 2659 246 2690 p.
272 2647 324 2679 27.
350 2649 390 2678 Α.

260 2694 295 2724 Ρ.
323 2692 398 2725 508.
447 2690 467 2735 ἡ
504 2690 655 2734 ι’σότηδἸ
695 2691 715 2736 ἡ
750 2705 852 2736 γεω-

922 1741 1112 1785 ωμετρικὴι
1125 1740 1316 1785 αι·αλογι”αι
1334 1741 1421 1777 Διὸς
1444 1746 1560 1784 nolon

921 1789 960 1819 ἐι
986 1786 1119 1827 Νόμοις
1144 1787 1324 1826 εκάλεσεν,
1358 1786 1403 1822 ὠς
1430 1786 1470 1821 δι’
1497 1786 1558 1820 αὐ-

922 1837 979 1876 τῆς
1011 1837 1078 1865 τῶν
1113 1831 1255 1865 πάντων
1288 1833 1502 1874 κεκριμένων
1527 1845 1559 1865 τε

921 1878 975 1910 καὶ
992 1876 1206 1919 ω’ρισμένων.
1231 1878 1489 1920 Comparandus
1509 1885 1560 1910 est

919 1925 1015 1956 locus
1039 1924 1146 1966 Legg.
1170 1924 1227 1955 VI.
1252 1935 1285 1966 p.
1302 1922 1376 1956 756.
1400 1924 1439 1955 E.
1465 1934 1558 1965 seqq.

920 1970 986 2001 iam
1003 1980 1022 2000 a
1045 1969 1237 2000 Routhio
1262 1969 1444 2001 indicatus.
1481 1970 1560 2000 Dis-

921 2015 1070 2046 cernitur
1101 2013 1151 2044 ibi
1185 2012 1302 2056 ἰσότης
1334 2015 1558 2054 arithmetica,

921 2071 1007 2101 quae
1039 2070 1202 2100 numero,
1238 2059 1387 2101 pondere
1411 2065 1444 2091 et
1467 2071 1558 2091 nien-

921 2116 1009 2144 sura,
1034 2105 1180 2146 denique
1198 2110 1338 2137 externa
1353 2105 1559 2146 aequalitate

921 2151 1126 2189 continetur,
1144 2149 1186 2182 ab
1202 2148 1330 2192 ίσότητι
1341 2150 1559 2192 geometrica,

921 2206 1008 2237 quae
1034 2195 1124 2237 quod
1149 2196 1314 2237 cuiusque
1338 2195 1455 2226 virtuti
1479 2206 1558 2227 con-

921 2243 1032 2280 venit,
1065 2241 1102 2273 id
1132 2241 1164 2272 ei
1193 2240 1313 2272 tribuit
1341 2240 1484 2281 ideoque
1509 2241 1559 2272 in-

921 2292 1053 2318 ternam
1096 2296 1279 2327 veramque
1318 2286 1558 2327 aequalitatem

921 2337 1042 2364 tuetur.
1090 2332 1210 2373 Itaque
1241 2332 1411 2362 sententia
1440 2331 1558 2363 verbo-

920 2388 995 2409 rum
1013 2378 1098 2408 haec
1124 2381 1191 2408 est:
1211 2375 1351 2415 Jatuit
1373 2381 1413 2408 te
1437 2387 1558 2408 suum

923 2423 1078 2463 cuique
1103 2432 1199 2453 esse
1220 2420 1497 2453 tribuendum
1518 2428 1558 2453 et

922 2467 972 2500 ab
1009 2467 1122 2499 omni
1153 2466 1275 2498 lucri
1308 2467 1557 2508 cupiditate

921 2511 1235 2544 abstinendum
1283 2522 1390 2543 esse.
1453 2512 1558 2544 Plura

921 2557 1050 2589 dabunt
1081 2557 1342 2589 Valckenar.
1374 2556 1417 2588 ad
1440 2558 1556 2599 Eurip.
1575 2577 1580 2579 -

921 2603 1099 2635 Phoeniss.
1114 2612 1145 2634 v·
1161 2602 1237 2634 541.
1262 2603 1321 2634 He
1331 2603 1342 2633 i
1353 2613 1376 2633 n
1388 2602 1408 2633 d
1420 2602 1494 2634 orf.
1514 2602 1557 2633 ad

921 2648 954 2680 h.
978 2648 1001 2681 1.
1035 2648 1185 2679 Astius
1217 2646 1261 2679 ad
1289 2648 1395 2690 Legg.
1424 2658 1456 2689 p.
1481 2646 1557 2679 289.

921 2693 1017 2725 Adde
1053 2692 1349 2725 Camerarium
1381 2692 1558 2724 Commen-
