<?xml version="1.0" encoding="UTF-8"?>
<!DOCTYPE html PUBLIC "-//W3C//DTD XHTML 1.0 Transitional//EN"
    "http://www.w3.org/TR/xhtml1/DTD/xhtml1-transitional.dtd">
<html xmlns="http://www.w3.org/1999/xhtml" xml:lang="en" lang="en">
 <head>
  <title>
</title>
<meta http-equiv="Content-Type" content="text/html;charset=utf-8" />
  <meta name='ocr-system' content='tesseract 3.04.00' />
  <meta name='ocr-capabilities' content='ocr_page ocr_carea ocr_par ocr_line ocrx_word'/>
</head>
<body>
  <div class='ocr_page' id='page_1' title='image "./n1operaomniarecens04platuoft/n1operaomniarecens04platuoft_0521.png"; bbox 0 0 1687 2969; ppageno 0'>
   <div class='ocr_carea' id='block_1_1' title="bbox 387 207 1440 249">
    <p class='ocr_par' dir='ltr' id='par_1_1' title="bbox 387 207 1440 249">
     <span class='ocr_line' id='line_1_1' title="bbox 387 207 1440 249; baseline 0.001 -2"><span class='ocrx_word' id='word_1_1' title='bbox 387 207 634 247; x_wconf 82' lang='lat' dir='ltr'><strong>GORGIAS.</strong></span> <span class='ocrx_word' id='word_1_2' title='bbox 666 209 709 247; x_wconf 91' lang='lat' dir='ltr'>P.</span> <span class='ocrx_word' id='word_1_3' title='bbox 742 211 834 247; x_wconf 88' lang='lat'>461.</span> <span class='ocrx_word' id='word_1_4' title='bbox 867 212 959 247; x_wconf 83' lang='lat'>462.</span> <span class='ocrx_word' id='word_1_5' title='bbox 991 211 1051 249; x_wconf 90' lang='lat' dir='ltr'>ed.</span> <span class='ocrx_word' id='word_1_6' title='bbox 1082 210 1138 249; x_wconf 76' lang='lat' dir='ltr'>St.</span> <span class='ocrx_word' id='word_1_7' title='bbox 1365 214 1440 248; x_wconf 84' lang='lat'>129</span> 
     </span>
    </p>
   </div>
   <div class='ocr_carea' id='block_1_2' title="bbox 83 315 1442 438">
    <p class='ocr_par' dir='ltr' id='par_1_2' title="bbox 83 315 1442 438">
     <span class='ocr_line' id='line_1_2' title="bbox 84 315 1442 373; baseline 0.003 -16"><span class='ocrx_word' id='word_1_8' title='bbox 84 319 211 367; x_wconf 65' lang='lat' dir='ltr'>„Eoo</span> <span class='ocrx_word' id='word_1_9' title='bbox 248 316 391 370; x_wconf 79' lang='grc' dir='ltr'><em>μακρὰ</em></span> <span class='ocrx_word' id='word_1_10' title='bbox 427 316 627 370; x_wconf 84' lang='grc' dir='ltr'><em>λέγοντος</em></span> <span class='ocrx_word' id='word_1_11' title='bbox 655 316 724 358; x_wconf 82' lang='grc' dir='ltr'>καὶ</span> <span class='ocrx_word' id='word_1_12' title='bbox 753 315 810 371; x_wconf 81' lang='grc' dir='ltr'>μὴ</span> <span class='ocrx_word' id='word_1_13' title='bbox 840 316 1064 367; x_wconf 76' lang='grc' dir='ltr'><strong><em>ἐθέλοντος</em></strong></span> <span class='ocrx_word' id='word_1_14' title='bbox 1091 317 1138 360; x_wconf 84' lang='grc' dir='ltr'>τὸ</span> <span class='ocrx_word' id='word_1_15' title='bbox 1168 316 1442 373; x_wconf 81' lang='grc' dir='ltr'><em>ἐρωτώμενον</em></span> 
     </span>
     <span class='ocr_line' id='line_1_3' title="bbox 83 377 1442 438; baseline 0.002 -16"><span class='ocrx_word' id='word_1_16' title='bbox 83 381 407 433; x_wconf 77' lang='grc' dir='ltr'><em>ἀποκρίνεσθαι,</em></span> <span class='ocrx_word' id='word_1_17' title='bbox 438 377 490 424; x_wconf 85' lang='grc' dir='ltr'>οὐ</span> <span class='ocrx_word' id='word_1_18' title='bbox 514 378 610 424; x_wconf 77' lang='grc' dir='ltr'><em>δείν’</em></span> <span class='ocrx_word' id='word_1_19' title='bbox 636 382 689 423; x_wconf 76' lang='grc' dir='ltr'>ἂν</span> <span class='ocrx_word' id='word_1_20' title='bbox 712 379 766 424; x_wconf 80' lang='grc' dir='ltr'>αὗ</span> <span class='ocrx_word' id='word_1_21' title='bbox 796 381 878 436; x_wconf 76' lang='grc' dir='ltr'>ἐγὼ</span> <span class='ocrx_word' id='word_1_22' title='bbox 907 385 1103 437; x_wconf 73' lang='grc' dir='ltr'><em>πάθοιμι,</em></span> <span class='ocrx_word' id='word_1_23' title='bbox 1133 384 1169 424; x_wconf 85' lang='grc' dir='ltr'>εἰ</span> <span class='ocrx_word' id='word_1_24' title='bbox 1196 382 1253 438; x_wconf 76' lang='grc' dir='ltr'>μὴ</span> <span class='ocrx_word' id='word_1_25' title='bbox 1284 383 1442 434; x_wconf 78' lang='grc' dir='ltr'>ἐξέσται</span> 
     </span>
    </p>
   </div>
   <div class='ocr_carea' id='block_1_3' title="bbox 82 445 1554 503">
    <p class='ocr_par' dir='ltr' id='par_1_3' title="bbox 82 445 1554 503">
     <span class='ocr_line' id='line_1_4' title="bbox 82 445 1554 503; baseline 0.004 -16"><span class='ocrx_word' id='word_1_26' title='bbox 82 462 154 499; x_wconf 90' lang='grc' dir='ltr'><em>μοι</em></span> <span class='ocrx_word' id='word_1_27' title='bbox 194 445 363 488; x_wconf 76' lang='grc' dir='ltr'><em>ἀπιέναι</em></span> <span class='ocrx_word' id='word_1_28' title='bbox 403 447 472 489; x_wconf 85' lang='grc' dir='ltr'>καὶ</span> <span class='ocrx_word' id='word_1_29' title='bbox 500 448 557 502; x_wconf 84' lang='grc' dir='ltr'>μὴ</span> <span class='ocrx_word' id='word_1_30' title='bbox 587 448 761 489; x_wconf 86' lang='grc' dir='ltr'><em>ἀκούειν</em></span> <span class='ocrx_word' id='word_1_31' title='bbox 789 457 932 497; x_wconf 86' lang='grc' dir='ltr'><em>σου,·”</em></span> <span class='ocrx_word' id='word_1_32' title='bbox 973 445 1057 490; x_wconf 79' lang='grc' dir='ltr'><em>ἀλλ’</em></span> <span class='ocrx_word' id='word_1_33' title='bbox 1089 449 1127 490; x_wconf 77' lang='grc' dir='ltr'>εἴ</span> <span class='ocrx_word' id='word_1_34' title='bbox 1151 465 1189 490; x_wconf 83' lang='grc' dir='ltr'><em>τι</em></span> <span class='ocrx_word' id='word_1_35' title='bbox 1215 450 1333 503; x_wconf 80' lang='grc' dir='ltr'><em>κήδει</em></span> <span class='ocrx_word' id='word_1_36' title='bbox 1361 454 1440 491; x_wconf 80' lang='grc' dir='ltr'>τοῦ</span> <span class='ocrx_word' id='word_1_37' title='bbox 1469 452 1554 495; x_wconf 83' lang='grc'>462</span> 
     </span>
    </p>
   </div>
   <div class='ocr_carea' id='block_1_4' title="bbox 79 513 1440 959">
    <p class='ocr_par' dir='ltr' id='par_1_4' title="bbox 79 513 1440 959">
     <span class='ocr_line' id='line_1_5' title="bbox 83 513 1440 568; baseline 0.003 -15"><span class='ocrx_word' id='word_1_38' title='bbox 83 513 216 566; x_wconf 85' lang='grc' dir='ltr'><em>λόγου</em></span> <span class='ocrx_word' id='word_1_39' title='bbox 246 519 323 554; x_wconf 83' lang='grc' dir='ltr'>τοῦ</span> <span class='ocrx_word' id='word_1_40' title='bbox 351 513 577 567; x_wconf 75' lang='grc' dir='ltr'><em>εἰρημένου</em></span> <span class='ocrx_word' id='word_1_41' title='bbox 605 513 674 555; x_wconf 82' lang='grc' dir='ltr'>καὶ</span> <span class='ocrx_word' id='word_1_42' title='bbox 703 513 1092 566; x_wconf 76' lang='grc' dir='ltr'><em>ἐπανορθώσασθαι</em></span> <span class='ocrx_word' id='word_1_43' title='bbox 1121 515 1254 556; x_wconf 81' lang='grc' dir='ltr'><em>αὐτὸν</em></span> <span class='ocrx_word' id='word_1_44' title='bbox 1282 516 1440 568; x_wconf 78' lang='grc' dir='ltr'><em>βούλει,</em></span> 
     </span>
     <span class='ocr_line' id='line_1_6' title="bbox 84 574 1440 633; baseline 0.002 -15"><span class='ocrx_word' id='word_1_45' title='bbox 84 574 220 630; x_wconf 75' lang='grc' dir='ltr'><em>ὥςπερ</em></span> <span class='ocrx_word' id='word_1_46' title='bbox 250 584 332 618; x_wconf 85' lang='grc' dir='ltr'>νῦν</span> <span class='ocrx_word' id='word_1_47' title='bbox 360 579 412 632; x_wconf 83' lang='grc' dir='ltr'>δὴ</span> <span class='ocrx_word' id='word_1_48' title='bbox 441 576 600 631; x_wconf 77' lang='grc' dir='ltr'><em>ἔλεγον,</em></span> <span class='ocrx_word' id='word_1_49' title='bbox 632 578 898 632; x_wconf 71' lang='grc' dir='ltr'><em>ἀναθέμενος</em></span> <span class='ocrx_word' id='word_1_50' title='bbox 927 576 948 621; x_wconf 83' lang='grc' dir='ltr'><em>ὅ</em></span> <span class='ocrx_word' id='word_1_51' title='bbox 978 597 1015 621; x_wconf 82' lang='grc' dir='ltr'><em>τι</em></span> <span class='ocrx_word' id='word_1_52' title='bbox 1044 591 1110 621; x_wconf 89' lang='grc' dir='ltr'><em>σοι</em></span> <span class='ocrx_word' id='word_1_53' title='bbox 1139 581 1267 631; x_wconf 72' lang='grc' dir='ltr'><em>δοκεῖ,</em></span> <span class='ocrx_word' id='word_1_54' title='bbox 1308 581 1354 621; x_wconf 84' lang='grc' dir='ltr'>έν</span> <span class='ocrx_word' id='word_1_55' title='bbox 1383 587 1440 633; x_wconf 82' lang='grc' dir='ltr'>τῷ</span> 
     </span>
     <span class='ocr_line' id='line_1_7' title="bbox 81 641 1439 698; baseline 0.003 -15"><span class='ocrx_word' id='word_1_56' title='bbox 81 641 196 696; x_wconf 90' lang='grc' dir='ltr'><em>μέρει</em></span> <span class='ocrx_word' id='word_1_57' title='bbox 219 642 389 695; x_wconf 78' lang='grc' dir='ltr'><em>ἐρωτῶν</em></span> <span class='ocrx_word' id='word_1_58' title='bbox 410 658 453 684; x_wconf 85' lang='grc' dir='ltr'>τε</span> <span class='ocrx_word' id='word_1_59' title='bbox 477 644 546 684; x_wconf 83' lang='grc' dir='ltr'>καὶ</span> <span class='ocrx_word' id='word_1_60' title='bbox 576 642 859 697; x_wconf 71' lang='grc' dir='ltr'><em>ἐρωτώμενος,</em></span> <span class='ocrx_word' id='word_1_61' title='bbox 890 642 1026 698; x_wconf 78' lang='grc' dir='ltr'><em>ὥςπερ</em></span> <span class='ocrx_word' id='word_1_62' title='bbox 1056 645 1138 698; x_wconf 80' lang='grc' dir='ltr'>ἐγώ</span> <span class='ocrx_word' id='word_1_63' title='bbox 1167 660 1209 686; x_wconf 83' lang='grc' dir='ltr'>τε</span> <span class='ocrx_word' id='word_1_64' title='bbox 1239 646 1307 687; x_wconf 81' lang='grc' dir='ltr'>καὶ</span> <span class='ocrx_word' id='word_1_65' title='bbox 1335 649 1375 687; x_wconf 92' lang='grc' dir='ltr'><strong><em>Γ</em></strong></span> <span class='ocrx_word' id='word_1_66' title='bbox 1372 662 1439 697; x_wconf 90' lang='grc' dir='ltr'>ορ-</span> 
     </span>
     <span class='ocr_line' id='line_1_8' title="bbox 81 705 1438 765; baseline 0.003 -17"><span class='ocrx_word' id='word_1_67' title='bbox 81 708 190 760; x_wconf 79' lang='grc' dir='ltr'><em>γίας,</em></span> <span class='ocrx_word' id='word_1_68' title='bbox 222 705 358 761; x_wconf 74' lang='grc' dir='ltr'><em>ἔλεγχέ</em></span> <span class='ocrx_word' id='word_1_69' title='bbox 388 724 430 749; x_wconf 79' lang='grc' dir='ltr'>τε</span> <span class='ocrx_word' id='word_1_70' title='bbox 459 708 529 750; x_wconf 80' lang='grc' dir='ltr'>καὶ</span> <span class='ocrx_word' id='word_1_71' title='bbox 560 707 747 763; x_wconf 75' lang='grc' dir='ltr'><em>ἐλέγχου.</em></span> <span class='ocrx_word' id='word_1_72' title='bbox 776 707 862 763; x_wconf 81' lang='grc' dir='ltr'>φῂς</span> <span class='ocrx_word' id='word_1_73' title='bbox 889 710 971 763; x_wconf 78' lang='grc' dir='ltr'>γὰρ</span> <span class='ocrx_word' id='word_1_74' title='bbox 1001 711 1143 765; x_wconf 81' lang='grc' dir='ltr'><em>δήπου</em></span> <span class='ocrx_word' id='word_1_75' title='bbox 1172 711 1243 752; x_wconf 81' lang='grc' dir='ltr'>καὶ</span> <span class='ocrx_word' id='word_1_76' title='bbox 1270 711 1323 752; x_wconf 78' lang='grc' dir='ltr'>σὺ</span> <span class='ocrx_word' id='word_1_77' title='bbox 1354 710 1438 752; x_wconf 79' lang='grc' dir='ltr'><em>ἐπί-</em></span> 
     </span>
     <span class='ocr_line' id='line_1_9' title="bbox 80 772 1438 829; baseline 0.003 -17"><span class='ocrx_word' id='word_1_78' title='bbox 80 776 264 813; x_wconf 74' lang='grc' dir='ltr'><em>στασθαι</em></span> <span class='ocrx_word' id='word_1_79' title='bbox 317 772 423 827; x_wconf 74' lang='grc' dir='ltr'><em>ἅπερ</em></span> <span class='ocrx_word' id='word_1_80' title='bbox 464 775 660 827; x_wconf 85' lang='grc' dir='ltr'><em>Γοργίας.</em></span> <span class='ocrx_word' id='word_1_81' title='bbox 700 775 727 828; x_wconf 84' lang='grc' dir='ltr'>ἢ</span> <span class='ocrx_word' id='word_1_82' title='bbox 769 777 844 824; x_wconf 81' lang='grc' dir='ltr'><em>οὔ,-</em></span> <span class='ocrx_word' id='word_1_83' title='bbox 907 777 1053 816; x_wconf 72' lang='grc' dir='ltr'>ΠῼΛ.</span> <span class='ocrx_word' id='word_1_84' title='bbox 1096 773 1272 829; x_wconf 66' lang='grc' dir='ltr'><em>’Έγωγε</em></span> <span class='ocrx_word' id='word_1_85' title='bbox 1337 778 1438 816; x_wconf 72' lang='grc' dir='ltr'>Σῼ.</span> 
     </span>
     <span class='ocr_line' id='line_1_10' title="bbox 85 834 1439 894; baseline 0.003 -16"><span class='ocrx_word' id='word_1_86' title='bbox 85 835 260 879; x_wconf 83' lang='grc' dir='ltr'><em>Οὐκοῦν</em></span> <span class='ocrx_word' id='word_1_87' title='bbox 300 838 370 879; x_wconf 80' lang='grc' dir='ltr'>καὶ</span> <span class='ocrx_word' id='word_1_88' title='bbox 409 834 463 880; x_wconf 82' lang='grc' dir='ltr'>σὺ</span> <span class='ocrx_word' id='word_1_89' title='bbox 504 840 682 888; x_wconf 80' lang='grc' dir='ltr'><em>κελεύεις</em></span> <span class='ocrx_word' id='word_1_90' title='bbox 723 840 884 881; x_wconf 83' lang='grc' dir='ltr'><em>σαυτὸν</em></span> <span class='ocrx_word' id='word_1_91' title='bbox 922 840 1084 894; x_wconf 72' lang='grc' dir='ltr'><em>ἐρωτᾶν</em></span> <span class='ocrx_word' id='word_1_92' title='bbox 1123 840 1318 882; x_wconf 74' lang='grc' dir='ltr'><em>ἑκάστοτε</em></span> <span class='ocrx_word' id='word_1_93' title='bbox 1349 838 1373 882; x_wconf 82' lang='grc' dir='ltr'>ὅ</span> <span class='ocrx_word' id='word_1_94' title='bbox 1401 857 1439 882; x_wconf 85' lang='grc' dir='ltr'><em>τι</em></span> 
     </span>
     <span class='ocr_line' id='line_1_11' title="bbox 79 904 1437 959; baseline 0.002 -15"><span class='ocrx_word' id='word_1_95' title='bbox 79 906 135 944; x_wconf 83' lang='grc' dir='ltr'>ἀν</span> <span class='ocrx_word' id='word_1_96' title='bbox 160 918 223 951; x_wconf 78' lang='grc' dir='ltr'><em>τις</em></span> <span class='ocrx_word' id='word_1_97' title='bbox 251 904 476 958; x_wconf 74' lang='grc' dir='ltr'><em>βούληται,</em></span> <span class='ocrx_word' id='word_1_98' title='bbox 517 905 575 953; x_wconf 78' lang='grc' dir='ltr'>ὡς</span> <span class='ocrx_word' id='word_1_99' title='bbox 604 904 880 959; x_wconf 76' lang='grc' dir='ltr'><em>ἐπιστάμενος</em></span> <span class='ocrx_word' id='word_1_100' title='bbox 909 906 1238 957; x_wconf 66' lang='grc' dir='ltr'><em>ἀποκρίνεσθαις</em></span> <span class='ocrx_word' id='word_1_101' title='bbox 1291 908 1437 948; x_wconf 72' lang='grc' dir='ltr'>ΠῼΛ.</span> 
     </span>
    </p>
   </div>
   <div class='ocr_carea' id='block_1_5' title="bbox 77 1034 1437 1217">
    <p class='ocr_par' dir='ltr' id='par_1_5' title="bbox 77 1034 1437 1217">
     <span class='ocr_line' id='line_1_12' title="bbox 144 1034 1437 1082; baseline 0.003 -14"><span class='ocrx_word' id='word_1_102' title='bbox 144 1037 183 1068; x_wconf 88' lang='grc' dir='ltr'>Ε.</span> <span class='ocrx_word' id='word_1_103' title='bbox 231 1034 331 1069; x_wconf 75' lang='grc' dir='ltr'><em>ἀλλὰ</em></span> <span class='ocrx_word' id='word_1_104' title='bbox 362 1035 552 1072; x_wconf 62' lang='grc' dir='ltr'><em>ἀντίθες</em></span> <span class='ocrx_word' id='word_1_105' title='bbox 587 1050 663 1070; x_wconf 88' lang='grc' dir='ltr'><em>τοι·</em></span> <span class='ocrx_word' id='word_1_106' title='bbox 700 1043 777 1070; x_wconf 79' lang='grc' dir='ltr'>σοῦ</span> <span class='ocrx_word' id='word_1_107' title='bbox 808 1039 859 1082; x_wconf 79' lang='grc' dir='ltr'>μ.]</span> <span class='ocrx_word' id='word_1_108' title='bbox 896 1040 953 1071; x_wconf 81' lang='lat' dir='ltr'>Sic</span> <span class='ocrx_word' id='word_1_109' title='bbox 988 1039 1104 1071; x_wconf 85' lang='lat' dir='ltr'>Clark.</span> <span class='ocrx_word' id='word_1_110' title='bbox 1137 1040 1241 1074; x_wconf 84' lang='lat' dir='ltr'>Coisl.</span> <span class='ocrx_word' id='word_1_111' title='bbox 1276 1041 1362 1073; x_wconf 86' lang='lat' dir='ltr'>Ven.</span> <span class='ocrx_word' id='word_1_112' title='bbox 1398 1041 1437 1073; x_wconf 90' lang='grc' dir='ltr'>Ξ.</span> 
     </span>
     <span class='ocr_line' id='line_1_13' title="bbox 78 1082 1434 1120; baseline 0.003 -7"><span class='ocrx_word' id='word_1_113' title='bbox 78 1082 156 1115; x_wconf 88' lang='lat' dir='ltr'>Par.</span> <span class='ocrx_word' id='word_1_114' title='bbox 180 1083 409 1116; x_wconf 86' lang='lat' dir='ltr'>BCFIVW.</span> <span class='ocrx_word' id='word_1_115' title='bbox 443 1084 544 1116; x_wconf 90' lang='lat' dir='ltr'>Vind.</span> <span class='ocrx_word' id='word_1_116' title='bbox 563 1084 593 1116; x_wconf 90' lang='lat'>1.</span> <span class='ocrx_word' id='word_1_117' title='bbox 611 1084 641 1117; x_wconf 88' lang='lat'>6.</span> <span class='ocrx_word' id='word_1_118' title='bbox 678 1084 770 1116; x_wconf 88' lang='lat' dir='ltr'>Flor.</span> <span class='ocrx_word' id='word_1_119' title='bbox 790 1096 819 1116; x_wconf 88' lang='lat' dir='ltr'>a.</span> <span class='ocrx_word' id='word_1_120' title='bbox 840 1085 872 1116; x_wconf 91' lang='lat' dir='ltr'>b.</span> <span class='ocrx_word' id='word_1_121' title='bbox 898 1095 925 1116; x_wconf 91' lang='grc'>0.</span> <span class='ocrx_word' id='word_1_122' title='bbox 953 1096 997 1116; x_wconf 89' lang='grc'>111.</span> <span class='ocrx_word' id='word_1_123' title='bbox 1022 1096 1051 1117; x_wconf 92' lang='grc'>0.</span> <span class='ocrx_word' id='word_1_124' title='bbox 1077 1096 1109 1117; x_wconf 82' lang='lat' dir='ltr'>x.</span> <span class='ocrx_word' id='word_1_125' title='bbox 1134 1091 1167 1117; x_wconf 90' lang='lat' dir='ltr'>et</span> <span class='ocrx_word' id='word_1_126' title='bbox 1191 1096 1276 1118; x_wconf 85' lang='lat' dir='ltr'>corr.</span> <span class='ocrx_word' id='word_1_127' title='bbox 1294 1087 1371 1120; x_wconf 84' lang='lat' dir='ltr'>Vat.</span> <span class='ocrx_word' id='word_1_128' title='bbox 1392 1087 1434 1117; x_wconf 72' lang='grc' dir='ltr'>-Ι,</span> 
     </span>
     <span class='ocr_line' id='line_1_14' title="bbox 77 1125 1436 1170; baseline 0.002 -11"><span class='ocrx_word' id='word_1_129' title='bbox 77 1137 137 1168; x_wconf 78' lang='lat' dir='ltr'>pro</span> <span class='ocrx_word' id='word_1_130' title='bbox 161 1127 255 1170; x_wconf 83' lang='lat' dir='ltr'>vulg.</span> <span class='ocrx_word' id='word_1_131' title='bbox 282 1125 364 1159; x_wconf 76' lang='grc' dir='ltr'><em>ἀλλὰ</em></span> <span class='ocrx_word' id='word_1_132' title='bbox 386 1126 533 1163; x_wconf 65' lang='grc' dir='ltr'>ἀντίθες</span> <span class='ocrx_word' id='word_1_133' title='bbox 557 1129 589 1160; x_wconf 82' lang='grc' dir='ltr'>τὸ</span> <span class='ocrx_word' id='word_1_134' title='bbox 616 1133 680 1160; x_wconf 72' lang='grc' dir='ltr'>σοῦ</span> <span class='ocrx_word' id='word_1_135' title='bbox 706 1143 732 1161; x_wconf 81' lang='grc' dir='ltr'>κ.</span> <span class='ocrx_word' id='word_1_136' title='bbox 760 1142 783 1160; x_wconf 86' lang='grc' dir='ltr'>τ.</span> <span class='ocrx_word' id='word_1_137' title='bbox 810 1131 836 1161; x_wconf 76' lang='grc' dir='ltr'>λ.</span> <span class='ocrx_word' id='word_1_138' title='bbox 873 1130 957 1162; x_wconf 85' lang='lat' dir='ltr'>Ven.</span> <span class='ocrx_word' id='word_1_139' title='bbox 983 1130 1021 1161; x_wconf 83' lang='grc' dir='ltr'>Σ.</span> <span class='ocrx_word' id='word_1_140' title='bbox 1047 1131 1147 1162; x_wconf 84' lang='lat' dir='ltr'>Vind.</span> <span class='ocrx_word' id='word_1_141' title='bbox 1170 1130 1202 1163; x_wconf 77' lang='grc'>2.</span> <span class='ocrx_word' id='word_1_142' title='bbox 1227 1128 1353 1163; x_wconf 46' lang='grc' dir='ltr'><em>ἀπ’τιῗῖΓε</em></span> <span class='ocrx_word' id='word_1_143' title='bbox 1380 1144 1436 1162; x_wconf 79' lang='lat' dir='ltr'>rot.</span> 
     </span>
     <span class='ocr_line' id='line_1_15' title="bbox 79 1169 1244 1217; baseline 0.003 -13"><span class='ocrx_word' id='word_1_144' title='bbox 79 1173 156 1204; x_wconf 83' lang='lat' dir='ltr'>Par.</span> <span class='ocrx_word' id='word_1_145' title='bbox 180 1173 219 1206; x_wconf 82' lang='lat' dir='ltr'>E.</span> <span class='ocrx_word' id='word_1_146' title='bbox 245 1169 388 1207; x_wconf 66' lang='grc' dir='ltr'><em>ἀντιθές</em></span> <span class='ocrx_word' id='word_1_147' title='bbox 414 1186 453 1213; x_wconf 80' lang='grc' dir='ltr'><em>τι,</em></span> <span class='ocrx_word' id='word_1_148' title='bbox 479 1185 545 1216; x_wconf 90' lang='lat' dir='ltr'>quo</span> <span class='ocrx_word' id='word_1_149' title='bbox 570 1178 603 1207; x_wconf 88' lang='lat' dir='ltr'>et</span> <span class='ocrx_word' id='word_1_150' title='bbox 626 1176 700 1217; x_wconf 82' lang='lat' dir='ltr'>ipso</span> <span class='ocrx_word' id='word_1_151' title='bbox 726 1179 862 1217; x_wconf 83' lang='lat' dir='ltr'>recepta</span> <span class='ocrx_word' id='word_1_152' title='bbox 886 1175 987 1207; x_wconf 82' lang='lat' dir='ltr'>lectio</span> <span class='ocrx_word' id='word_1_153' title='bbox 1013 1176 1244 1208; x_wconf 83' lang='lat' dir='ltr'>confirmatur.</span> 
     </span>
    </p>
   </div>
   <div class='ocr_carea' id='block_1_6' title="bbox 148 1236 1437 1284">
    <p class='ocr_par' dir='ltr' id='par_1_6' title="bbox 148 1236 1437 1284">
     <span class='ocr_line' id='line_1_16' title="bbox 148 1236 1437 1284; baseline 0.002 -12"><span class='ocrx_word' id='word_1_154' title='bbox 148 1238 200 1272; x_wconf 73' lang='grc' dir='ltr'>οὐ</span> <span class='ocrx_word' id='word_1_155' title='bbox 232 1239 340 1272; x_wconf 74' lang='grc' dir='ltr'><em>δείν’</em></span> <span class='ocrx_word' id='word_1_156' title='bbox 373 1239 427 1272; x_wconf 73' lang='grc' dir='ltr'>ἄν</span> <span class='ocrx_word' id='word_1_157' title='bbox 458 1236 501 1273; x_wconf 83' lang='grc' dir='ltr'>αὖ</span> <span class='ocrx_word' id='word_1_158' title='bbox 534 1240 612 1284; x_wconf 70' lang='grc' dir='ltr'>ἐγώ</span> <span class='ocrx_word' id='word_1_159' title='bbox 646 1241 700 1282; x_wconf 88' lang='grc' dir='ltr'>π.]</span> <span class='ocrx_word' id='word_1_160' title='bbox 735 1240 780 1273; x_wconf 73' lang='grc' dir='ltr'>ἂν</span> <span class='ocrx_word' id='word_1_161' title='bbox 811 1242 915 1284; x_wconf 89' lang='lat' dir='ltr'>vulgo</span> <span class='ocrx_word' id='word_1_162' title='bbox 948 1244 1112 1275; x_wconf 75' lang='lat' dir='ltr'>omissum</span> <span class='ocrx_word' id='word_1_163' title='bbox 1145 1248 1233 1276; x_wconf 84' lang='lat' dir='ltr'>recte</span> <span class='ocrx_word' id='word_1_164' title='bbox 1258 1250 1437 1276; x_wconf 75' lang='lat' dir='ltr'>servarunt</span> 
     </span>
    </p>
   </div>
   <div class='ocr_carea' id='block_1_7' title="bbox 80 1285 1436 1445">
    <p class='ocr_par' dir='ltr' id='par_1_7' title="bbox 80 1285 1436 1445">
     <span class='ocr_line' id='line_1_17' title="bbox 80 1285 1435 1331; baseline 0.002 -14"><span class='ocrx_word' id='word_1_165' title='bbox 80 1285 196 1318; x_wconf 82' lang='lat' dir='ltr'>Clark.</span> <span class='ocrx_word' id='word_1_166' title='bbox 222 1286 328 1318; x_wconf 87' lang='lat' dir='ltr'>Coisl.</span> <span class='ocrx_word' id='word_1_167' title='bbox 353 1287 502 1323; x_wconf 35' lang='lat' dir='ltr'>VennjE.</span> <span class='ocrx_word' id='word_1_168' title='bbox 538 1287 639 1320; x_wconf 76' lang='lat' dir='ltr'>Vind.</span> <span class='ocrx_word' id='word_1_169' title='bbox 666 1286 695 1319; x_wconf 86' lang='lat'>6.</span> <span class='ocrx_word' id='word_1_170' title='bbox 728 1288 805 1319; x_wconf 85' lang='lat' dir='ltr'>Par.</span> <span class='ocrx_word' id='word_1_171' title='bbox 829 1288 1022 1331; x_wconf 62' lang='lat' dir='ltr'>BssIVW.</span> <span class='ocrx_word' id='word_1_172' title='bbox 1055 1289 1145 1321; x_wconf 86' lang='lat' dir='ltr'>Flor.</span> <span class='ocrx_word' id='word_1_173' title='bbox 1170 1300 1198 1323; x_wconf 83' lang='lat' dir='ltr'>a.</span> <span class='ocrx_word' id='word_1_174' title='bbox 1225 1289 1255 1321; x_wconf 89' lang='lat' dir='ltr'>b.</span> <span class='ocrx_word' id='word_1_175' title='bbox 1283 1301 1312 1321; x_wconf 89' lang='grc'>0.</span> <span class='ocrx_word' id='word_1_176' title='bbox 1337 1290 1367 1321; x_wconf 91' lang='lat' dir='ltr'>d.</span> <span class='ocrx_word' id='word_1_177' title='bbox 1393 1301 1435 1321; x_wconf 86' lang='lat' dir='ltr'>m.</span> 
     </span>
     <span class='ocr_line' id='line_1_18' title="bbox 80 1331 990 1374; baseline 0.002 -12"><span class='ocrx_word' id='word_1_178' title='bbox 80 1342 110 1363; x_wconf 89' lang='lat'>0.</span> <span class='ocrx_word' id='word_1_179' title='bbox 136 1342 169 1362; x_wconf 82' lang='lat' dir='ltr'>x.</span> <span class='ocrx_word' id='word_1_180' title='bbox 204 1331 243 1362; x_wconf 90' lang='lat' dir='ltr'>In</span> <span class='ocrx_word' id='word_1_181' title='bbox 269 1331 344 1363; x_wconf 87' lang='lat' dir='ltr'>Vat.</span> <span class='ocrx_word' id='word_1_182' title='bbox 371 1332 415 1363; x_wconf 89' lang='lat' dir='ltr'><em>A</em></span> <span class='ocrx_word' id='word_1_183' title='bbox 441 1332 587 1374; x_wconf 88' lang='lat' dir='ltr'>aliisque</span> <span class='ocrx_word' id='word_1_184' title='bbox 612 1333 791 1364; x_wconf 84' lang='lat' dir='ltr'>nonnullis</span> <span class='ocrx_word' id='word_1_185' title='bbox 816 1333 859 1364; x_wconf 76' lang='grc' dir='ltr'>αὐ</span> <span class='ocrx_word' id='word_1_186' title='bbox 885 1333 990 1365; x_wconf 82' lang='lat' dir='ltr'>deest.</span> 
     </span>
     <span class='ocr_line' id='line_1_19' title="bbox 146 1397 1436 1445; baseline 0.003 -15"><span class='ocrx_word' id='word_1_187' title='bbox 146 1399 183 1430; x_wconf 93' lang='lat' dir='ltr'>P.</span> <span class='ocrx_word' id='word_1_188' title='bbox 209 1397 285 1431; x_wconf 88' lang='grc'>462.</span> <span class='ocrx_word' id='word_1_189' title='bbox 338 1397 532 1433; x_wconf 73' lang='grc' dir='ltr'>κελεύεις</span> <span class='ocrx_word' id='word_1_190' title='bbox 568 1398 750 1443; x_wconf 78' lang='grc' dir='ltr'><em>σαυτὸν]</em></span> <span class='ocrx_word' id='word_1_191' title='bbox 788 1401 845 1433; x_wconf 79' lang='lat' dir='ltr'>Sic</span> <span class='ocrx_word' id='word_1_192' title='bbox 878 1400 974 1433; x_wconf 83' lang='lat' dir='ltr'>codd.</span> <span class='ocrx_word' id='word_1_193' title='bbox 1006 1402 1123 1443; x_wconf 86' lang='lat' dir='ltr'>optimi</span> <span class='ocrx_word' id='word_1_194' title='bbox 1156 1406 1257 1443; x_wconf 86' lang='lat' dir='ltr'>atque</span> <span class='ocrx_word' id='word_1_195' title='bbox 1287 1402 1436 1445; x_wconf 85' lang='lat' dir='ltr'>plurimi.</span> 
     </span>
    </p>
   </div>
   <div class='ocr_carea' id='block_1_8' title="bbox 78 1442 473 1476">
    <p class='ocr_par' dir='ltr' id='par_1_8' title="bbox 78 1442 473 1476">
     <span class='ocr_line' id='line_1_20' title="bbox 78 1442 473 1476; baseline -0.005 0"><span class='ocrx_word' id='word_1_196' title='bbox 78 1444 169 1476; x_wconf 82' lang='lat' dir='ltr'>Vett.</span> <span class='ocrx_word' id='word_1_197' title='bbox 193 1443 288 1476; x_wconf 82' lang='lat' dir='ltr'>editt.</span> <span class='ocrx_word' id='word_1_198' title='bbox 317 1442 440 1476; x_wconf 82' lang='grc' dir='ltr'><em>σεαυτό</em></span> <span class='ocrx_word' id='word_1_199' title='bbox 446 1456 473 1475; x_wconf 73' lang='lat'>7¹.</span> 
     </span>
    </p>
   </div>
   <div class='ocr_carea' id='block_1_9' title="bbox 78 1575 727 2789">
    <p class='ocr_par' dir='ltr' id='par_1_9' title="bbox 78 1575 727 2789">
     <span class='ocr_line' id='line_1_21' title="bbox 79 1575 723 1616; baseline 0.002 -11"><span class='ocrx_word' id='word_1_200' title='bbox 79 1577 199 1606; x_wconf 82' lang='lat' dir='ltr'>recte</span> <span class='ocrx_word' id='word_1_201' title='bbox 238 1584 455 1607; x_wconf 80' lang='lat' dir='ltr'>concessa</span> <span class='ocrx_word' id='word_1_202' title='bbox 494 1579 620 1616; x_wconf 87' lang='lat' dir='ltr'>putes</span> <span class='ocrx_word' id='word_1_203' title='bbox 634 1600 641 1614; x_wconf 92' lang='lat'>‚</span> <span class='ocrx_word' id='word_1_204' title='bbox 680 1575 723 1606; x_wconf 86' lang='lat' dir='ltr'>id</span> 
     </span>
     <span class='ocr_line' id='line_1_22' title="bbox 78 1618 722 1661; baseline 0.003 -11"><span class='ocrx_word' id='word_1_205' title='bbox 78 1624 149 1651; x_wconf 82' lang='lat' dir='ltr'>tuo</span> <span class='ocrx_word' id='word_1_206' title='bbox 165 1618 392 1651; x_wconf 83' lang='lat' dir='ltr'>arbitratu</span> <span class='ocrx_word' id='word_1_207' title='bbox 408 1624 633 1661; x_wconf 80' lang='lat' dir='ltr'><strong>permutes</strong></span> <span class='ocrx_word' id='word_1_208' title='bbox 647 1625 722 1659; x_wconf 79' lang='lat' dir='ltr'>ete.⁷</span> 
     </span>
     <span class='ocr_line' id='line_1_23' title="bbox 79 1665 724 1707; baseline 0.002 -11"><span class='ocrx_word' id='word_1_209' title='bbox 79 1675 122 1696; x_wconf 81' lang='lat' dir='ltr'>cx</span> <span class='ocrx_word' id='word_1_210' title='bbox 169 1675 236 1706; x_wconf 88' lang='lat' dir='ltr'>qua</span> <span class='ocrx_word' id='word_1_211' title='bbox 277 1665 557 1707; x_wconf 80' lang='lat' dir='ltr'>interpretatione</span> <span class='ocrx_word' id='word_1_212' title='bbox 597 1666 724 1697; x_wconf 89' lang='lat' dir='ltr'>Hein-</span> 
     </span>
     <span class='ocr_line' id='line_1_24' title="bbox 81 1709 722 1752; baseline 0.003 -12"><span class='ocrx_word' id='word_1_213' title='bbox 81 1709 154 1741; x_wconf 85' lang='grc'>(101·</span> <span class='ocrx_word' id='word_1_214' title='bbox 164 1710 249 1741; x_wconf 89' lang='lat' dir='ltr'>fius</span> <span class='ocrx_word' id='word_1_215' title='bbox 274 1709 482 1742; x_wconf 78' lang='lat' dir='ltr'>conficiebat</span> <span class='ocrx_word' id='word_1_216' title='bbox 510 1714 587 1752; x_wconf 87' lang='lat' dir='ltr'>post</span> <span class='ocrx_word' id='word_1_217' title='bbox 611 1709 722 1742; x_wconf 69' lang='grc' dir='ltr'><em>ἐθέλω</em></span> 
     </span>
     <span class='ocr_line' id='line_1_25' title="bbox 80 1754 721 1789; baseline -0.002 -2"><span class='ocrx_word' id='word_1_218' title='bbox 80 1754 248 1787; x_wconf 81' lang='lat' dir='ltr'>excidisse</span> <span class='ocrx_word' id='word_1_219' title='bbox 278 1754 410 1789; x_wconf 71' lang='grc' dir='ltr'><em>δοῦναι.</em></span> <span class='ocrx_word' id='word_1_220' title='bbox 458 1756 585 1787; x_wconf 83' lang='lat' dir='ltr'>Verum</span> <span class='ocrx_word' id='word_1_221' title='bbox 608 1760 721 1787; x_wconf 83' lang='lat' dir='ltr'>tamen</span> 
     </span>
     <span class='ocr_line' id='line_1_26' title="bbox 80 1800 722 1833; baseline 0.003 -2"><span class='ocrx_word' id='word_1_222' title='bbox 80 1800 168 1832; x_wconf 87' lang='lat' dir='ltr'>nihil</span> <span class='ocrx_word' id='word_1_223' title='bbox 192 1800 404 1832; x_wconf 81' lang='lat' dir='ltr'>mutandum.</span> <span class='ocrx_word' id='word_1_224' title='bbox 450 1801 538 1833; x_wconf 87' lang='lat' dir='ltr'>Nam</span> <span class='ocrx_word' id='word_1_225' title='bbox 564 1801 722 1833; x_wconf 82' lang='lat' dir='ltr'>Socrates</span> 
     </span>
     <span class='ocr_line' id='line_1_27' title="bbox 81 1845 723 1888; baseline 0.003 -12"><span class='ocrx_word' id='word_1_226' title='bbox 81 1845 179 1877; x_wconf 88' lang='lat' dir='ltr'>illum</span> <span class='ocrx_word' id='word_1_227' title='bbox 192 1845 305 1887; x_wconf 85' lang='lat' dir='ltr'>ipsum</span> <span class='ocrx_word' id='word_1_228' title='bbox 319 1845 433 1878; x_wconf 78' lang='lat' dir='ltr'>locum</span> <span class='ocrx_word' id='word_1_229' title='bbox 447 1846 634 1888; x_wconf 84' lang='lat' dir='ltr'>respiciens</span> <span class='ocrx_word' id='word_1_230' title='bbox 655 1847 723 1878; x_wconf 86' lang='lat' dir='ltr'>iam</span> 
     </span>
     <span class='ocr_line' id='line_1_28' title="bbox 81 1892 724 1933; baseline 0.003 -11"><span class='ocrx_word' id='word_1_231' title='bbox 81 1901 117 1923; x_wconf 79' lang='lat' dir='ltr'>se</span> <span class='ocrx_word' id='word_1_232' title='bbox 148 1901 283 1932; x_wconf 87' lang='lat' dir='ltr'>quoque</span> <span class='ocrx_word' id='word_1_233' title='bbox 313 1895 471 1933; x_wconf 86' lang='lat' dir='ltr'>paratum</span> <span class='ocrx_word' id='word_1_234' title='bbox 499 1902 573 1924; x_wconf 86' lang='lat' dir='ltr'>esse</span> <span class='ocrx_word' id='word_1_235' title='bbox 598 1892 724 1924; x_wconf 79' lang='lat' dir='ltr'>fatetur</span> 
     </span>
     <span class='ocr_line' id='line_1_29' title="bbox 80 1935 723 1979; baseline 0.003 -12"><span class='ocrx_word' id='word_1_236' title='bbox 80 1935 123 1968; x_wconf 84' lang='lat' dir='ltr'>ad</span> <span class='ocrx_word' id='word_1_237' title='bbox 138 1936 354 1969; x_wconf 79' lang='lat' dir='ltr'>retractanda</span> <span class='ocrx_word' id='word_1_238' title='bbox 372 1947 424 1976; x_wconf 85' lang='lat' dir='ltr'>ea,</span> <span class='ocrx_word' id='word_1_239' title='bbox 449 1947 536 1979; x_wconf 87' lang='lat' dir='ltr'>quae</span> <span class='ocrx_word' id='word_1_240' title='bbox 560 1947 723 1969; x_wconf 82' lang='lat' dir='ltr'>concessa</span> 
     </span>
     <span class='ocr_line' id='line_1_30' title="bbox 80 1981 723 2023; baseline 0.003 -11"><span class='ocrx_word' id='word_1_241' title='bbox 80 1981 165 2022; x_wconf 88' lang='lat' dir='ltr'>sint,</span> <span class='ocrx_word' id='word_1_242' title='bbox 198 1982 227 2013; x_wconf 85' lang='lat' dir='ltr'>si</span> <span class='ocrx_word' id='word_1_243' title='bbox 260 1982 341 2023; x_wconf 85' lang='lat' dir='ltr'>quid</span> <span class='ocrx_word' id='word_1_244' title='bbox 371 1982 456 2014; x_wconf 91' lang='lat' dir='ltr'>Polo</span> <span class='ocrx_word' id='word_1_245' title='bbox 488 1983 602 2014; x_wconf 85' lang='lat' dir='ltr'>minus</span> <span class='ocrx_word' id='word_1_246' title='bbox 636 1982 723 2014; x_wconf 88' lang='lat' dir='ltr'>bene</span> 
     </span>
     <span class='ocr_line' id='line_1_31' title="bbox 81 2027 723 2069; baseline 0.002 -11"><span class='ocrx_word' id='word_1_247' title='bbox 81 2037 279 2059; x_wconf 85' lang='lat' dir='ltr'>concessum</span> <span class='ocrx_word' id='word_1_248' title='bbox 331 2027 499 2059; x_wconf 85' lang='lat' dir='ltr'>videatur.</span> <span class='ocrx_word' id='word_1_249' title='bbox 568 2029 608 2059; x_wconf 90' lang='lat' dir='ltr'>In</span> <span class='ocrx_word' id='word_1_250' title='bbox 656 2038 723 2069; x_wconf 91' lang='lat' dir='ltr'>quo</span> 
     </span>
     <span class='ocr_line' id='line_1_32' title="bbox 81 2072 724 2105; baseline 0.003 -2"><span class='ocrx_word' id='word_1_251' title='bbox 81 2072 232 2104; x_wconf 84' lang='lat' dir='ltr'>urbanae</span> <span class='ocrx_word' id='word_1_252' title='bbox 263 2072 393 2105; x_wconf 86' lang='lat' dir='ltr'>ironiae</span> <span class='ocrx_word' id='word_1_253' title='bbox 423 2072 563 2105; x_wconf 84' lang='lat' dir='ltr'>aculeus</span> <span class='ocrx_word' id='word_1_254' title='bbox 595 2077 655 2105; x_wconf 88' lang='lat' dir='ltr'>est.</span> <span class='ocrx_word' id='word_1_255' title='bbox 679 2091 724 2095; x_wconf 88' lang='lat'><strong>—</strong></span> 
     </span>
     <span class='ocr_line' id='line_1_33' title="bbox 81 2115 725 2160; baseline 0.003 -12"><span class='ocrx_word' id='word_1_256' title='bbox 81 2116 233 2149; x_wconf 87' lang='lat' dir='ltr'>Verbum</span> <span class='ocrx_word' id='word_1_257' title='bbox 262 2115 498 2149; x_wconf 74' lang='grc' dir='ltr'><em>ἀνατίθεσθαι</em></span> <span class='ocrx_word' id='word_1_258' title='bbox 528 2128 588 2160; x_wconf 91' lang='lat' dir='ltr'>per</span> <span class='ocrx_word' id='word_1_259' title='bbox 622 2122 725 2150; x_wconf 80' lang='lat' dir='ltr'>meta·</span> 
     </span>
     <span class='ocr_line' id='line_1_34' title="bbox 80 2162 725 2204; baseline 0.003 -11"><span class='ocrx_word' id='word_1_260' title='bbox 80 2162 221 2204; x_wconf 86' lang='lat' dir='ltr'>phoram</span> <span class='ocrx_word' id='word_1_261' title='bbox 259 2173 280 2194; x_wconf 88' lang='lat' dir='ltr'>a</span> <span class='ocrx_word' id='word_1_262' title='bbox 316 2162 526 2194; x_wconf 87' lang='lat' dir='ltr'>calculorum</span> <span class='ocrx_word' id='word_1_263' title='bbox 561 2163 640 2195; x_wconf 89' lang='lat' dir='ltr'>lusu</span> <span class='ocrx_word' id='word_1_264' title='bbox 675 2174 725 2195; x_wconf 84' lang='lat' dir='ltr'>re-</span> 
     </span>
     <span class='ocr_line' id='line_1_35' title="bbox 80 2207 726 2249; baseline 0.002 -11"><span class='ocrx_word' id='word_1_265' title='bbox 80 2208 222 2248; x_wconf 81' lang='lat' dir='ltr'>petitam</span> <span class='ocrx_word' id='word_1_266' title='bbox 261 2207 328 2239; x_wconf 84' lang='lat' dir='ltr'>dici</span> <span class='ocrx_word' id='word_1_267' title='bbox 370 2207 485 2240; x_wconf 81' lang='lat' dir='ltr'>docuit</span> <span class='ocrx_word' id='word_1_268' title='bbox 525 2208 568 2240; x_wconf 92' lang='lat' dir='ltr'>W</span> <span class='ocrx_word' id='word_1_269' title='bbox 578 2219 600 2249; x_wconf 92' lang='lat' dir='ltr'><strong>y</strong></span> <span class='ocrx_word' id='word_1_270' title='bbox 612 2212 625 2239; x_wconf 91' lang='lat' dir='ltr'>t</span> <span class='ocrx_word' id='word_1_271' title='bbox 635 2212 649 2239; x_wconf 86' lang='lat' dir='ltr'>t</span> <span class='ocrx_word' id='word_1_272' title='bbox 658 2218 676 2239; x_wconf 90' lang='lat' dir='ltr'>e</span> <span class='ocrx_word' id='word_1_273' title='bbox 688 2220 726 2239; x_wconf 90' lang='lat' dir='ltr'>n-</span> 
     </span>
     <span class='ocr_line' id='line_1_36' title="bbox 80 2251 725 2294; baseline 0.002 -11"><span class='ocrx_word' id='word_1_274' title='bbox 80 2252 202 2284; x_wconf 87' lang='lat' dir='ltr'>bach.</span> <span class='ocrx_word' id='word_1_275' title='bbox 239 2253 282 2284; x_wconf 88' lang='lat' dir='ltr'>ad</span> <span class='ocrx_word' id='word_1_276' title='bbox 320 2252 495 2286; x_wconf 88' lang='lat' dir='ltr'>Phaedon.</span> <span class='ocrx_word' id='word_1_277' title='bbox 529 2263 560 2294; x_wconf 91' lang='lat' dir='ltr'>p.</span> <span class='ocrx_word' id='word_1_278' title='bbox 591 2251 646 2285; x_wconf 82' lang='lat'>87.</span> <span class='ocrx_word' id='word_1_279' title='bbox 671 2255 725 2293; x_wconf 90' lang='lat' dir='ltr'>A.,</span> 
     </span>
     <span class='ocr_line' id='line_1_37' title="bbox 81 2296 724 2339; baseline 0.006 -11"><span class='ocrx_word' id='word_1_280' title='bbox 81 2296 142 2328; x_wconf 92' lang='lat' dir='ltr'>ubi</span> <span class='ocrx_word' id='word_1_281' title='bbox 173 2308 205 2329; x_wconf 88' lang='lat' dir='ltr'>v.</span> <span class='ocrx_word' id='word_1_282' title='bbox 237 2302 353 2330; x_wconf 85' lang='lat' dir='ltr'>annot.</span> <span class='ocrx_word' id='word_1_283' title='bbox 384 2316 427 2321; x_wconf 92' lang='lat'>--</span> <span class='ocrx_word' id='word_1_284' title='bbox 463 2299 528 2330; x_wconf 87' lang='lat' dir='ltr'>Pro</span> <span class='ocrx_word' id='word_1_285' title='bbox 555 2296 724 2339; x_wconf 73' lang='grc' dir='ltr'><em>φυλάττῃε</em></span> 
     </span>
     <span class='ocr_line' id='line_1_38' title="bbox 82 2341 724 2384; baseline 0 -11"><span class='ocrx_word' id='word_1_286' title='bbox 82 2341 172 2383; x_wconf 84' lang='lat' dir='ltr'>quod</span> <span class='ocrx_word' id='word_1_287' title='bbox 202 2342 451 2376; x_wconf 84' lang='lat' dir='ltr'>Findeisen.</span> <span class='ocrx_word' id='word_1_288' title='bbox 490 2341 638 2384; x_wconf 73' lang='grc' dir='ltr'><em>φυλάττῃ</em></span> <span class='ocrx_word' id='word_1_289' title='bbox 675 2353 724 2374; x_wconf 89' lang='lat' dir='ltr'>re-</span> 
     </span>
     <span class='ocr_line' id='line_1_39' title="bbox 81 2387 722 2429; baseline 0.002 -11"><span class='ocrx_word' id='word_1_290' title='bbox 81 2387 205 2428; x_wconf 80' lang='lat' dir='ltr'>posuit,</span> <span class='ocrx_word' id='word_1_291' title='bbox 231 2388 319 2429; x_wconf 87' lang='lat' dir='ltr'>fugit</span> <span class='ocrx_word' id='word_1_292' title='bbox 333 2388 433 2420; x_wconf 89' lang='lat' dir='ltr'>illum</span> <span class='ocrx_word' id='word_1_293' title='bbox 448 2398 531 2420; x_wconf 85' lang='lat' dir='ltr'>usus</span> <span class='ocrx_word' id='word_1_294' title='bbox 548 2387 722 2429; x_wconf 83' lang='lat' dir='ltr'>loquendi,</span> 
     </span>
     <span class='ocr_line' id='line_1_40' title="bbox 83 2431 725 2474; baseline 0 -10"><span class='ocrx_word' id='word_1_295' title='bbox 83 2443 125 2464; x_wconf 89' lang='lat' dir='ltr'>ex</span> <span class='ocrx_word' id='word_1_296' title='bbox 143 2443 209 2474; x_wconf 86' lang='lat' dir='ltr'>quo</span> <span class='ocrx_word' id='word_1_297' title='bbox 228 2431 420 2472; x_wconf 77' lang='grc' dir='ltr'><em>φυλάττειν,</em></span> <span class='ocrx_word' id='word_1_298' title='bbox 445 2444 508 2466; x_wconf 82' lang='grc'>1100</span> <span class='ocrx_word' id='word_1_299' title='bbox 522 2437 635 2465; x_wconf 87' lang='lat' dir='ltr'>tamen</span> <span class='ocrx_word' id='word_1_300' title='bbox 652 2434 725 2465; x_wconf 82' lang='lat' dir='ltr'>sine</span> 
     </span>
     <span class='ocr_line' id='line_1_41' title="bbox 82 2476 724 2520; baseline 0 -11"><span class='ocrx_word' id='word_1_301' title='bbox 82 2488 203 2509; x_wconf 74' lang='lat' dir='ltr'>sensus</span> <span class='ocrx_word' id='word_1_302' title='bbox 227 2477 442 2518; x_wconf 80' lang='lat' dir='ltr'>discrimine,</span> <span class='ocrx_word' id='word_1_303' title='bbox 474 2489 534 2520; x_wconf 89' lang='lat' dir='ltr'>pro</span> <span class='ocrx_word' id='word_1_304' title='bbox 560 2476 724 2518; x_wconf 80' lang='grc' dir='ltr'><em>φυλάττε-</em></span> 
     </span>
     <span class='ocr_line' id='line_1_42' title="bbox 85 2523 725 2564; baseline 0.002 -11"><span class='ocrx_word' id='word_1_305' title='bbox 85 2524 169 2554; x_wconf 64' lang='grc' dir='ltr'><em>σθαι</em></span> <span class='ocrx_word' id='word_1_306' title='bbox 186 2527 380 2564; x_wconf 80' lang='lat' dir='ltr'>usurpatur.</span> <span class='ocrx_word' id='word_1_307' title='bbox 405 2534 437 2554; x_wconf 86' lang='lat' dir='ltr'>v.</span> <span class='ocrx_word' id='word_1_308' title='bbox 457 2524 485 2555; x_wconf 91' lang='lat' dir='ltr'>E</span> <span class='ocrx_word' id='word_1_309' title='bbox 498 2523 553 2555; x_wconf 93' lang='lat' dir='ltr'>lm</span> <span class='ocrx_word' id='word_1_310' title='bbox 563 2523 599 2555; x_wconf 86' lang='lat' dir='ltr'>sl</span> <span class='ocrx_word' id='word_1_311' title='bbox 609 2534 626 2554; x_wconf 91' lang='lat' dir='ltr'>e</span> <span class='ocrx_word' id='word_1_312' title='bbox 637 2525 659 2555; x_wconf 89' lang='lat' dir='ltr'>i.</span> <span class='ocrx_word' id='word_1_313' title='bbox 684 2523 725 2556; x_wconf 84' lang='lat' dir='ltr'>ad</span> 
     </span>
     <span class='ocr_line' id='line_1_43' title="bbox 82 2566 725 2609; baseline 0.002 -10"><span class='ocrx_word' id='word_1_314' title='bbox 82 2568 200 2609; x_wconf 78' lang='lat' dir='ltr'>EurIp.</span> <span class='ocrx_word' id='word_1_315' title='bbox 224 2567 314 2599; x_wconf 86' lang='lat' dir='ltr'>Med.</span> <span class='ocrx_word' id='word_1_316' title='bbox 340 2578 370 2599; x_wconf 89' lang='lat' dir='ltr'>v.</span> <span class='ocrx_word' id='word_1_317' title='bbox 395 2566 472 2600; x_wconf 86' lang='lat'>314.</span> <span class='ocrx_word' id='word_1_318' title='bbox 497 2569 519 2600; x_wconf 82' lang='lat' dir='ltr'>S</span> <span class='ocrx_word' id='word_1_319' title='bbox 534 2569 689 2600; x_wconf 85' lang='lat' dir='ltr'>chaefe</span> <span class='ocrx_word' id='word_1_320' title='bbox 700 2580 725 2600; x_wconf 91' lang='lat' dir='ltr'>r.</span> 
     </span>
     <span class='ocr_line' id='line_1_44' title="bbox 82 2612 724 2655; baseline 0 -11"><span class='ocrx_word' id='word_1_321' title='bbox 82 2612 124 2644; x_wconf 83' lang='lat' dir='ltr'>ad</span> <span class='ocrx_word' id='word_1_322' title='bbox 158 2612 379 2646; x_wconf 85' lang='lat' dir='ltr'>Demosthen.</span> <span class='ocrx_word' id='word_1_323' title='bbox 414 2613 577 2655; x_wconf 87' lang='lat' dir='ltr'>Apparat.</span> <span class='ocrx_word' id='word_1_324' title='bbox 612 2615 653 2645; x_wconf 88' lang='lat' dir='ltr'>T.</span> <span class='ocrx_word' id='word_1_325' title='bbox 682 2614 724 2644; x_wconf 93' lang='lat' dir='ltr'>II.</span> 
     </span>
     <span class='ocr_line' id='line_1_45' title="bbox 82 2656 727 2699; baseline 0.002 -10"><span class='ocrx_word' id='word_1_326' title='bbox 82 2668 113 2699; x_wconf 93' lang='lat' dir='ltr'>p.</span> <span class='ocrx_word' id='word_1_327' title='bbox 134 2656 210 2692; x_wconf 79' lang='lat'>215.</span> <span class='ocrx_word' id='word_1_328' title='bbox 247 2658 415 2690; x_wconf 87' lang='lat' dir='ltr'>Nimirum</span> <span class='ocrx_word' id='word_1_329' title='bbox 430 2658 466 2689; x_wconf 90' lang='lat' dir='ltr'>in</span> <span class='ocrx_word' id='word_1_330' title='bbox 490 2658 618 2690; x_wconf 87' lang='lat' dir='ltr'>talibus</span> <span class='ocrx_word' id='word_1_331' title='bbox 642 2659 727 2690; x_wconf 79' lang='lat' dir='ltr'>locis</span> 
     </span>
     <span class='ocr_line' id='line_1_46' title="bbox 83 2703 727 2744; baseline 0 -10"><span class='ocrx_word' id='word_1_332' title='bbox 83 2707 135 2735; x_wconf 80' lang='lat' dir='ltr'>est</span> <span class='ocrx_word' id='word_1_333' title='bbox 158 2703 396 2735; x_wconf 81' lang='lat' dir='ltr'>observare</span> <span class='ocrx_word' id='word_1_334' title='bbox 421 2703 570 2744; x_wconf 79' lang='lat' dir='ltr'>aliquem</span> <span class='ocrx_word' id='word_1_335' title='bbox 585 2704 641 2735; x_wconf 88' lang='lat' dir='ltr'>vel</span> <span class='ocrx_word' id='word_1_336' title='bbox 667 2703 727 2735; x_wconf 86' lang='lat' dir='ltr'>ali-</span> 
     </span>
     <span class='ocr_line' id='line_1_47' title="bbox 84 2748 727 2789; baseline 0 -10"><span class='ocrx_word' id='word_1_337' title='bbox 84 2748 182 2789; x_wconf 84' lang='lat' dir='ltr'>quid,</span> <span class='ocrx_word' id='word_1_338' title='bbox 216 2752 253 2780; x_wconf 79' lang='lat' dir='ltr'>ut</span> <span class='ocrx_word' id='word_1_339' title='bbox 285 2759 326 2780; x_wconf 87' lang='lat' dir='ltr'>ne</span> <span class='ocrx_word' id='word_1_340' title='bbox 359 2748 466 2780; x_wconf 78' lang='lat' dir='ltr'>faciat</span> <span class='ocrx_word' id='word_1_341' title='bbox 495 2749 551 2780; x_wconf 80' lang='lat' dir='ltr'>vel</span> <span class='ocrx_word' id='word_1_342' title='bbox 576 2759 643 2781; x_wconf 91' lang='lat' dir='ltr'>non</span> <span class='ocrx_word' id='word_1_343' title='bbox 669 2748 727 2780; x_wconf 72' lang='lat' dir='ltr'>fiat</span> 
     </span>
    </p>
   </div>
   <div class='ocr_carea' id='block_1_10' title="bbox 116 2814 546 2847">
    <p class='ocr_par' dir='ltr' id='par_1_10' title="bbox 116 2814 546 2847">
     <span class='ocr_line' id='line_1_48' title="bbox 116 2814 546 2847; baseline 0.002 -8"><span class='ocrx_word' id='word_1_344' title='bbox 116 2815 186 2840; x_wconf 82' lang='lat' dir='ltr'>Plat.</span> <span class='ocrx_word' id='word_1_345' title='bbox 206 2815 277 2847; x_wconf 86' lang='lat' dir='ltr'>Opp.</span> <span class='ocrx_word' id='word_1_346' title='bbox 298 2815 359 2841; x_wconf 86' lang='lat' dir='ltr'>Vol.</span> <span class='ocrx_word' id='word_1_347' title='bbox 378 2816 414 2840; x_wconf 93' lang='lat'>11.</span> <span class='ocrx_word' id='word_1_348' title='bbox 434 2814 506 2840; x_wconf 65' lang='lat' dir='ltr'>Soet.</span> <span class='ocrx_word' id='word_1_349' title='bbox 526 2816 546 2840; x_wconf 90' lang='lat' dir='ltr'>I.</span> 
     </span>
    </p>
   </div>
   <div class='ocr_carea' id='block_1_11' title="bbox 792 1576 1437 1836">
    <p class='ocr_par' dir='ltr' id='par_1_11' title="bbox 792 1576 1437 1836">
     <span class='ocr_line' id='line_1_49' title="bbox 793 1576 1436 1617; baseline 0.003 -10"><span class='ocrx_word' id='word_1_350' title='bbox 793 1579 852 1607; x_wconf 86' lang='lat' dir='ltr'>aut</span> <span class='ocrx_word' id='word_1_351' title='bbox 888 1581 925 1607; x_wconf 85' lang='lat' dir='ltr'>ut</span> <span class='ocrx_word' id='word_1_352' title='bbox 962 1576 1093 1617; x_wconf 83' lang='lat' dir='ltr'>aliquid</span> <span class='ocrx_word' id='word_1_353' title='bbox 1132 1577 1238 1608; x_wconf 82' lang='lat' dir='ltr'>faciat</span> <span class='ocrx_word' id='word_1_354' title='bbox 1276 1577 1331 1609; x_wconf 86' lang='lat' dir='ltr'>vel</span> <span class='ocrx_word' id='word_1_355' title='bbox 1367 1578 1436 1609; x_wconf 86' lang='lat' dir='ltr'>fiat.</span> 
     </span>
     <span class='ocr_line' id='line_1_50' title="bbox 794 1621 1437 1660; baseline 0.003 -8"><span class='ocrx_word' id='word_1_356' title='bbox 794 1621 965 1660; x_wconf 75' lang='lat' dir='ltr'>Quocirca</span> <span class='ocrx_word' id='word_1_357' title='bbox 980 1632 1100 1653; x_wconf 77' lang='lat' dir='ltr'>sensus</span> <span class='ocrx_word' id='word_1_358' title='bbox 1118 1622 1173 1653; x_wconf 95' lang='grc'>1110</span> <span class='ocrx_word' id='word_1_359' title='bbox 1190 1626 1258 1654; x_wconf 85' lang='lat' dir='ltr'>est:</span> <span class='ocrx_word' id='word_1_360' title='bbox 1277 1623 1313 1654; x_wconf 83' lang='lat' dir='ltr'>si</span> <span class='ocrx_word' id='word_1_361' title='bbox 1332 1623 1437 1654; x_wconf 88' lang='lat' dir='ltr'>mihi</span> 
     </span>
     <span class='ocr_line' id='line_1_51' title="bbox 792 1666 1436 1709; baseline 0.003 -12"><span class='ocrx_word' id='word_1_362' title='bbox 792 1666 873 1698; x_wconf 90' lang='grc'>1100</span> <span class='ocrx_word' id='word_1_363' title='bbox 916 1677 1044 1698; x_wconf 89' lang='lat' dir='ltr'>unum</span> <span class='ocrx_word' id='word_1_364' title='bbox 1079 1668 1306 1699; x_wconf 77' lang='lat' dir='ltr'>observes:</span> <span class='ocrx_word' id='word_1_365' title='bbox 1346 1668 1436 1709; x_wconf 86' lang='lat' dir='ltr'>quod</span> 
     </span>
     <span class='ocr_line' id='line_1_52' title="bbox 792 1711 1436 1753; baseline 0.005 -12"><span class='ocrx_word' id='word_1_366' title='bbox 792 1711 904 1742; x_wconf 88' lang='lat' dir='ltr'>lenius</span> <span class='ocrx_word' id='word_1_367' title='bbox 940 1716 973 1743; x_wconf 87' lang='lat' dir='ltr'>et</span> <span class='ocrx_word' id='word_1_368' title='bbox 1008 1713 1174 1744; x_wconf 86' lang='lat' dir='ltr'>urbanius</span> <span class='ocrx_word' id='word_1_369' title='bbox 1211 1712 1340 1745; x_wconf 85' lang='lat' dir='ltr'>dictum</span> <span class='ocrx_word' id='word_1_370' title='bbox 1375 1718 1436 1753; x_wconf 73' lang='lat' dir='ltr'>cst,</span> 
     </span>
     <span class='ocr_line' id='line_1_53' title="bbox 792 1756 1436 1797; baseline 0.005 -10"><span class='ocrx_word' id='word_1_371' title='bbox 792 1767 894 1797; x_wconf 87' lang='lat' dir='ltr'>quam</span> <span class='ocrx_word' id='word_1_372' title='bbox 931 1756 1017 1788; x_wconf 83' lang='lat' dir='ltr'>illud</span> <span class='ocrx_word' id='word_1_373' title='bbox 1032 1769 1037 1787; x_wconf 91' lang='lat'><strong>:</strong></span> <span class='ocrx_word' id='word_1_374' title='bbox 1083 1758 1119 1789; x_wconf 86' lang='lat' dir='ltr'>si</span> <span class='ocrx_word' id='word_1_375' title='bbox 1160 1758 1245 1789; x_wconf 87' lang='lat' dir='ltr'>mih</span> <span class='ocrx_word' id='word_1_376' title='bbox 1261 1759 1272 1788; x_wconf 89' lang='lat' dir='ltr'>i</span> <span class='ocrx_word' id='word_1_377' title='bbox 1310 1768 1393 1789; x_wconf 89' lang='lat' dir='ltr'>unu</span> <span class='ocrx_word' id='word_1_378' title='bbox 1404 1770 1436 1790; x_wconf 90' lang='grc'>111</span> 
     </span>
     <span class='ocr_line' id='line_1_54' title="bbox 793 1802 1436 1836; baseline 0.005 -4"><span class='ocrx_word' id='word_1_379' title='bbox 793 1813 808 1833; x_wconf 86' lang='lat' dir='ltr'>s</span> <span class='ocrx_word' id='word_1_380' title='bbox 817 1802 929 1833; x_wconf 85' lang='lat' dir='ltr'>olum</span> <span class='ocrx_word' id='word_1_381' title='bbox 949 1812 967 1833; x_wconf 90' lang='grc'>0</span> <span class='ocrx_word' id='word_1_382' title='bbox 977 1813 996 1833; x_wconf 78' lang='lat' dir='ltr'>a</span> <span class='ocrx_word' id='word_1_383' title='bbox 1006 1813 1027 1833; x_wconf 86' lang='lat' dir='ltr'><strong>v</strong></span> <span class='ocrx_word' id='word_1_384' title='bbox 1038 1813 1055 1834; x_wconf 92' lang='lat' dir='ltr'>e</span> <span class='ocrx_word' id='word_1_385' title='bbox 1065 1813 1084 1834; x_wconf 85' lang='lat' dir='ltr'>a</span> <span class='ocrx_word' id='word_1_386' title='bbox 1094 1814 1119 1834; x_wconf 85' lang='lat' dir='ltr'>s.</span> <span class='ocrx_word' id='word_1_387' title='bbox 1136 1804 1226 1835; x_wconf 86' lang='lat' dir='ltr'>cons.</span> <span class='ocrx_word' id='word_1_388' title='bbox 1238 1803 1280 1835; x_wconf 85' lang='lat' dir='ltr'>ad</span> <span class='ocrx_word' id='word_1_389' title='bbox 1294 1804 1436 1836; x_wconf 77' lang='lat' dir='ltr'>Thoact.</span> 
     </span>
    </p>
   </div>
   <div class='ocr_carea' id='block_1_12' title="bbox 792 1846 987 1888">
    <p class='ocr_par' dir='ltr' id='par_1_12' title="bbox 792 1846 987 1888">
     <span class='ocr_line' id='line_1_55' title="bbox 792 1846 987 1888; baseline 0.01 -11"><span class='ocrx_word' id='word_1_390' title='bbox 792 1857 822 1888; x_wconf 83' lang='lat' dir='ltr'>p.</span> <span class='ocrx_word' id='word_1_391' title='bbox 849 1846 924 1879; x_wconf 81' lang='lat'>154.</span> <span class='ocrx_word' id='word_1_392' title='bbox 951 1847 987 1879; x_wconf 83' lang='grc'>0.</span> 
     </span>
    </p>
   </div>
   <div class='ocr_carea' id='block_1_13' title="bbox 792 1934 1438 2335">
    <p class='ocr_par' dir='ltr' id='par_1_13' title="bbox 792 1934 1438 2335">
     <span class='ocr_line' id='line_1_56' title="bbox 839 1934 1436 1980; baseline 0.007 -13"><span class='ocrx_word' id='word_1_393' title='bbox 839 1934 887 1978; x_wconf 75' lang='grc' dir='ltr'>ἢν</span> <span class='ocrx_word' id='word_1_394' title='bbox 910 1937 1145 1980; x_wconf 57' lang='grc' dir='ltr'>καθέρξῃς]</span> <span class='ocrx_word' id='word_1_395' title='bbox 1168 1938 1204 1969; x_wconf 83' lang='lat' dir='ltr'>si</span> <span class='ocrx_word' id='word_1_396' title='bbox 1222 1939 1436 1971; x_wconf 83' lang='lat' dir='ltr'>orationis</span> 
     </span>
     <span class='ocr_line' id='line_1_57' title="bbox 793 1982 1435 2024; baseline 0.005 -11"><span class='ocrx_word' id='word_1_397' title='bbox 793 1982 1124 2024; x_wconf 83' lang='lat' dir='ltr'>longitudinem</span> <span class='ocrx_word' id='word_1_398' title='bbox 1163 1984 1435 2016; x_wconf 75' lang='lat' dir='ltr'>cohibueris.</span> 
     </span>
     <span class='ocr_line' id='line_1_58' title="bbox 792 2028 1436 2070; baseline 0.005 -12"><span class='ocrx_word' id='word_1_399' title='bbox 792 2028 917 2060; x_wconf 86' lang='lat' dir='ltr'>Forma</span> <span class='ocrx_word' id='word_1_400' title='bbox 948 2029 1066 2060; x_wconf 80' lang='lat' dir='ltr'>aoristi</span> <span class='ocrx_word' id='word_1_401' title='bbox 1097 2028 1222 2070; x_wconf 82' lang='lat' dir='ltr'>legitur</span> <span class='ocrx_word' id='word_1_402' title='bbox 1246 2030 1349 2061; x_wconf 86' lang='lat' dir='ltr'>etiam</span> <span class='ocrx_word' id='word_1_403' title='bbox 1373 2031 1436 2061; x_wconf 91' lang='lat' dir='ltr'>Po-</span> 
     </span>
     <span class='ocr_line' id='line_1_59' title="bbox 792 2072 1435 2116; baseline 0.002 -12"><span class='ocrx_word' id='word_1_404' title='bbox 792 2073 877 2105; x_wconf 81' lang='lat' dir='ltr'>litio.</span> <span class='ocrx_word' id='word_1_405' title='bbox 902 2084 932 2115; x_wconf 91' lang='lat' dir='ltr'>p.</span> <span class='ocrx_word' id='word_1_406' title='bbox 952 2072 1029 2105; x_wconf 79' lang='grc'>285.</span> <span class='ocrx_word' id='word_1_407' title='bbox 1053 2074 1092 2105; x_wconf 88' lang='grc' dir='ltr'>Β.</span> <span class='ocrx_word' id='word_1_408' title='bbox 1118 2074 1231 2114; x_wconf 61' lang='grc' dir='ltr'>ἔρξας.</span> <span class='ocrx_word' id='word_1_409' title='bbox 1267 2075 1363 2116; x_wconf 85' lang='lat' dir='ltr'>Reip.</span> <span class='ocrx_word' id='word_1_410' title='bbox 1396 2075 1435 2105; x_wconf 93' lang='lat' dir='ltr'>V.</span> 
     </span>
     <span class='ocr_line' id='line_1_60' title="bbox 794 2116 1435 2160; baseline 0 -10"><span class='ocrx_word' id='word_1_411' title='bbox 794 2116 870 2150; x_wconf 85' lang='lat'>461.</span> <span class='ocrx_word' id='word_1_412' title='bbox 889 2119 938 2149; x_wconf 88' lang='lat' dir='ltr'>D:</span> <span class='ocrx_word' id='word_1_413' title='bbox 958 2116 1002 2160; x_wconf 83' lang='grc' dir='ltr'>μὴ</span> <span class='ocrx_word' id='word_1_414' title='bbox 1017 2118 1245 2159; x_wconf 58' lang='grc' dir='ltr'><em>ξιννέρξαιτος</em></span> <span class='ocrx_word' id='word_1_415' title='bbox 1260 2117 1435 2160; x_wconf 43' lang='grc' dir='ltr'>ἄρχοντος.</span> 
     </span>
     <span class='ocr_line' id='line_1_61' title="bbox 795 2163 1435 2205; baseline 0.003 -11"><span class='ocrx_word' id='word_1_416' title='bbox 795 2164 883 2194; x_wconf 86' lang='lat' dir='ltr'>Tim.</span> <span class='ocrx_word' id='word_1_417' title='bbox 916 2174 946 2205; x_wconf 87' lang='lat' dir='ltr'>p.</span> <span class='ocrx_word' id='word_1_418' title='bbox 973 2163 1026 2196; x_wconf 84' lang='lat'>34.</span> <span class='ocrx_word' id='word_1_419' title='bbox 1054 2163 1090 2195; x_wconf 87' lang='lat' dir='ltr'>C.</span> <span class='ocrx_word' id='word_1_420' title='bbox 1124 2164 1210 2196; x_wconf 77' lang='lat' dir='ltr'>conf.</span> <span class='ocrx_word' id='word_1_421' title='bbox 1242 2164 1435 2196; x_wconf 82' lang='lat' dir='ltr'>Lobeck.</span> 
     </span>
     <span class='ocr_line' id='line_1_62' title="bbox 795 2206 1438 2241; baseline 0.003 -2"><span class='ocrx_word' id='word_1_422' title='bbox 795 2207 838 2239; x_wconf 81' lang='lat' dir='ltr'>ad</span> <span class='ocrx_word' id='word_1_423' title='bbox 862 2208 957 2240; x_wconf 83' lang='lat' dir='ltr'>Aiao.</span> <span class='ocrx_word' id='word_1_424' title='bbox 980 2219 1012 2240; x_wconf 85' lang='lat' dir='ltr'>v.</span> <span class='ocrx_word' id='word_1_425' title='bbox 1030 2206 1121 2240; x_wconf 65' lang='lat'>752·</span> <span class='ocrx_word' id='word_1_426' title='bbox 1138 2209 1324 2241; x_wconf 83' lang='lat' dir='ltr'>Schaefe</span> <span class='ocrx_word' id='word_1_427' title='bbox 1336 2221 1360 2241; x_wconf 90' lang='lat' dir='ltr'>r.</span> <span class='ocrx_word' id='word_1_428' title='bbox 1395 2210 1438 2241; x_wconf 79' lang='lat' dir='ltr'>ad</span> 
     </span>
     <span class='ocr_line' id='line_1_63' title="bbox 793 2252 1437 2295; baseline 0.005 -11"><span class='ocrx_word' id='word_1_429' title='bbox 793 2253 884 2284; x_wconf 90' lang='lat' dir='ltr'>Plut.</span> <span class='ocrx_word' id='word_1_430' title='bbox 916 2254 956 2286; x_wconf 89' lang='lat' dir='ltr'>T.</span> <span class='ocrx_word' id='word_1_431' title='bbox 982 2254 1041 2285; x_wconf 88' lang='lat' dir='ltr'>IV.</span> <span class='ocrx_word' id='word_1_432' title='bbox 1066 2264 1097 2295; x_wconf 90' lang='lat' dir='ltr'>p.</span> <span class='ocrx_word' id='word_1_433' title='bbox 1117 2252 1170 2285; x_wconf 81' lang='lat'>37.</span> <span class='ocrx_word' id='word_1_434' title='bbox 1207 2255 1437 2287; x_wconf 83' lang='lat' dir='ltr'>Matthiae.</span> 
     </span>
     <span class='ocr_line' id='line_1_64' title="bbox 795 2296 1008 2335; baseline 0.005 -6"><span class='ocrx_word' id='word_1_435' title='bbox 795 2298 852 2330; x_wconf 77' lang='lat' dir='ltr'>Gr.</span> <span class='ocrx_word' id='word_1_436' title='bbox 878 2298 907 2335; x_wconf 68' lang='grc' dir='ltr'>ἓ.</span> <span class='ocrx_word' id='word_1_437' title='bbox 932 2296 1008 2330; x_wconf 84' lang='grc'>234.</span> 
     </span>
    </p>
   </div>
   <div class='ocr_carea' id='block_1_14' title="bbox 794 2385 1440 2782">
    <p class='ocr_par' dir='ltr' id='par_1_14' title="bbox 794 2385 1440 2782">
     <span class='ocr_line' id='line_1_65' title="bbox 838 2385 1436 2422; baseline 0.005 -4"><span class='ocrx_word' id='word_1_438' title='bbox 838 2388 877 2419; x_wconf 91' lang='grc' dir='ltr'>Ε.</span> <span class='ocrx_word' id='word_1_439' title='bbox 909 2385 1010 2419; x_wconf 74' lang='grc' dir='ltr'>ἀλλὰ</span> <span class='ocrx_word' id='word_1_440' title='bbox 1032 2385 1220 2422; x_wconf 68' lang='grc' dir='ltr'><em>ἀντίθες</em></span> <span class='ocrx_word' id='word_1_441' title='bbox 1242 2400 1321 2421; x_wconf 86' lang='grc' dir='ltr'><em>τοι·</em></span> <span class='ocrx_word' id='word_1_442' title='bbox 1348 2390 1436 2422; x_wconf 75' lang='grc' dir='ltr'>Σοῦ</span> 
     </span>
     <span class='ocr_line' id='line_1_66' title="bbox 795 2432 1437 2475; baseline 0.005 -11"><span class='ocrx_word' id='word_1_443' title='bbox 795 2444 914 2473; x_wconf 77' lang='grc' dir='ltr'><em>μακρ.</em></span> <span class='ocrx_word' id='word_1_444' title='bbox 941 2432 980 2475; x_wconf 54' lang='lat' dir='ltr'>L]</span> <span class='ocrx_word' id='word_1_445' title='bbox 1006 2433 1080 2465; x_wconf 82' lang='lat' dir='ltr'>sed</span> <span class='ocrx_word' id='word_1_446' title='bbox 1102 2434 1203 2466; x_wconf 90' lang='lat' dir='ltr'>huic</span> <span class='ocrx_word' id='word_1_447' title='bbox 1222 2439 1323 2467; x_wconf 88' lang='lat' dir='ltr'>tuae</span> <span class='ocrx_word' id='word_1_448' title='bbox 1348 2446 1437 2467; x_wconf 86' lang='lat' dir='ltr'>scn—</span> 
     </span>
     <span class='ocr_line' id='line_1_67' title="bbox 794 2478 1437 2522; baseline 0.006 -14"><span class='ocrx_word' id='word_1_449' title='bbox 794 2478 964 2509; x_wconf 82' lang='lat' dir='ltr'>tentiae</span> <span class='ocrx_word' id='word_1_450' title='bbox 996 2478 1074 2510; x_wconf 90' lang='lat' dir='ltr'>hoc</span> <span class='ocrx_word' id='word_1_451' title='bbox 1108 2489 1292 2521; x_wconf 88' lang='lat' dir='ltr'>oppone,</span> <span class='ocrx_word' id='word_1_452' title='bbox 1327 2480 1437 2522; x_wconf 86' lang='lat' dir='ltr'>quod</span> 
     </span>
     <span class='ocr_line' id='line_1_68' title="bbox 795 2523 1437 2558; baseline 0.003 -4"><span class='ocrx_word' id='word_1_453' title='bbox 795 2523 901 2554; x_wconf 92' lang='lat' dir='ltr'>mihi</span> <span class='ocrx_word' id='word_1_454' title='bbox 926 2523 1073 2556; x_wconf 82' lang='lat' dir='ltr'>dicere</span> <span class='ocrx_word' id='word_1_455' title='bbox 1098 2524 1236 2557; x_wconf 84' lang='lat' dir='ltr'>liceat</span> <span class='ocrx_word' id='word_1_456' title='bbox 1260 2531 1324 2558; x_wconf 83' lang='lat' dir='ltr'>eto.</span> <span class='ocrx_word' id='word_1_457' title='bbox 1361 2526 1437 2557; x_wconf 86' lang='lat' dir='ltr'>Non</span> 
     </span>
     <span class='ocr_line' id='line_1_69' title="bbox 795 2570 1437 2611; baseline 0.003 -12"><span class='ocrx_word' id='word_1_458' title='bbox 795 2579 880 2609; x_wconf 85' lang='lat' dir='ltr'>opus</span> <span class='ocrx_word' id='word_1_459' title='bbox 903 2574 964 2608; x_wconf 83' lang='lat' dir='ltr'>est,</span> <span class='ocrx_word' id='word_1_460' title='bbox 990 2572 1027 2599; x_wconf 81' lang='lat' dir='ltr'>ut</span> <span class='ocrx_word' id='word_1_461' title='bbox 1051 2579 1129 2600; x_wconf 85' lang='lat' dir='ltr'>cum</span> <span class='ocrx_word' id='word_1_462' title='bbox 1154 2570 1380 2611; x_wconf 84' lang='lat' dir='ltr'>Stephano</span> <span class='ocrx_word' id='word_1_463' title='bbox 1406 2577 1437 2601; x_wconf 83' lang='lat' dir='ltr'>ct</span> 
     </span>
     <span class='ocr_line' id='line_1_70' title="bbox 796 2613 1432 2656; baseline 0.005 -13"><span class='ocrx_word' id='word_1_464' title='bbox 796 2613 1069 2645; x_wconf 80' lang='lat' dir='ltr'>Heindorfio</span> <span class='ocrx_word' id='word_1_465' title='bbox 1112 2614 1146 2645; x_wconf 77' lang='grc' dir='ltr'>τό</span> <span class='ocrx_word' id='word_1_466' title='bbox 1186 2626 1245 2656; x_wconf 91' lang='lat' dir='ltr'>pro</span> <span class='ocrx_word' id='word_1_467' title='bbox 1279 2627 1325 2646; x_wconf 79' lang='grc' dir='ltr'><em>τοι</em></span> <span class='ocrx_word' id='word_1_468' title='bbox 1357 2616 1432 2646; x_wconf 69' lang='lat' dir='ltr'>sori-</span> 
     </span>
     <span class='ocr_line' id='line_1_71' title="bbox 796 2658 1439 2701; baseline 0.003 -12"><span class='ocrx_word' id='word_1_469' title='bbox 796 2658 932 2690; x_wconf 82' lang='lat' dir='ltr'>bamus.</span> <span class='ocrx_word' id='word_1_470' title='bbox 962 2659 1130 2701; x_wconf 85' lang='lat' dir='ltr'>Exempla</span> <span class='ocrx_word' id='word_1_471' title='bbox 1146 2666 1260 2692; x_wconf 82' lang='lat' dir='ltr'>rectae</span> <span class='ocrx_word' id='word_1_472' title='bbox 1276 2661 1439 2692; x_wconf 67' lang='lat' dir='ltr'>orationis</span> 
     </span>
     <span class='ocr_line' id='line_1_72' title="bbox 797 2702 1440 2746; baseline 0.005 -13"><span class='ocrx_word' id='word_1_473' title='bbox 797 2704 870 2735; x_wconf 74' lang='lat' dir='ltr'>sine</span> <span class='ocrx_word' id='word_1_474' title='bbox 895 2702 958 2734; x_wconf 84' lang='lat' dir='ltr'>tali</span> <span class='ocrx_word' id='word_1_475' title='bbox 983 2705 1120 2736; x_wconf 83' lang='lat' dir='ltr'>articuli</span> <span class='ocrx_word' id='word_1_476' title='bbox 1147 2705 1202 2736; x_wconf 90' lang='lat' dir='ltr'>vel</span> <span class='ocrx_word' id='word_1_477' title='bbox 1227 2706 1440 2746; x_wconf 79' lang='lat' dir='ltr'>pronominis</span> 
     </span>
     <span class='ocr_line' id='line_1_73' title="bbox 797 2748 1438 2782; baseline 0.005 -3"><span class='ocrx_word' id='word_1_478' title='bbox 797 2748 909 2780; x_wconf 80' lang='lat' dir='ltr'>indice</span> <span class='ocrx_word' id='word_1_479' title='bbox 931 2748 1046 2781; x_wconf 76' lang='lat' dir='ltr'>illatae</span> <span class='ocrx_word' id='word_1_480' title='bbox 1064 2751 1131 2781; x_wconf 85' lang='lat' dir='ltr'>iam</span> <span class='ocrx_word' id='word_1_481' title='bbox 1148 2749 1230 2781; x_wconf 81' lang='lat' dir='ltr'>alibi</span> <span class='ocrx_word' id='word_1_482' title='bbox 1252 2750 1438 2782; x_wconf 69' lang='lat' dir='ltr'>attulimus.</span> 
     </span>
    </p>
   </div>
   <div class='ocr_carea' id='block_1_15' title="bbox 1156 2818 1176 2847">
    <p class='ocr_par' dir='ltr' id='par_1_15' title="bbox 1156 2818 1176 2847">
     <span class='ocr_line' id='line_1_74' title="bbox 1156 2818 1176 2847; baseline 0 0"><span class='ocrx_word' id='word_1_483' title='bbox 1156 2818 1176 2847; x_wconf 63' lang='lat'><strong>9</strong></span> 
     </span>
    </p>
   </div>
  </div>
 </body>
</html>
