1687 2969
451 197 691 236 GORGIAS.
722 199 764 236 P.
799 199 890 236 472.
921 200 979 237 ed.
1013 199 1067 237 St.
1359 203 1433 237 165

93 305 213 360 λέγω,
242 304 368 347 οὐδὲν
396 301 514 359 οἶμαι
542 306 660 356 ἄξιον
687 307 819 359 λόγου
847 323 917 360 μοι
952 310 1220 357 πεπεράνθαι,
1249 307 1344 360 περὶ
1373 300 1434 349 ὧν
1481 310 1516 353 C

93 371 147 412 ἂν
173 371 275 425 ἡμῖν
304 371 327 413 ὁ
355 372 480 425 λόγος
505 368 556 424 ᾗ·
596 367 713 425 οἶμαι
741 371 785 412 δὲ
814 371 910 413 οὐδὲ
939 374 1032 421 σοι’.
1073 372 1147 413 ἐὰν
1172 372 1228 427 μὴ
1257 372 1338 426 ἐγώ
1367 384 1434 414 σοι

92 439 295 490 μαρτυρῶ
323 431 381 486 εἷς
408 435 469 477 ὢν
496 437 653 490 μόνος,
691 437 790 485 τοὺς
819 438 853 477 δ’
883 440 1037 486 ἄλλους
1064 439 1225 486 πάντας
1253 439 1433 487 τούτους

91 503 251 556 χαίρειν
281 500 361 554 ἐᾷς.
429 499 514 543 ἔστι
554 501 631 555 μὲν
670 498 749 543 οὖν
791 496 914 550 οὗτός
952 518 1013 550 τις
1049 504 1204 554 τρόπος
1245 502 1430 557 ἐλέγχου.

91 568 148 616 ὡς
176 567 229 608 σύ
257 581 299 607 τε
329 567 407 608 οἴει
434 567 504 608 καὶ
531 570 649 609 ἄλλοι
678 568 843 609 πολλοί·
886 566 969 608 ἔστι
1007 568 1051 609 δὲ
1089 568 1158 610 καὶ
1186 571 1311 616 ἄλλος
1328 601 1338 617 ,
1380 570 1431 610 ὃν

89 632 171 686 ἐγὼ
218 629 272 674 αὖ
311 629 439 686 οἶμαι.
488 634 806 686 παραβαλόντες
847 629 925 674 οὖν
958 630 1052 685 παρ’
1093 635 1301 687 ἀλλήλους
1339 645 1428 676 σκε-

92 699 284 752 ψώμεθα,
314 699 353 739 εἴ
376 714 415 738 τι
429 699 665 739 διοίσουσιν
681 699 884 752 ἀλλήλων.
914 698 983 740 καὶ
1005 699 1086 752 γὰρ
1108 701 1306 753 τυγχάνει
1336 699 1430 751 περὶ

91 756 152 805 ὧν
180 765 528 818 ἅμφιςβητοῦμεν
568 765 620 804 οὐ
648 766 763 805 πάνυ
792 765 945 818 σμικρὰ
975 767 1101 813 ὄντα,
1141 766 1244 806 ἀλλὰ
1282 766 1429 819 σχεδόν

89 845 126 871 τι
155 836 309 878 ταῦτα,
351 828 445 882 περὶ
473 821 534 870 ὧν
573 830 727 871 εἰδέναι
764 844 806 871 τε
836 831 1080 880 κάλλιστον,
1121 830 1178 884 μὴ
1207 829 1360 871 εἰδέναι
1387 846 1428 871 τε

88 1021 130 1053 ad
154 1022 261 1053 Moer.
293 1032 324 1063 p.
350 1019 425 1053 145.
449 1020 592 1062 ἑξίλλειν
624 1021 742 1063 reponi
766 1021 867 1052 iussit
897 1021 970 1052 sine
1004 1031 1124 1053 caussa
1156 1021 1289 1053 idonea.
1347 1023 1427 1054 Mox

85 1077 146 1109 pro
174 1066 212 1098 σὲ
236 1063 343 1098 αὐτὸν
367 1066 482 1098 Clark.
508 1065 664 1098 σεαυτόν.

154 1109 275 1153 ἄξιοι
300 1110 429 1153 λόγοι
454 1111 537 1154 μοι]
569 1123 625 1150 μοι
648 1111 777 1143 addunt
808 1112 981 1142 verissime
1008 1111 1111 1143 CoisL
1137 1113 1214 1143 Vat.
1240 1113 1324 1144 Ven.
1351 1112 1429 1144 ΞΣ.

89 1157 188 1189 Vind.
215 1157 245 1189 1.
269 1156 299 1189 2.
325 1157 355 1190 6.
382 1156 410 1189 7.
436 1158 512 1189 I‘.ar
538 1157 657 1189 IVW.
695 1157 786 1188 Flor.
810 1156 841 1188 d.
867 1168 900 1188 x.
931 1158 1020 1199 Aug.
1053 1157 1148 1189 Bodl.
1182 1158 1321 1189 Meer.m
1352 1159 1431 1189 Hir-

87 1203 192 1245 sehig.
219 1202 311 1234 dedit
334 1202 374 1234 de
399 1204 486 1234 coni.
512 1200 620 1235 οὐδὲν
645 1200 713 1246 [ἀι]
739 1214 841 1241 οιιιαι

156 1248 192 1280 C.
226 1244 344 1287 οἶμαι
382 1247 427 1280 δὲ
457 1245 561 1280 οὐδὲ
595 1247 676 1290 σοι’]
711 1248 752 1279 V.
788 1247 846 1284 ου’,
885 1247 974 1289 quod
1007 1247 1219 1280 emendatum
1246 1259 1288 1279 ex
1313 1248 1429 1280 Clark.

85 1294 161 1325 Vat.
187 1293 286 1325 Vind.
312 1292 342 1324 1.
367 1292 398 1326 6.
421 1294 498 1325 Par.
524 1293 747 1325 BCEFIW.

156 1337 482 1380 παραβαλόντες
522 1338 615 1381 ουν]
656 1339 696 1370 V.
731 1337 1020 1379 παραβάλλοντες.
1058 1338 1173 1370 Clark.
1204 1339 1281 1369 Vat.
1325 1339 1428 1370 Coisl.

87 1384 172 1415 Ven.
200 1384 238 1416 Σ.
265 1383 366 1415 Vind.
390 1382 421 1416 2.
446 1383 476 1417 6.
501 1385 577 1415 Par.
603 1384 769 1416 BCFW.
801 1389 928 1426 septem
953 1384 1061 1416 Florr.
1093 1384 1135 1416 al.
1162 1383 1431 1425 naualasso'rzes.

90 1430 180 1461 Flor.
205 1430 226 1460 f.
251 1439 277 1461 s.
302 1429 402 1460 Vind.
429 1429 458 1461 1.
484 1430 569 1461 Ven.
597 1429 635 1462 Ξ.
660 1431 737 1461 Par.
763 1430 787 1460 Ι.
814 1435 845 1462 et
869 1441 952 1461 corr.
976 1430 1054 1461 EV.
1081 1428 1350 1470 παραβαλόντες.

157 1475 225 1506 καὶ
250 1473 328 1516 γὰρ
356 1473 568 1518 τυγχάνει]
594 1476 648 1507 καὶ
674 1474 740 1518 γάρ
766 1475 821 1506 καὶ
849 1487 871 1506 τ.
904 1476 989 1507 Ven.
1017 1475 1095 1507 ΞΣ.
1120 1475 1211 1507 Flor.
1235 1487 1268 1506 x.
1292 1476 1431 1507 Meerm.

87 1520 183 1552 Bodl.
209 1519 375 1563 probante
398 1520 607 1553 Heindorfio.

85 1699 295 1778 eelglgragim
328 1704 389 1732 est.
425 1710 456 1732 v.
482 1699 525 1732 ad
547 1699 723 1733 Phaedon.

85 1756 106 1788 P

124 1813 164 1844 Β.
199 1811 248 1845 σὺ
273 1809 552 1856 αἰαγκάζεις]
589 1813 723 1846 Sch01.:

84 1870 155 1892 ταις
164 1855 415 1892 αποδεικτικαιε
431 1861 562 1891 πίστεσι
578 1860 722 1893 πειθεις.

86 1904 192 1946 Comp
195 1907 270 1936 arat
311 1904 536 1936 Heindorf.
579 1905 722 1936 Theaet.

107 1915 216 1982 .16)2.
240 1950 278 1981 Ε.
304 1949 401 1982 Adde
426 1949 566 1982 Theaet.
591 1949 666 1984 196.
684 1951 722 1982 B.

84 1996 239 2036 Sympos.
262 1993 338 2027 223.
356 1996 410 2034 D,
434 1994 495 2026 ubi
519 2006 550 2026 v
569 2000 721 2029 annotat

85 2040 176 2071 Hine
193 2037 336 2082 ἀιάγκαι
361 2037 519 2082 ῥητόρων
535 2040 615 2073 illae
633 2041 723 2082 apud

85 2085 344 2117 Anacreont.
370 2085 481 2117 Carm.
504 2086 665 2125 XXXVI,
691 2086 722 2118 2.

129 2149 362 2194 ἐκβάλλειν
392 2163 442 2191 με
473 2151 518 2184 ἐκ
551 2156 622 2195 τῆς
655 2151 721 2184 οὐ·

86 2199 181 2231 σίας
213 2209 241 2229 κ.
275 2210 299 2229 τ.
334 2195 406 2240 α’λ.]
451 2197 556 2229 Ludit
585 2199 621 2229 in
654 2209 722 2230 am-

87 2243 251 2286 biguitate
281 2243 375 2275 vocis
401 2240 540 2282 οὐσίας,
574 2254 660 2285 quae
691 2247 724 2275 et

86 2288 127 2320 de
151 2289 250 2320 bonis
274 2299 314 2320 ae
337 2287 562 2320 facultatibus
587 2288 722 2327 dieitur,

83 2337 116 2365 et
155 2333 197 2365 de
238 2343 296 2374 eo,
337 2333 427 2375 quod
469 2344 503 2365 re
544 2345 626 2365 vera
662 2338 722 2365 est.

80 2379 271 2410 Pierson.
297 2379 339 2410 ad
363 2380 468 2411 Moer.
484 2390 515 2421 p.
536 2377 612 2412 145.
637 2378 723 2419 ἐξίλ-

21 2444 26 2445 ν
81 2425 152 2455 λειν
170 2423 352 2466 legendum
371 2425 522 2466 putabat.
549 2425 625 2464 Qua
644 2435 723 2456 eon-

81 2469 212 2501 ieetura
242 2479 311 2500 non
335 2480 420 2512 opus
450 2474 510 2504 est.
556 2470 643 2502 Nam
669 2469 722 2502 ἐκ·

86 2512 224 2555 βάλλειν
248 2514 349 2546 otiam
373 2514 440 2546 dici
464 2514 505 2547 de
528 2525 578 2555 eo,
603 2516 660 2556 qui
676 2516 723 2547 al-

83 2565 192 2591 terum
223 2560 389 2592 bonorum
418 2561 635 2602 possessione
666 2561 724 2592 eii-

84 2605 141 2645 cit,
174 2605 226 2636 vir
249 2604 466 2636 doctissimus
490 2606 562 2647 ipse
586 2616 724 2639 conoes-

83 2651 127 2682 sit
150 2654 251 2692 atque
276 2650 441 2692 exemplis
460 2650 722 2691 demonstravit3

82 2695 189 2727 utitur
228 2699 342 2728 autem
374 2696 530 2727 Socrates
569 2707 638 2728 non
676 2701 723 2728 te-

82 2751 172 2774 mere
202 2740 269 2774 hoe
299 2741 374 2783 ipso
409 2742 530 2782 verbo,
565 2741 655 2784 quod
686 2743 722 2774 in

792 1701 1025 1742 superioribus
1047 1701 1087 1733 de
1101 1702 1256 1743 tyrannis
1278 1703 1368 1733 cives
1389 1713 1429 1734 ex

791 1746 934 1778 urbibus
958 1747 1209 1788 expellentibus
1231 1752 1430 1789 usurpatum

792 1796 851 1826 est.
891 1793 974 1824 Mox
999 1792 1088 1834 quod
1112 1792 1237 1824 dicitur
1263 1793 1301 1825 σὲ
1325 1790 1432 1825 αὐτὸν

791 1836 948 1878 μάρτυρα
974 1837 1135 1879 παράοχ..
1167 1849 1276 1880 neque
1304 1837 1432 1871 σαυτὸν

792 1883 954 1924 scriptum
979 1887 1047 1924 est,
1082 1888 1218 1926 propter
1249 1885 1430 1926 oppositio-

792 1929 845 1959 nis
874 1929 943 1959 vim
983 1940 1026 1960 ne
1058 1930 1167 1971 potuit
1208 1929 1344 1970 quidem
1383 1931 1430 1961 ita

792 1973 905 2006 scribi.
922 1974 1105 2006 Falluntur
1118 1975 1207 2006 enim
1222 1975 1252 2006 A
1263 1975 1282 2006 b
1292 1986 1334 2006 re
1344 1986 1385 2007 sc
1396 1975 1429 2007 h.

792 2019 833 2050 ad
858 2019 1018 2062 Aeschyl.
1051 2020 1202 2062 Choeph.
1234 2031 1265 2052 v.
1292 2019 1365 2053 137.
1397 2025 1431 2053 et

792 2065 1089 2097 Schneiderus
1114 2065 1157 2097 ad
1184 2066 1341 2107 Xenoph.
1364 2066 1429 2108 Cy-

794 2155 832 2186 σὲ
869 2153 976 2187 αὐτόν
1011 2156 1102 2187 idem
1144 2160 1266 2198 putant
1303 2157 1430 2197 valere,

792 2200 882 2241 quod
915 2199 1064 2239 ἐμαυτόν
1096 2206 1128 2233 et
1161 2200 1316 2233 σεαυτόν.
1364 2203 1429 2233 Ve-

792 2246 881 2277 riora
927 2246 1041 2278 docuit
1086 2247 1313 2279 Matthiae.
1370 2248 1427 2280 Gr.

792 2291 892 2332 ampl.
918 2291 959 2322 T.
984 2291 1010 2322 Ι.
1036 2293 1065 2331 ἓ.
1091 2290 1165 2324 148.
1191 2303 1269 2324 ann.
1295 2292 1325 2325 2.

838 2380 875 2412 C.
932 2376 1053 2420 οἶμαι
1101 2382 1146 2414 δὲ
1193 2380 1299 2415 οὐδὲ
1348 2383 1429 2426 σοί]

793 2426 905 2457 lntell.
937 2424 1034 2467 ἄξιόν
1068 2439 1095 2458 τι
1118 2426 1221 2470 λόγου
1256 2427 1428 2470 πεπεράν-

792 2472 863 2502 θαι.
910 2472 1002 2504 Male
1026 2477 1107 2504 vett.
1140 2473 1232 2506 editt.
1265 2471 1351 2505 οὐδὲ
1377 2472 1428 2505 σύ.

792 2516 957 2548 Similiter
976 2519 1010 2549 in
1026 2518 1170 2550 Politieo
1187 2518 1311 2561 hospes
1331 2520 1428 2572 Eleg-

791 2561 881 2592 tieus
911 2573 942 2604 p.
974 2561 1050 2596 260.
1081 2564 1125 2595 B:
1161 2563 1255 2605 μέχρι
1288 2576 1349 2604 περ
1385 2561 1430 2595 ἂι

792 2605 890 2638 αι’τοί
916 2612 1153 2648 κοιιωιῶμει,
1188 2608 1306 2640 ἐατέοι
1331 2607 1369 2640 ια’
1391 2621 1428 2650 γε

794 2655 860 2684 τῶι
895 2650 1007 2685 ἅλλιοι
1053 2653 1247 2695 δοξάσματα
1285 2658 1427 2696 χαί.ρειι

792 2698 880 2729 conf.
918 2699 971 2729 De
1009 2700 1080 2741 Rep
1059 2711 1090 2741 p.
1124 2701 1166 2733 X.
1207 2711 1238 2742 p.
1278 2700 1352 2733 608.
1387 2702 1428 2733 D.

791 2744 896 2786 Legg.
920 2755 952 2787 p.
977 2743 1053 2779 647.
