1687 2969
246 114 322 155 138

724 119 1098 164 PLATONIS

344 232 449 276 ΣΩ.
518 233 702 278 Γελοῖόν
736 235 795 290 γ’,
831 229 862 279 ὦ
899 242 1063 295 νεανία,
1101 237 1151 282 τὸ
1180 238 1320 296 δόγμα
1340 244 1484 297 λέγεις,
1515 246 1587 285 καὶ

158 311 200 351 D
248 301 326 343 τοῦ
369 303 546 356 ἑταίρου
593 301 753 358 συχνὸν
798 305 1133 360 διαμαρτάνεις,
1180 311 1214 348 εὶ
1259 306 1398 351 αὐτὸν
1449 306 1587 359 οὕτως

242 365 338 421 ἡγεῖ
380 385 479 410 τινα
526 372 746 428 ψοφοδεᾶ.
785 370 884 422 ἴσως
932 374 975 414 δὲ
1019 375 1091 414 καὶ
1135 370 1214 417 τὸν
1242 375 1586 431 λοιδορούμενον

236 434 358 489 αὐτῷ
399 434 481 478 οἴει
514 439 752 491 νομίζοντα
787 440 924 493 λέγειν
959 436 987 480 ἂ
1025 442 1179 494 ἔλεγεν.

337 503 467 544 ΨΑΙ.

326 632 364 665 Ι).
414 630 511 674 ἡγεῖ
546 646 642 664 τινα
676 633 897 676 ᾳοφοδεᾶ]
939 636 974 668 V.
1008 635 1082 667 τινὰ
1123 634 1188 680 ηγῆ
1214 646 1270 681 tp„

231 677 371 720 aliisque
397 688 462 710 non
489 680 603 720 paucis
628 683 808 713 mutatum.

274 791 316 825 D.
377 794 456 823 τοῦ
496 791 676 831 {salonit
714 790 873 831 συχνὸν

228 836 565 880 διαμαρτάνεις]
594 838 722 871 Eadem
750 840 871 879 loquu-

228 882 276 914 tio
317 886 370 914 est
401 882 450 915 De
482 884 571 925 Rep.
604 884 628 917 l.
661 895 695 926 p.
722 884 799 917 334.
828 884 856 915 D

227 938 326 968 quem
362 929 472 960 locum
506 930 715 972 comparavit
739 930 871 962 Hein—

229 973 338 1005 dors.
384 974 601 1008 Contrarium
619 980 671 1008 est
695 975 871 1017 τυγχάνειν

228 1017 332 1055 rmo'c.
359 1019 463 1062 Ηῖρρ.
478 1030 553 1053 mal.
575 1032 606 1064 p.
626 1021 702 1056 291.
721 1021 761 1053 Ε.
786 1020 867 1052 dna

227 1063 294 1106 γὰρ
321 1068 385 1096 τοῦ
420 1064 544 1107 ἅιὸρὸς
578 1079 617 1098 ov
644 1078 868 1109 τηχαιομει,

227 1110 259 1143 Ιι.
292 1121 322 1142 e.
358 1111 441 1143 viri
475 1117 658 1146 mentem
692 1123 737 1145 ac
773 1123 868 1145 sen-

227 1157 414 1189 tentiam
455 1168 535 1189 non
575 1159 866 1200 assequimur.

227 1221 270 1226 —
300 1203 520 1245 ψοφοδεῆ,
554 1203 770 1243 timidum,
811 1205 866 1246 qui

225 1249 277 1280 vel
304 1249 370 1280 tale
396 1253 593 1282 revereatur
626 1250 798 1284 iudicium.
823 1269 867 1273 ——

224 1294 460 1336 νομίζοντα
488 1297 647 1337 λέγειν,
673 1295 702 1330 ΙΙ.
723 1307 751 1329 (ἒ.
778 1297 866 1329 Serio

225 1340 358 1380 dicere,
391 1345 429 1373 ut
459 1341 505 1373 ita
528 1342 558 1373 ei
583 1352 783 1384 persuasum
809 1342 862 1374 sit.

222 1385 355 1418 Deinde
386 1387 570 1419 συνειδέναι
595 1388 664 1419 τινί
685 1401 739 1428 τι,
773 1388 862 1429 quod

223 1432 360 1474 proprie
379 1437 448 1464 est:
476 1433 641 1474 aliquid
667 1444 759 1466 cum
786 1434 862 1466 ali-

222 1487 305 1518 quo
331 1478 461 1517 scire,
495 1479 625 1511 alicui
661 1480 861 1512 alicuius

222 1523 283 1555 rei
322 1524 542 1556 conscium
579 1535 696 1564 esse,
733 1526 862 1557 rariore

220 1578 283 1600 usu
324 1570 460 1610 ponitur
499 1580 561 1612 pro
603 1571 768 1612 aliquid
810 1570 861 1603 de

219 1615 369 1655 aliquo
408 1617 537 1655 seire3
581 1616 670 1657 quod
705 1617 861 1658 loquendi

218 1670 326 1700 genus
352 1661 534 1693 illustravit
559 1661 732 1703 Wytten
745 1662 857 1694 bach.

216 1705 259 1737 ad
286 1705 458 1739 Phaedon.
489 1717 521 1749 p.
548 1707 602 1742 92.
630 1708 668 1741 C.
695 1708 745 1740 St.
765 1719 857 1750 :p.

214 1750 293 1786 241.
313 1752 366 1784 ed.
383 1752 479 1794 Lips.
501 1757 534 1785 et
559 1753 601 1786 ad
626 1753 858 1787 Plutarch.

213 1795 259 1830 T.
288 1797 326 1831 V.
353 1809 384 1840 p.
409 1798 488 1833 836.

259 1864 311 1906 μὴ
364 1867 569 1907 σοφισταὶ
618 1867 854 1909 καλῶνται]

213 1910 299 1944 Nam
328 1912 505 1954 sophistae
525 1923 643 1945 nomen
663 1914 740 1946 viris
766 1914 857 1956 prin-

213 1957 342 2000 cipibus
367 1959 470 1991 visum
505 1963 558 1990 est
582 1958 856 1999 ignominiosum.

213 2013 244 2034 v.
279 2003 469 2046 Xenoph.
502 2003 553 2036 De
585 2004 708 2036 Venat.
745 2016 775 2037 r.
806 2005 855 2039 13.

213 2048 327 2090 ibique
373 2060 449 2083 ann.
498 2048 772 2083 Schneideri.
820 2055 855 2083 et

212 2094 324 2127 Plat.
349 2095 448 2128 Prot.
474 2106 505 2138 p.
532 2095 612 2129 312.
638 2098 678 2128 A.

257 2162 432 2200 Γλνκὺς
455 2162 602 2205 ἀγκών,
627 2156 852 2204 ιῖΦαῒὸρε,

211 2209 368 2250 λέληθέ
398 2222 440 2241 σε
466 2209 530 2252 -]
567 2210 631 2242 Hic
662 2210 758 2242 locus
790 2210 853 2241 dici

211 2264 277 2286 non
303 2259 419 2297 potest
443 2260 652 2297 quantopere
668 2266 769 2297 quum
793 2266 852 2288 ve-

210 2303 319 2332 terum
338 2305 409 2333 tum
434 2302 662 2334 recentiorum
689 2302 853 2343 interpre—

211 2349 283 2377 tum
310 2346 442 2385 ingenia
470 2347 669 2380 exercuerit.
695 2358 726 2381 v.
753 2357 851 2389 prae-

209 2396 262 2422 ter
294 2391 409 2426 Schol.
443 2393 484 2424 ad
511 2392 539 2426 h.
570 2394 589 2424 l.
626 2392 850 2425 Eustathi·

210 2446 270 2468 um
298 2437 341 2468 ad
362 2437 457 2470 Iliad.
475 2436 515 2468 κ’.
534 2449 565 2479 p.
583 2437 660 2472 791.
679 2438 732 2471 ed.
748 2439 852 2471 Rom.

209 2481 252 2514 in.
288 2482 333 2513 π’.
371 2483 468 2517 1082.
500 2484 554 2524 qui
590 2494 649 2515 sua
675 2483 785 2516 hausit
810 2494 851 2516 ex

208 2528 495 2561 Athenaeo
528 2529 662 2571 x11.p
696 2529 773 2563 516.
809 2534 849 2562 Α.

209 2573 647 2616 Hesyc1=.'r.1.p.839.
675 2575 849 2607 Suidam

210 2629 237 2650 s.
273 2630 303 2651 v.
338 2619 499 2653 Zenoh.
537 2620 577 2653 ΙΙ.
604 2620 658 2653 92.
690 2626 724 2653 et
753 2632 771 2653 e
797 2631 851 2652 re-

210 2665 416 2697 centioribus
441 2666 620 2699 Dorvill.
643 2666 748 2698 Vann.
766 2667 850 2698 Crit.

209 2720 242 2751 p.
274 2710 351 2745 492.
393 2710 565 2745 Heind
588 2712 774 2744 orfium
817 2717 850 2744 et

536 501 765 562 'Etpaz'vero
801 503 912 562 γαρ,
955 498 985 547 ὦ
1021 507 1283 563 Σώκρατες,
1312 510 1401 550 ,καὶ
1438 509 1584 552 σύνοι-

1297 638 1387 679 ‹1uod
1415 649 1458 671 ex
1483 639 1580 673 Bodl.

942 793 1107 825 Astium
1143 793 1184 825 ad
1219 797 1247 826 h.
1282 795 1303 827 l.
1341 792 1580 827 Schneide-

940 848 1028 870 rum
1061 839 1112 871 De
1137 839 1219 871 locis
1247 840 1412 871 nonnullis
1434 839 1580 872 Phaedri

940 883 1107 916 Platonici
1125 895 1155 925 p.
1181 886 1220 918 16
1235 895 1320 926 sqq.>
1347 886 1402 926 qni
1427 896 1487 927 pro
1512 899 1580 929 μα-

938 933 1023 970 κροῦ
1047 929 1193 971 ἀγκῶνος
1217 931 1318 962 scribi
1346 931 1419 962 vult
1454 935 1578 973 πικροῦ

935 974 1091 1016 ἀγκῶνος.
1149 976 1283 1008 Horum
1319 976 1466 1008 omnium
1502 987 1579 1009 sen—

937 1022 1061 1053 tentias
1096 1032 1268 1064 exponere
1298 1022 1435 1063 longum
1464 1026 1516 1054 est
1547 1027 1581 1055 et

938 1067 980 1098 ab
1016 1067 1113 1098 huius
1151 1067 1307 1099 editionis
1332 1067 1472 1100 consilio
1497 1069 1579 1100 alie-

936 1122 1027 1144 num.
1087 1113 1207 1155 ltaque
1249 1113 1329 1145 satis
1373 1114 1437 1145 erit
1471 1124 1579 1156 appo·

937 1159 1047 1190 suisse
1072 1169 1160 1200 quae
1185 1159 1234 1190 vir
1259 1158 1397 1200 quidam
1425 1161 1575 1191 eruditus

936 1204 1054 1245 insigni
1074 1204 1230 1236 acumine
1248 1209 1498 1236 commentatus
1524 1210 1578 1237 est

936 1249 966 1281 in
992 1249 1094 1284 lndic.
1122 1250 1321 1282 Lectionum
1347 1250 1574 1282 inAcademia

934 1295 1043 1337 Regia
1069 1295 1279 1337 Guestphala
1315 1296 1575 1329 Monasteriensi

932 1351 992 1383 per
1018 1351 1152 1373 menses
1178 1341 1334 1373 hibernos
1360 1352 1389 1372 a.
1421 1341 1506 1377 1830
1530 1360 1574 1367 ν-

931 1387 985 1419 31.
1013 1385 1262 1427 habendarum3
1289 1397 1356 1428 quo
1381 1387 1471 1419 sacto
1494 1397 1575 1419 nos—

930 1436 1015 1464 tram
1035 1434 1235 1465 sententiam
1255 1433 1286 1464 in
1312 1432 1462 1465 medium
1489 1434 1575 1465 affe-

930 1488 1055 1512 remuS.
1105 1478 1193 1510 Sunt
1220 1483 1332 1511 autem
1359 1479 1447 1510 illius
1473 1478 1571 1511 haec:

931 1524 981 1555 De
1007 1524 1118 1556 Verbis
1143 1523 1267 1565 γλυκιὶς
1291 1522 1400 1566 ἀγκὼν
1419 1543 1463 1546 -
1479 1525 1573 1564 inlus*

929 1572 994 1610 θη,
1008 1569 1126 1610 inquit,
1144 1571 1345 1611 interpretes
1365 1569 1436 1601 fere
1454 1580 1573 1602 omnes

930 1614 1176 1656 desperavere,
1212 1626 1319 1656 eaque
1354 1615 1572 1648 Heindorfius

929 1671 1040 1703 neque
1064 1672 1102 1693 se
1128 1661 1313 1702 intelligere
1338 1671 1446 1702 neque
1466 1672 1572 1702 quen-

929 1717 1029 1748 quam
1061 1705 1163 1739 hodie
1193 1707 1405 1739 intellexisse
1432 1708 1569 1748 profite-

927 1756 992 1786 tur.
1029 1749 1113 1792 de,
1141 1753 1212 1784 aliis
1233 1753 1495 1794 praetermissis,
1523 1754 1572 1785 vir

927 1798 1062 1839 quidam
1079 1797 1291 1837 doct11s‚F1-.
1307 1797 1472 1830 Reinha
1486 1798 1531 1830 rd
1545 1803 1569 1839 t.

926 1844 958 1875 in
984 1845 1069 1875 actis
1091 1844 1246 1875 literariis
1265 1844 1462 1875 lenensihus
1486 1844 1568 1884 (Mai

928 1888 1026 1922 1830.
1064 1889 1358 1930 Intelligenzblatt.
1397 1888 1439 1921 N.
1484 1890 1566 1933 28.)

924 1944 989 1966 non
1018 1935 1150 1974 solum,
1180 1935 1269 1976 quod
1299 1939 1399 1967 antea
1425 1935 1569 1977 putabat

924 1980 1023 2012 etiam
1059 1979 1300 2020 Heindorfius,
1343 1979 1463 2012 verba:
1511 1979 1566 2013 ὅίι

923 2024 990 2057 ἀπὸ
1034 2026 1098 2057 τοῦ
1135 2029 1270 2068 μακροῦ
1310 2024 1459 2068 ἀγκῶνος
1501 2031 1566 2059 τοῦ

922 2070 1008 2102 κατὰ
1035 2072 1161 2103 Νεῖλον
1191 2070 1341 2113 ἐκλήθη,
1375 2075 1412 2103 ut
1444 2081 1563 2104 vanum

921 2118 1142 2149 Grammatici
1175 2118 1466 2157 additamentum,
1504 2128 1563 2150 ex—

921 2163 1099 2205 pungenda
1126 2164 1268 2202 censuit,
1295 2163 1354 2195 sed
1376 2164 1475 2195 etiam
1503 2174 1564 2205 pro

919 2208 1043 2251 γὶικὺς
1090 2207 1198 2250 αγκών
1248 2188 1568 2251 73111m'01a‘72m

921 2254 1135 2287 scribendum
1162 2255 1357 2296 proposuit
1382 2254 1560 2287 Platonem

922 2300 1131 2332 contendens
1160 2300 1240 2331 haec
1264 2310 1304 2331 ex
1331 2300 1447 2332 Scolio
1473 2301 1561 2333 Bac-

920 2346 1057 2387 chylidis
1092 2346 1281 2401 repetiisse·
1319 2345 1443 2387 γλυκεῖ’
1479 2345 1561 2377 ἄνοι’-

918 2404 982 2434 γκα
1016 2394 1179 2433 σειομὲιτι
1220 2392 1360 2422 vaMzuv
1402 2390 1560 2433 θάλπησι

919 2436 1040 2478 θιιιμὸι
1072 2435 1268 2479 Κύπριδος,
1310 2436 1402 2478 quod
1438 2438 1560 2478 legitur

919 2482 1007 2524 apud
1039 2482 1161 2514 Athen.
1196 2483 1234 2515 ll
1262 2494 1292 2524 p.
1317 2483 1374 2515 40.
1402 2482 1455 2516 ed.
1489 2484 1557 2513 Ca-

916 2529 1032 2565 saul).
1070 2533 1107 2559 ut
1132 2538 1252 2559 sensus
1278 2529 1455 2560 verborum
1491 2528 1552 2559 sit.

919 2574 1066 2615 „Suavis
1080 2574 1275 2613 necessitas.
1293 2573 1467 2613 Phaedre3
1493 2572 1555 2605 hoo

919 2624 988 2651 est:
1023 2624 1138 2651 natura
1172 2624 1206 2651 et
1240 2620 1377 2661 negotia
1403 2620 1484 2650 viris
1510 2619 1551 2663 „in

918 2665 1091 2707 republica
1125 2666 1337 2697 versantibus
1371 2673 1435 2696 non
1471 2674 1552 2695 con-

920 2711 1061 2751 cedunt,
1099 2715 1135 2743 ut
1167 2711 1291 2753 scripta
1322 2715 1547 2752 componant;
