1687 2969
328 135 739 181 PHAEDRUS.
774 136 822 178 P.
859 140 937 180 252
972 145 1010 179 ‹fft
1045 140 1123 180 253
1155 137 1218 181 St.
1368 140 1445 180 119

103 260 175 300 καὶ
222 253 517 315 ὲᾳαπτόμενοι
568 254 708 297 αὐτοῦ
756 256 807 314 τῇ
850 256 999 315 μνήμῃ
1045 257 1363 307 ἐνθουσιῶντες
1409 255 1452 308 ἐξ

104 327 266 368 ἐκείνου
315 320 588 377 λαμβάνουσι
635 318 688 363 τὰ
736 324 822 374 ἔθη
874 325 947 364 καὶ
1001 320 1055 365 τα
1110 321 1449 379 ἐπιτηδεύματα,

105 389 216 434 καθ’
270 387 377 433 ὅσον
425 386 617 432 δυνατὸν
664 391 780 431 θεοῦ
824 387 1057 444 ἀνθρώπῳ
1103 399 1344 446 μετασχεῖν.
1380 392 1452 434 καὶ

102 455 274 501 τούτων
323 455 376 510 δὴ
427 455 506 499 τὸν
540 454 756 512 ἐρώμενον
794 454 1042 512 αἰτιώμενοι
1087 460 1149 498 ἔτι
1195 474 1240 500 τε
1282 459 1452 512 μᾶλλον

100 524 328 581 ἀγαπῶσι,
381 520 464 567 κᾶν
507 529 551 566 ὲκ
595 521 698 573 Διὸς
739 521 960 579 ἀρύτωσιν
1005 522 1143 579 ὥςπερ
1194 528 1239 567 αι’
1273 522 1451 580 βάκχαι,

100 594 170 635 ἐπὶ
210 590 290 644 τὴν
326 593 405 636 τοῦ
441 595 655 646 ἐρωμένου
704 588 853 649 ψυχὴν
898 593 1215 640 tumvana-teg
1250 593 1453 635 ποιοῦσιν

100 657 159 710 ὡς
186 656 378 702 δυνατὸν
413 655 686 712 ὁμοιότατον
723 661 783 713 τῷ
822 663 1014 716 σφετέρῳ
1052 659 1163 713 θεῷ.
1199 655 1297 701 ὅσοι
1324 657 1363 701 δ’
1391 651 1448 702 αὖ

99 725 208 782 μεθ’
239 724 388 782 ’Ήρας
423 729 624 780 εἵποντο,
661 723 890 779 βασιλικὸν
926 727 1134 781 ζητοῦσι,
1181 727 1254 768 καὶ
1299 723 1446 783 εὑρόν-

98 810 169 843 τες
203 795 302 851 περὶ
336 794 503 837 τοῦτον
536 791 684 835 πάντα
725 794 851 846 δρῶσι
877 792 930 835 τα
970 792 1101 836 αὐτά.
1137 797 1177 836 σι’
1213 795 1257 835 δὲ
1291 791 1448 836 Ἀπόλ-

98 859 237 912 λωνός
274 877 320 904 τε
355 862 429 903 καὶ
463 858 650 903 ἑκάστου
688 862 772 903 τῶν
799 862 919 903 ι’)ἐῶν
941 859 1067 911 οὕτω,
1104 858 1216 904 κατὰ
1238 857 1317 903 τὸν
1333 858 1449 904 θεὸν

187 991 256 1022 καὶ
290 989 461 1022 τούτων
496 989 542 1029 δὴ
584 989 657 1021 τὸν
688 990 764 1033 ἔζη]
802 990 840 1023 V.
874 995 1021 1031 τοῦτον,
1054 992 1144 1033 quod
1178 991 1241 1024 iarn
1270 991 1448 1024 Heindorf.

97 1039 263 1077 correxit,
297 1036 586 1069 consentientibus
622 1036 719 1070 vind.
746 1036 780 1069 4.
804 1037 834 1069 7.
861 1049 894 1068 α.
936 1038 1094 1072 Monacc.
1120 1038 1204 1070 aliis.

95 1084 178 1126 legit
201 1083 304 1115 etiam
332 1081 481 1114 Ficinus.

186 1151 228 1183 Β.
271 1149 375 1194 μεθ’
410 1149 565 1194 Ἥρας]
609 1148 708 1181 Bodl.

92 1194 178 1240 μεθ’
204 1195 340 1240 ἡμέρας.

91 1319 123 1350 p.
141 1307 217 1341 447.
237 1310 276 1340 A.
289 1307 431 1351 Protag.
451 1320 482 1351 p.
497 1307 574 1343 331.
590 1308 628 1344 E.
668 1311 735 1343 Ce-

91 1360 201 1387 terum
228 1352 424 1396 αἰιιιόμενοι
455 1365 543 1387 nunc
575 1361 628 1388 est
653 1358 735 1388 sim-

90 1401 221 1442 pliciter
261 1401 373 1431 αἴτιον
409 1401 623 1442 νομίζοντες,
669 1412 735 1434 au-

91 1451 257 1478 ctorem
283 1451 514 1487 putantes,
540 1446 570 1480 h.
595 1458 626 1479 e.
651 1447 736 1480 haec

91 1492 205 1524 omnia
237 1492 369 1525 amasio
412 1497 572 1534 tanquam
603 1495 734 1526 alletori

90 1538 293 1571 tribuentes.
358 1538 440 1570 Aliis
475 1540 560 1571 locis
603 1540 734 1580 plenius

90 1583 212 1615 dicitur
234 1581 350 1614 αἴτιόν
374 1596 453 1615 ’τινα
470 1586 673 1624 αἰτιᾶσθαι,
698 1589 735 1616 ut

90 1630 198 1670 Gorg.
219 1639 251 1670 p.
268 1628 347 1662 518.
365 1629 404 1662 D.
423 1640 455 1672 p.
477 1630 553 1664 519.
573 1633 612 1664 Α.
631 1630 734 1672 Hipp.

89 1675 171 1707 niin.
198 1685 230 1716 p.
259 1673 335 1708 374.
361 1675 400 1708 Ε.
425 1677 467 1709 al.

135 1718 211 1751 κᾶν
257 1721 296 1751 ἐκ
346 1720 455 1758 Διὸς
503 1719 735 1764 ἄρν’-τοισιν,

90 1764 224 1809 ιῗῖςηερ
251 1767 295 1797 αἱ
315 1765 496 1809 βάκχαι]
528 1772 564 1800 et
588 1777 689 1809 quum
718 1778 736 1799 e

90 1812 190 1852 love,
238 1812 363 1854 quippe
404 1814 470 1845 deo
509 1824 595 1854 suo,
634 1823 735 1853 quem

92 1858 171 1889 olim
213 1857 246 1889 iu
277 1859 473 1892 coelestium
507 1869 618 1891 rerum
656 1870 735 1900 spe—

90 1904 240 1936 ctatione
264 1907 342 1935 sunt
374 1905 506 1944 secuti,
540 1905 640 1937 animi
675 1915 734 1936 ve·-

90 1950 150 1982 luti
191 1950 394 1982 nutrimenta
433 1950 607 1992 hauriunt,
652 1949 736 1982 haec

89 1996 163 2036 ipsa
203 1995 236 2026 in
277 1996 393 2027 amasii
431 1997 579 2029 animum
619 2001 732 2028 trans-

88 2039 249 2081 fundunt,
291 2051 402 2082 eoque
450 2042 540 2074 illum
587 2042 734 2075 reddunt

90 2085 157 2118 deo
181 2096 246 2119 suo
271 2097 376 2128 quam
401 2088 619 2127 simillimum,
646 2087 676 2122 Ιι.
703 2098 733 2121 e.

91 2142 171 2164 vere
192 2130 441 2174 philosophum,
456 2134 732 2175 quandoquidem

89 2177 216 2219 Iupiter
247 2179 421 2220 perfectae
461 2180 650 2220 sapientiae
683 2185 736 2211 est

92 2223 206 2264 imago
246 2228 348 2265 atque
388 2227 575 2267 exemplar.
631 2224 734 2259 Quod

95 2272 209 2300 autem
235 2269 460 2312 interponitur
483 2270 586 2313 ὥςπερ
612 2273 649 2302 αἱ
673 2270 737 2312 βά-

91 2325 188 2354 κχαι,
223 2315 395 2356 eleganter
427 2317 488 2349 liac
518 2317 663 2358 imagine
696 2317 735 2348 il-

93 2361 259 2392 lustratur
287 2360 459 2394 hauriendi
500 2363 606 2401 ratio3
650 2362 736 2394 Bac-

95 2405 177 2437 chae
203 2405 309 2446 enim,
343 2417 445 2448 quum
483 2408 596 2440 divino
622 2408 736 2440 surore

94 2450 327 2492 agitabantur,
355 2463 374 2484 e
399 2455 525 2494 mellis,
563 2455 659 2487 lactis
683 2459 733 2486 at-

94 2506 162 2537 que
187 2495 251 2527 vini
276 2498 388 2529 rivulis
413 2498 545 2532 haurire
569 2500 734 2542 putaban-

94 2547 160 2574 tur.
206 2542 319 2574 Quam
344 2543 377 2574 in
402 2554 473 2576 rem
495 2550 735 2588 comparentur

93 2588 150 2621 illa
177 2586 413 2629 Euripidis
444 2590 568 2625 Bacch.
602 2602 630 2624 v.
660 2590 737 2624 142.

93 2634 144 2677 ῥεῖ
167 2634 199 2664 ὸὲ
224 2631 368 2675 γάλακιι
396 2635 513 2676 πέδον,
544 2637 595 2680 ῥεῖ
619 2636 654 2668 d'
681 2638 732 2668 οἴ-

93 2691 151 2721 νῳ,
175 2678 227 2721 ῥεῖ
252 2680 285 2711 δὲ
299 2679 460 2720 μελισσῶν
482 2685 624 2723 νέκταρι,
650 2683 734 2715 lbid.

90 2734 123 2756 v.
149 2724 227 2759 704.
263 2724 397 2769 θύρσον
428 2727 468 2758 ὸέ
498 2739 547 2764 τις
580 2729 732 2769 λαβοῦσα

1251 1038 1447 1071 Genitivnm

759 1149 834 1181 Vat.
873 1152 951 1182 ven.
987 1151 1024 1183 Π
1057 1151 1109 1184 alii
1142 1150 1273 1193 plurimi
1307 1151 1449 1184 ridicule

801 1310 913 1342 ἔπεσεν
939 1311 970 1347 ἐς
991 1312 1134 1349 πέτραν,
1167 1306 1256 1340 ὅθεν
1280 1307 1450 1351 δροσώδης

805 1356 930 1391 ὕδατος
969 1355 1095 1399 ἐκπηδᾷ
1145 1353 1239 1391 νότις
1277 1354 1347 1387 κιλ.
1393 1353 1447 1385 ubl

803 1404 898 1445 plura
935 1403 1152 1444 interpretes.
1215 1400 1332 1432 Addas
1368 1400 1449 1432 Pla-

803 1454 873 1482 ton.
900 1448 969 1481 lon.
997 1459 1030 1490 p.
1049 1446 1126 1480 534.
1145 1448 1184 1480 A.
1213 1451 1247 1479 et
1273 1445 1446 1478 Aeschi-

803 1497 866 1526 nis
892 1495 1068 1526 Socrat.
1094 1493 1214 1535 fragm.
1241 1493 1281 1527 11.
1308 1502 1363 1534 ap.
1391 1491 1448 1524 Fi-

803 1540 930 1579 schor„
965 1539 1057 1580 quod
1090 1544 1184 1571 extat
1216 1549 1271 1581 ap.
1305 1536 1445 1570 Aristid.

802 1586 844 1619 T.
869 1586 910 1620 ll.
938 1596 970 1627 p.
995 1585 1049 1618 20.
1076 1585 1168 1617 lebb.

851 1632 889 1663 Β.
914 1632 956 1661 οἱ
982 1631 1022 1663 δὲ
1042 1629 1310 1667 Ἀπόλλωνός·
1334 1628 1446 1670 τε-]

802 1677 944 1709 Fallitur
965 1677 1088 1709 Astiu
1098 1687 1126 1716 S,
1143 1677 1310 1718 genitivos
1322 1675 1447 1708 Ἀπόλ-

803 1724 907 1760 loiron:
941 1727 975 1755 et
1006 1721 1152 1753 ἑκάστου
1185 1723 1228 1754 ita
1262 1723 1340 1764 poni
1374 1721 1446 1753 exi-

804 1770 958 1807 stimans.
984 1779 1024 1801 ac
1050 1769 1076 1800 si
1102 1767 1241 1808 ὀπαδοί,
1267 1778 1339 1800 non
1357 1762 1447 1809 μεθ’

793 1814 904 1859 “Home
915 1813 1051 1846 εἵποντο
1065 1814 1299 1856 praecesserit.
1324 1813 1397 1845 lmo
1413 1813 1446 1844 οἱ

796 1860 1012 1897 ’Λπόλλονως
1029 1860 1151 1893 eodem
1175 1859 1278 1893 modo
1302 1859 1442 1898 dictum,

803 1917 869 1949 quo
902 1908 935 1938 ot
960 1905 1176 1946 Πλάτωνος,
1211 1905 1245 1936 οἱ
1275 1904 1446 1946 Ζήνωνος,

803 1958 837 1985 et
874 1958 1035 1985 sexcenta
1075 1952 1108 1984 id
1144 1962 1252 1994 genus
1293 1951 1367 1984 alia.
1401 1969 1445 1973 —

802 1999 986 2039 Proxima,
1013 1997 1103 2030 οὕτω
1129 2017 1172 2022 —-
1199 1997 1260 2029 τὸν
1284 1999 1447 2039 σφέτερον

802 2045 910 2077 παῖδα
933 2047 1116 2086 πεφυκέναι
1145 2043 1321 2084 ζητοῦσιν,
1347 2042 1445 2074 facile

801 2089 1030 2131 intellexeris,
1061 2091 1117 2122 ubi
1150 2088 1240 2121 οὕτω
1274 2088 1315 2121 ad
1343 2098 1445 2130 prae-

802 2137 980 2169 cedentem
995 2136 1134 2169 deorum
1149 2135 1354 2167 mentionem
1369 2143 1447 2175 per-

802 2183 911 2215 tinere
929 2182 1217 2214 animadverteris,
1265 2179 1351 2213 Nam
1368 2189 1446 2211 sen-

803 2229 908 2260 tentia
933 2228 1016 2260 llaec
1041 2232 1111 2259 est:
1137 2225 1319 2267 cupiunt
1344 2234 1445 2267 pue—

804 2284 911 2313 rum,
937 2282 1059 2314 quem
1087 2276 1252 2312 amant,
1286 2275 1443 2302 natura

804 2320 872 2352 sic
906 2322 1200 2360 comparatum
1241 2327 1359 2357 esse,
1399 2320 1443 2347 ut

804 2369 874 2398 est
907 2365 1013 2396 deus
1053 2364 1150 2405 ille,
1192 2373 1314 2404 quem
1354 2361 1441 2403 ipsi

806 2410 969 2442 sectati
996 2413 1108 2443 sunt.
1156 2409 1323 2442 Quocirca
1350 2406 1441 2440 οἶῖιω

803 2456 963 2488 cohaeret
1005 2466 1080 2488 cum
1116 2457 1311 2498 πεφυκέναι.
1371 2454 1441 2486 Usu

802 2507 916 2534 autem
955 2501 1020 2534 isto
1057 2501 1149 2533 verbi
1200 2501 1309 2542 ζητεῖν
1349 2498 1440 2542 apud

802 2548 980 2580 Platonem
1022 2546 1099 2579 nihil
1142 2546 1361 2588 frequentius.
1406 2555 1437 2579 ν.

801 2592 842 2625 ad
869 2593 969 2635 Reip.
996 2593 1036 2625 ll.
1062 2604 1094 2634 p.
1120 2593 1196 2627 375.
1224 2592 1264 2625 Ε.
1293 2592 1437 2634 Apolog.

801 2640 899 2672 Socr.
926 2650 956 2680 p.
974 2638 1028 2672 37.
1050 2639 1088 2670 C.
1116 2639 1296 2680 Protagor.
1313 2649 1344 2679 p.
1360 2636 1437 2671 322.

802 2684 840 2718 B.
868 2684 1050 2727 Eutliyplir.
1066 2695 1098 2726 p.
1117 2685 1149 2718 7.
1176 2688 1216 2718 Α.
1246 2683 1382 2716 Menon.
1403 2692 1435 2721 p.

800 2730 854 2765 74.
876 2730 912 2763 B.
941 2732 981 2763 al.
1028 2730 1098 2763 lam
1124 2740 1204 2763 vero
1230 2728 1311 2770 quid
1337 2726 1439 2770 sigui-

1490 731 1528 773 B
