1687 2969
493 168 736 208 GORGIAS.
766 169 809 207 P.
842 171 935 206 484.
965 169 1025 207 ed.
1058 169 1113 207 St.
1399 172 1477 206 203

131 278 362 331 πριάμενος
392 280 488 319 οὔτε
516 278 667 326 δόντος
694 283 772 318 τοῦ
788 277 1018 331 Γηρυόνου
1046 276 1230 330 ἠλάσατο
1259 277 1334 326 τὰς
1362 278 1478 330 βοῦς,

132 343 189 391 ὠς
215 343 373 384 τούτου
402 346 527 392 ὄντος
553 350 630 384 τοῦ
658 343 827 384 δικαίου
850 342 990 395 φύσει,
1020 343 1088 383 καὶ
1119 343 1224 395 βοῦς
1252 341 1321 384 καὶ
1348 335 1480 383 τᾶλλα

130 409 319 462 κτήματα
357 405 467 450 εἶναι
505 410 644 450 πάντα
681 414 759 449 τοῦ
798 408 1013 460 βελτίονός
1050 423 1091 448 τε
1131 407 1201 449 καὶ
1239 407 1480 460 κρείττονος

130 475 181 516 τὰ
219 479 305 518 τῶν
338 477 543 531 χειρόνων
579 491 621 517 τε
662 475 731 517 καὶ
769 475 971 529 ἡττόνων.
1034 473 1138 532 Cap.
1169 475 1266 517 XL.
1325 475 1373 516 τὸ
1402 474 1478 528 μὲν

130 537 211 582 οὖν
263 541 420 595 ἀληθὲς
475 540 611 590 οὕτως
668 539 772 595 ε’χει,
837 542 992 594 γνώσει
1050 541 1118 589 δὲ,
1186 541 1240 582 ἂν
1305 540 1371 582 ἐπὶ
1427 540 1478 581 τὰ

129 606 252 660 μείζω
291 605 420 660 ἔλθης
464 604 589 655 ἐάσας
638 607 717 660 ἤδη
763 607 1039 660 φιλοσοφίαν.

402 673 435 712 ὠ
463 672 711 724 Σώκρατες,
749 673 916 726 χαρίεν,
956 675 1011 714 ἄν
1039 688 1101 720 τις
1130 672 1263 713 αὐτοῦ
1300 671 1479 724 μετρίως

747 737 821 779 ἐαν
872 737 916 779 δὲ
957 736 1188 790 περαιτέρω
1237 741 1315 778 τοῦ
1364 736 1478 777 δέον-

570 794 790 856 διαφθορὰ
839 805 924 844 τῶν
967 803 1224 854 ἀνθρώπων.

129 672 195 713 τοί
223 670 358 721 ἐστιν,

130 737 290 791 ἅψηται
337 735 382 778 ἐν
430 744 517 797 Ly}
518 738 691 799 ᾐλικία·

130 817 200 851 τος
241 801 512 857 ἐνδιατρίψῃ,

130 998 195 1034 tur,
219 997 258 1026 ut
281 991 352 1037 ἄγει
377 993 520 1026 δικαιῶν
543 994 721 1026 scribatur.

133 1037 167 1071 τὸ
200 1037 406 1081 βιαιότατον.

454 1040 545 1071 Hinc
580 1040 794 1082 reposuimus
825 1040 915 1081 quod
945 1041 1046 1071 unice
1080 1051 1198 1072 verum
1222 1040 1365 1071 videtur.

1106 606 1341 659 φιλοσοφία
1393 606 1477 659 ’γάρ

1282 801 1357 844 ἐὰν
1396 801 1478 856 γὰρ

781 995 826 1026 Et
849 993 952 1026 habet
975 995 1052 1026 Par.
1079 994 1118 1028 V.
1145 995 1180 1026 in
1204 1004 1312 1037 marg.
1337 994 1480 1026 δικαιῶν

1413 1041 1479 1071 Pro

130 1082 320 1125 Ἡρακλέος,
347 1085 438 1126 quod
463 1085 600 1126 plurimi
625 1085 721 1117 codd.
748 1085 893 1125 habent,
925 1090 1007 1117 vett.
1032 1085 1125 1119 editt.
1151 1083 1364 1126 Ἡρακλέους.
1413 1086 1478 1116 Pro

130 1131 222 1173 vulg.
247 1132 338 1171 χειρί
358 1131 433 1162 Par.
458 1131 499 1162 V.

132 1176 256 1219 Bergk.
281 1177 376 1208 Poet.
399 1176 464 1218 lyr.
489 1187 522 1218 p.
544 1174 621 1209 263.

131 1355 213 1397 quid
237 1355 411 1396 exciderit,
438 1356 566 1398 ambigi
585 1356 685 1387 etiam
702 1366 770 1387 ma-

130 1402 184 1443 gis
216 1401 350 1443 poterit.
410 1402 449 1433 In
482 1400 576 1433 codd.
603 1402 693 1433 enim
726 1412 770 1433 ne

130 1447 341 1478 levissimum
374 1447 511 1488 quidem
543 1451 683 1488 apparet
715 1446 770 1478 de-

132 1492 254 1533 perditi
291 1492 438 1524 alicuius
477 1492 637 1524 vocabuli
669 1492 770 1524 vcsti-

131 1537 244 1579 gium,
285 1548 394 1578 neque
429 1536 770 1579 Olympiodorus

131 1582 317 1623 quidquam
332 1582 494 1614 habuisse
511 1582 656 1621 videtur,
681 1582 770 1624 quod

131 1628 166 1658 in
192 1628 316 1659 nostris
334 1628 432 1659 libris
447 1638 516 1659 non
533 1632 770 1659 conservatum

131 1673 185 1704 sit.
232 1673 323 1704 Fieri
347 1678 459 1704 tamen
487 1677 606 1714 potest,
631 1678 668 1704 ut
693 1672 770 1705 Cal-

131 1717 228 1749 licles
261 1718 402 1750 Pindari
439 1728 557 1750 versus
590 1729 658 1750 non
697 1719 770 1750 sine

131 1763 319 1795 mutatione
343 1764 486 1795 afferens
510 1768 586 1805 post
610 1766 700 1805 φησί
720 1764 770 1795 in-

131 1809 333 1850 terposuerit
367 1821 388 1848 (s
396 1807 470 1840 ύσει
479 1833 487 1845 ,
521 1808 611 1850 quod
635 1813 771 1851 propter

132 1854 320 1885 litterarum
366 1854 625 1886 similitudinem
668 1855 769 1886 facile

129 1899 242 1941 potuit
265 1899 308 1931 ab
333 1899 484 1931 librariis
515 1900 655 1942 negligi.
703 1899 770 1931 Sed

130 1948 207 1976 utut
237 1948 288 1976 est
297 1969 305 1984 ‚
342 1944 429 1976 illud
467 1945 604 1986 quidem
639 1949 769 1977 certum

131 1989 345 2029 arbitramur,
366 1989 544 2022 Calliclem
562 1989 676 2022 locum
691 1990 769 2021 Pin-

131 2034 283 2066 daricum
305 2035 340 2066 in
363 2045 434 2066 rem
459 2046 555 2067 suam
581 2045 769 2067 accommo-

131 2080 267 2111 dantem
300 2079 409 2122 legem
442 2084 586 2112 naturae
621 2080 768 2123 intelligi

130 2125 219 2157 velle
251 2129 353 2166 atque
377 2126 591 2167 potissimum
617 2130 770 2157 extrema

130 2170 215 2202 haec
239 2168 312 2201 ἐπεὶ
339 2168 505 2211 α’,τριάτας
529 2181 650 2212 urgere
668 2175 769 2212 atque

131 2215 330 2257 diligentius
365 2216 401 2247 in
433 2225 531 2247 suam
564 2217 768 2248 sententiam

131 2261 356 2302 interpretari.
413 2261 556 2292 Sensum
587 2260 769 2293 verborum

132 2306 158 2336 B
173 2316 191 2337 o
204 2316 222 2337 e
237 2317 254 2337 c
266 2306 289 2337 k
303 2306 325 2337 h
338 2306 386 2337 iu
399 2316 414 2337 s
468 2307 516 2337 ita
562 2306 767 2348 explicavit:

134 2350 327 2389 „Fatalis
381 2351 455 2382 lex
510 2352 637 2382 etiam
685 2352 768 2382 vim

132 2406 164 2426 m
176 2396 354 2427 aximam
406 2396 538 2428 affert
591 2407 768 2438 eamque

132 2438 291 2472 iusta‘m
329 2441 409 2472 effi
422 2441 500 2481 cit,
540 2452 666 2483 quum
700 2442 720 2472 h
732 2452 768 2473 u-

132 2495 254 2517 mana
285 2486 396 2517 ratio
409 2497 459 2518 ne
501 2487 558 2518 sit
590 2488 766 2525 iniusta,

131 2530 235 2572 quia
265 2530 373 2571 quod
412 2541 570 2563 summa
601 2531 669 2564 lex
702 2532 768 2563 im-

131 2576 324 2617 peravit,
357 2576 441 2607 etsi
464 2576 582 2608 inius
594 2582 678 2608 tum
703 2588 768 2609 no-

130 2620 196 2652 bis
228 2630 323 2652 esse
354 2619 573 2660 videatur,
605 2623 768 2654 iustum

132 2666 192 2697 sit
233 2675 415 2697 necesse
459 2666 553 2700 est.''
605 2668 658 2698 De
704 2668 768 2699 Ge-

131 2711 248 2752 ryonis
266 2709 413 2743 bovibus
438 2710 480 2743 ab
496 2711 646 2744 Hercule
663 2713 768 2755 raptis

523 1133 609 1172 χερί.
656 1130 721 1163 Sed
746 1141 777 1164 v.
805 1131 953 1163 Boeekh.
985 1131 1027 1162 ad
1054 1130 1151 1162 Piud.

1185 1132 1226 1163 T.
1252 1131 1314 1163 111.
1346 1141 1378 1173 p.
1403 1130 1478 1163 642.

841 1366 872 1388 v.
903 1355 1079 1387 Hesiod.
1114 1356 1244 1398 Theog.
1280 1366 1311 1387 v.
1337 1354 1413 1388 289.
1447 1361 1480 1388 et

840 1400 915 1433 982.
941 1401 1098 1444 virgil.
1135 1402 1218 1433 Aen.
1246 1401 1320 1433 VII.
1346 1412 1376 1432 v.
1402 1400 1478 1434 662.

840 1451 873 1478 et
906 1447 997 1478 VIII.
1036 1458 1067 1478 v.
1100 1445 1176 1479 201.
1208 1465 1252 1470 —
1284 1447 1365 1478 Post
1403 1445 1478 1478 ἐπεὶ

840 1489 1008 1533 ἀπριάτας
1040 1492 1130 1534 finge
1155 1492 1337 1524 Calliclem
1370 1492 1480 1524 haesi-

840 1541 931 1568 tasse
955 1547 1020 1568 nec
1053 1538 1167 1569 statim
1198 1538 1233 1568 in
1259 1542 1406 1569 mentem
1430 1548 1480 1570 re-

840 1592 962 1614 vocare
976 1583 1128 1624 potuisse
1153 1593 1204 1622 ea,
1229 1594 1317 1624 quae
1335 1584 1479 1615 recitare

841 1628 953 1659 v.cllet
964 1625 1065 1660 —ot'
1078 1640 1095 1659 κ
1121 1627 1370 1667 ἑπισταααι,
1397 1639 1478 1660 non

841 1678 969 1704 teneo
994 1673 1219 1712 memoria,
1244 1677 1282 1705 ut
1304 1673 1479 1706 Phaedon.

840 1729 871 1760 p.
895 1718 949 1751 61.
975 1719 1022 1750 Β.
1054 1717 1110 1751 08.
1150 1721 1357 1759 προχείρους
1387 1714 1480 1760 εἶχον

840 1764 894 1794 καὶ
921 1760 1115 1806 ήπιστάμητ
1139 1762 1276 1802 μύθους
1302 1762 1380 1797 τοὺς
1414 1764 1477 1796 Αι-

843 1808 973 1840 οιόπου.
1021 1810 1156 1853 Plotag.
1188 1807 1264 1841 339.
1298 1810 1343 1841 B:
1382 1813 1479 1841 τοῦτο

841 1865 1018 1886 επίσῖασαί
1044 1867 1077 1885 ΤΟ
1104 1865 1214 1896 ζίῧμαξ

885 1897 937 1933 ὥς
964 1898 1118 1931 τούτου
1152 1897 1280 1933 ὄντος
1316 1903 1388 1932 τοῦ
1422 1900 1477 1932 δι-

840 1944 985 1987 καίοι]
1018 1945 1244 1976 Resciendum
1277 1950 1329 1977 est
1354 1958 1412 1977 τοι
1418 1958 1477 1978 του

839 1990 880 2021 ad
906 1991 1061 2031 proxima
1091 1992 1196 2022 verba
1228 1991 1282 2021 καὶ
1309 1991 1396 2032 βοῦς
1422 1992 1476 2023 καὶ

841 2030 937 2067 τᾶλλα
961 2033 1106 2078 κτήαατα
1131 2031 1222 2067 εἷιαι
1246 2048 1274 2068 κ,
1301 2049 1324 2067 τ.
1351 2037 1375 2067 λ.
1412 2037 1478 2069 His

839 2081 930 2112 enim
953 2080 1094 2112 uberius
1117 2081 1321 2122 explicatur.

907 2126 991 2168 Cap.
1032 2127 1104 2157 XL.
1145 2126 1183 2158 C.
1232 2128 1480 2166 φιλοσοφία

839 2169 916 2212 γάρ
958 2173 1025 2202 τοί
1066 2169 1187 2203 ἐστιν
1226 2190 1270 2194 -
1306 2172 1477 2215 χαρίεν]

839 2217 1026 2257 Exspectes
1066 2218 1186 2256 χαρίεν
1226 2228 1261 2247 τι.
1311 2218 1377 2249 Sed
1408 2228 1477 2249 non

839 2272 933 2303 opus.
959 2271 991 2295 v.
1027 2261 1069 2293 ad
1095 2262 1250 2303 Sympos.
1281 2273 1313 2304 p.
1338 2261 1381 2295 27
1406 2273 1478 2304 seq.

839 2306 1016 2338 Lucian.
1051 2307 1141 2338 Dial.
1173 2308 1274 2338 Mort.
1299 2308 1420 2348 XXII,
1445 2308 1476 2340 5.

840 2352 923 2383 Mox
962 2348 1070 2393 ἡλικία
1109 2352 1150 2383 de
1185 2355 1295 2384 aetate
1332 2354 1497 2385 iuvenili-

839 2396 1025 2451 intelligas,
1050 2402 1088 2428 ut
1112 2398 1147 2429 in
1172 2398 1318 2429 formula
1332 2398 1383 2432 είς
1408 2396 1476 2441 ἡλι-

840 2443 918 2472 κίἀι
949 2441 1059 2484 ἤκειι,
1101 2442 1142 2475 de
1180 2453 1247 2484 qua.
1283 2454 1316 2474 v.
1352 2444 1478 2475 Hein-

839 2487 943 2518 dorf.
971 2486 1013 2518 ad
1039 2487 1477 2530 Charn1id.§.3.1taque

841 2528 960 2572 πόρ’ρω
1005 2535 1060 2574 τῆς
1102 2531 1229 2575 ἡλικίας
1268 2538 1319 2564 est
1356 2534 1477 2565 ultra

839 2577 1125 2611 iuventutem.
1159 2580 1198 2610 P.
1226 2577 1302 2610 485.
1334 2579 1382 2610 A:
1419 2580 1475 2610 καὶ

838 2619 901 2653 οὐκ
922 2620 1068 2664 αι’)οχρὸτ
1090 2626 1257 2665 μειρακίῳ
1283 2621 1354 2655 ι’)’ντι
1381 2625 1475 2663 φιλο-

841 2671 977 2705 σοφεῖν.
1008 2669 1060 2700 De
1085 2669 1255 2700 sententia
1279 2679 1311 2700 v.
1335 2669 1388 2701 De
1412 2669 1476 2703 Re-

836 2712 929 2755 publ.
953 2713 1011 2745 VI.
1036 2724 1068 2757 p.
1094 2712 1170 2746 487.
1195 2715 1238 2746 D.
