1687 2969
359 175 601 215 GORGIAS.
632 176 675 213 P.
709 178 799 213 502.
833 178 923 212 503.
955 175 1014 212 ed.
1047 175 1103 212 St.

1350 178 1428 212 265

78 290 250 333 κοινοῦ,
295 280 433 337 ὥςπερ
469 283 588 326 παισὶ
624 286 929 337 προςομιλοῦσι
965 286 1053 331 τοῖς
1092 283 1264 336 δήμοις,
1315 282 1428 335 χαρί-

79 350 225 398 ζεσθαι
254 349 399 397 αὐτοῖς
426 342 678 403 πειρώμενοι
702 349 854 402 μόνον,
884 349 919 388 εἰ
948 348 991 389 δὲ
1020 362 1067 401 γε
1097 349 1288 400 βελτίους
1314 346 1428 388 ἔσον-

76 428 144 454 ται
183 410 211 465 ἢ
250 414 417 467 χείρους
452 414 521 455 διὰ
559 421 714 463 ταῦτα,
759 414 887 455 οὐδὲν
925 414 1249 466 φροντίζουσινς
1294 415 1428 453 ΚΑΛ.
1460 414 1542 455 503

83 478 172 531 Οὐχ
203 478 368 519 ἁπλοῦν
408 476 466 519 ἔτι
504 486 631 520 τοῦτο
669 477 849 531 ἐρωτᾷς·
889 478 966 519 εἰσὶ
995 478 1071 531 μὲν
1108 478 1189 531 γὰρ
1230 480 1270 519 οἳ
1308 478 1429 531 κηδό-

78 557 198 596 μενοι
236 546 323 584 τῶν
365 546 552 584 πολιτῶν
592 542 786 597 λέγουσιν
823 545 849 584 ἃ
888 542 1110 596 λέγουσιν,
1163 541 1240 584 εἰσὶ.
1280 541 1324 583 δὲ
1362 541 1431 582 καὶ

77 608 198 656 οἴους
227 608 280 649 σὺ
309 607 452 660 λέγεις.
511 611 612 649 Σῼ.
648 605 848 661 Ἐξαρκεῖ.
892 609 927 648 εἰ
965 608 1046 661 γὰρ
1084 606 1154 648 καὶ
1189 608 1315 648 τοῦτό
1346 606 1432 648 ἐστι

78 673 272 720 διπλοῦν,
302 674 349 714 τὸ
379 674 457 726 μὲν
485 673 632 726 ἕτερόν
659 688 744 715 που
773 675 930 715 τούτου
959 673 1157 714 κολακεία
1187 673 1240 713 ἂν
1270 673 1332 726 εἴη
1362 672 1430 713 καὶ

78 738 229 792 αἰσχρὰ
258 739 520 792 δημηγορία,
566 741 613 780 τὸ
643 735 680 780 δ’
711 739 854 792 ἕτερον
892 739 1046 789 καλόν,
1086 739 1133 778 τὸ
1163 739 1429 790 παρασκευά-

79 806 187 854 ζειν,
219 800 334 852 ὅπως
363 804 419 851 ὠς
448 804 658 857 βέλτισται
686 802 853 846 ἔσονται
882 807 966 845 τῶν
995 806 1180 845 πολιτῶν
1211 803 1254 844 αἱ
1282 803 1428 856 ψυχαί,

77 867 147 909 καὶ
185 869 466 922 διαμάχεσθαι
506 868 683 922 λέγοντα
728 869 777 910 τὰ
818 869 1029 922 βέλτιστα,
1085 869 1163 910 εἴτε
1201 869 1308 922 ἡδίω
1349 869 1429 909 εἴτε

76 932 303 986 ἀηδέστερα
346 933 459 974 ἔσται
498 938 588 982 τοῖς
634 936 882 976 ἁκούουσιν,
936 936 1023 975 ἀλλ’
1075 935 1126 975 οὐ
1165 935 1334 975 πώποτε
1375 935 1428 974 σὶ)
1474 927 1511 969 Β

76 1000 236 1052 ταύτην
264 995 370 1047 εἶδες
397 998 475 1052 τὴν
505 999 752 1053 ῥητορικήν·
792 996 819 1052 ἢ
856 1000 894 1040 εἴ
920 1016 1014 1041 τινα
1043 998 1145 1053 ἔχεις
1183 1002 1269 1040 τῶν
1308 999 1427 1053 ῥητό-

77 1079 164 1116 ρων
191 1068 393 1106 τοιοῦτον
430 1065 581 1112 εἰπεῖν,
622 1065 661 1105 τί
699 1065 788 1118 οὐχὶ
830 1064 900 1106 καὶ
939 1065 1031 1119 ἐμοὶ
1069 1066 1201 1106 αὐτὸν
1241 1063 1429 1118 ἔφρασας

76 1130 137 1178 τίς
165 1127 302 1177 ἐστιν,·
335 1131 468 1169 ΚΑΛ.
492 1126 614 1170 Ἀλλὰ
643 1130 699 1183 μὰ
726 1126 796 1171 Δί’
824 1131 902 1171 οὐκ
933 1128 1010 1184 ἔχω
1041 1128 1169 1184 ἔγωγέ
1200 1140 1262 1171 σοι
1297 1131 1428 1172 εἰπεῖν

77 1198 161 1235 τῶν
190 1209 236 1247 γε
264 1198 349 1235 νῦν
377 1195 570 1248 ῥητόρων
599 1195 764 1236 οὐδένα.
810 1197 907 1236 ΣΩ.
946 1196 995 1235 Τί
1024 1194 1091 1244 δίς
1120 1199 1206 1236 τῶν
1234 1199 1428 1237 παλαιῶν

78 1257 181 1313 ἔχεις
217 1259 311 1300 τινὰ
350 1260 505 1308 εἰπεῖν,
547 1260 598 1300 δι’
638 1257 785 1301 ὅντινα
824 1261 963 1301 αἰτίαν
1003 1258 1172 1314 ἔχουσιν
1205 1256 1428 1314 Ἀθηναῖοι

77 1326 270 1376 βελτίους
298 1323 538 1378 γεγονέναι,
565 1320 723 1379 ἷτεειδη
764 1324 923 1373 ἐκεῖνος
960 1326 1112 1379 ἤρξατο
1155 1327 1427 1380 δημηγορεῖν,

76 1388 122 1431 ἐν
149 1395 206 1443 τῷ
235 1391 428 1443 πρόσθεν
457 1391 595 1445 χρόνῳ
625 1390 792 1444 χείρους
821 1393 962 1440 ὄντες;
1008 1390 1088 1444 ἐγὼ
1119 1391 1196 1443 μὲν
1235 1392 1318 1445 γὰρ
1349 1393 1428 1434 οὐκ

1113 1558 1214 1592 Sed
1205 1558 1222 1592 ὀ
1246 1564 1338 1592 recte
1362 1571 1427 1595 om

77 1604 155 1636 Par.
190 1603 258 1634 IV.
290 1603 382 1635 Flm.
414 1602 447 1634 b.
479 1608 512 1635 et
542 1603 710 1636 Aristides
743 1604 783 1635 T.
808 1604 851 1637 ΙΙ,
883 1615 914 1646 p.
939 1603 1016 1637 275.
1062 1605 1313 1647 Expellendum
1342 1607 1429 1637 vidit

76 1647 550 1733 Hei2111271f6cagtcc'zeostat
590 1692 791 1735 λέγοντα]
846 1693 949 1725 Editt.
991 1705 1107 1726 omnes
1147 1695 1201 1726 καὶ
1244 1693 1298 1726 ἀεὶ
1339 1696 1428 1734 διαμ.

78 1739 188 1770 Omisi
213 1735 266 1770 αἐὶ
302 1749 379 1770 cum
406 1738 650 1770 Cla1k.Vind.
685 1738 713 1770 1
740 1739 770 1770 6.
795 1739 869 1770 Par
904 1740 1077 1771 BCFIV.
1109 1740 1199 1772 Flor
1232 1742 1263 1774 b.
1295 1741 1316 1772 f
1343 1752 1369 1773 s.
1394 1752 1426 1772 x.

79 1783 237 1816 Ceterum
262 1782 421 1826 λέγοντας
447 1783 551 1817 Coisl.
578 1783 678 1815 Vind.
704 1782 735 1816 6.
760 1784 837 1816 Par.
863 1784 961 1816 CEI
974 1785 1028 1817 W.
1052 1785 1143 1817 Flor.
1169 1796 1198 1817 a.
1223 1797 1249 1817 c.
1276 1797 1301 1818 s.

142 1558 180 1589 P.
204 1555 281 1590 503.
316 1561 436 1589 τοῦτο
469 1557 655 1601 ἐρωτᾶς]
688 1559 852 1590 V.101zo
877 1557 896 1589 ὂ
923 1558 1064 1602 ἐρωτᾶς.

73 1942 279 1983 χαριζεσθαι
334 1945 405 1974 τοῖς
458 1941 618 1980 θεαταῖς,
677 1945 716 1973 ut

75 1987 192 2032 paullo
217 1990 296 2018 ante
321 1985 466 2018 dicebat.

120 2033 220 2062 οἰοῖ
246 2031 413 2062 παίδων
437 2031 621 2063 τε-καὶ
647 2043 714 2073 γυ-

81 2075 577 2119 zaznw1]He1ndolf1us
602 2087 644 2108 ex
661 2077 714 2107 his

830 1941 912 1984 Cap.
956 1941 1082 1973 LVIII.
1130 1942 1167 1974 P.
1207 1940 1283 1975 503.
1345 1941 1427 1984 Ουχ

784 1983 957 2019 ἁπλοῦ]
991 1988 1051 2018 ἑτι
1085 1990 1210 2019 τοῦτο
1245 1986 1426 2031 ἐρωτᾷς]

784 2032 827 2063 H.
854 2042 882 2066 e.
908 2032 991 2063 duas
1022 2043 1075 2063 res
1100 2033 1245 2064 multum
1277 2033 1366 2065 inter
1390 2045 1426 2065 se

784 2077 937 2108 divexsas
968 2078 1036 2108 iam
1069 2077 1269 2117 eonfundis3
1311 2078 1426 2110 discri-

77 2121 190 2153 ve1b1s
215 2121 347 2162 colligit
365 2121 428 2152 illa
444 2121 579 2163 quidem
605 2126 715 2153 aetate

76 2167 238 2198 mulieres
255 2176 440 2207 servosque
458 2167 552 2198 aditu
578 2166 620 2197 ad
642 2177 714 2208 spe-

77 2212 211 2243 ctacula
235 2211 371 2243 scenica
403 2222 471 2243 non
503 2212 608 2243 fuisse
641 2222 717 2252 pro-

76 2256 222 2295 hibitos,
261 2260 454 2298 comparato
495 2257 597 2288 etiam
638 2256 715 2288 loco

76 2303 183 2344 Legg.
207 2301 284 2333 VII.
308 2313 339 2343 p.
363 2301 438 2334 817.
467 2301 503 2333 C.
542 2301 634 2333 Idem
660 2312 715 2343 ap-

77 2352 174 2388 paret
197 2357 214 2378 e
238 2348 343 2389 Legg.
367 2347 410 2378 II.
436 2357 468 2388 p.
485 2345 561 2379 658.
578 2347 632 2385 D.‚
656 2346 716 2378 ubi

77 2402 110 2423 v.
144 2402 221 2423 ann.
269 2393 351 2424 Rem
389 2396 578 2423 tractarunt
609 2402 717 2433 nuper

79 2437 250 2478 copiosius
274 2436 443 2468 Iacobs.
468 2438 504 2468 in
522 2437 610 2468 libro
638 2436 715 2468 Ver-

77 2481 212 2513 me'sehte
237 2480 409 2523 Schrzflen
442 2483 481 2516 T,
507 2482 568 2515 ΙΙΙ,
596 2493 625 2523 p.
650 2480 717 2514 303

81 2537 175 2568 seqq.
200 2527 253 2557 W.
279 2527 323 2558 H.
347 2527 525 2558 Passow
550 2528 585 2557 in
610 2527 716 2558 diario

79 2573 105 2603 Z
115 2572 126 2602 i
136 2582 167 2602 m
178 2583 211 2602 m
221 2582 239 2603 e
248 2582 307 2602 rm
318 2582 368 2603 an
378 2572 423 2602 ni
461 2573 623 2614 inscripto
661 2572 717 2603 At-

77 2616 468 2657 terthumswissem-sclzqfc
505 2628 582 2648 ann.
620 2615 716 2648 1837.

76 2671 130 2694 no,
155 2660 210 2693 29.
232 2661 409 2693 Becker.
434 2662 467 2693 in
494 2662 652 2694 Chariole
677 2663 716 2692 T.

76 2706 120 2737 ΙΙ.
145 2716 176 2748 p.
200 2705 277 2738 251.
309 2707 348 2737 T.
374 2706 436 2737 111.
468 2717 499 2748 p.
526 2705 590 2739 128
623 2717 716 2748 seqq.

785 2133 861 2153 men
887 2123 977 2153 enim
1001 2123 1066 2154 hoc
1091 2123 1180 2154 inter
1199 2128 1350 2155 oratores
1368 2123 1426 2155 ob-

785 2168 885 2206 tinet,
920 2167 1009 2208 quod
1042 2167 1103 2199 alii
1129 2168 1255 2199 civium
1279 2168 1424 2200 salutem

785 2213 827 2243 ob
853 2212 971 2243 oculos
989 2211 1127 2250 habent,
1154 2213 1214 2244 alii
1234 2213 1423 2268 negligunt.

830 2257 868 2287 Β.
904 2269 975 2288 ταυ
988 2269 1062 2299 τγι
1095 2253 1218 2290 εἶδες
1253 2258 1326 2299 τὴ]
1359 2256 1424 2300 ῥη-

787 2301 986 2345 τορικήι]
1037 2302 1156 2342 Illam,
1182 2313 1268 2344 quae
1292 2303 1327 2334 id
1352 2315 1425 2346 spe-

786 2352 871 2385 ctat,
919 2351 956 2378 ut
997 2347 1121 2379 civium
1167 2348 1273 2379 animi
1322 2360 1425 2390 quam

786 2392 904 2433 optimi
929 2392 1120 2424 reddantur.

832 2438 870 2467 τί
899 2434 992 2478 οὐχὶ
1019 2457 1062 2460 -
1087 2437 1308 2480 ἔφρασας]
1335 2449 1423 2479 age,

786 2481 892 2513 mihi
916 2482 1042 2514 illam
1076 2486 1290 2524 protenus
1315 2483 1424 2514 indi-

787 2537 843 2558 ca.
869 2537 900 2559 v,
925 2527 967 2558 ad
991 2528 1165 2559 Phaedon.
1189 2538 1220 2569 p.
1245 2526 1300 2560 86.
1325 2529 1368 2559 D.
1393 2532 1426 2559 et

787 2572 942 2613 Sympos.
981 2583 1012 2613 p.
1044 2571 1120 2604 173.
1153 2574 1191 2604 B.
1253 2573 1424 2604 Proximis

785 2616 900 2648 verbis
925 2617 1149 2659 philosophus
1183 2616 1305 2648 acerbe
1330 2621 1424 2649 nota-

786 2662 836 2693 vit
859 2672 940 2693 suae
964 2664 1086 2694 aetatis
1110 2666 1270 2694 oratores.

831 2706 977 2738 αίτιάν
1009 2708 1186 2749 ἔχουσιν
1219 2704 1422 2748 Ἀθηναῖ-
