1687 2969
214 167 236 200 2
243 168 263 201 8
271 168 291 201 8
763 164 1022 202 PLATONIS

214 287 331 324 τερος
371 272 456 325 εἴη,
495 271 586 313 οὐδ’
620 271 675 313 ἂν
704 265 850 319 οὗτος·
879 275 1148 324 καταφρονοῖ
1172 271 1254 324 γὰρ
1283 271 1336 312 ἂν
1367 273 1500 313 αὐτοῦ
1531 272 1554 313 ὁ

212 339 421 389 τύραννος
460 337 530 377 καὶ
568 338 646 377 οὐκ
686 340 739 377 ἄν
780 352 880 378 ποτε
917 337 972 385 ὡς
1000 338 1106 388 πρὸς
1135 337 1262 388 φίλον
1290 338 1550 378 σπουδάσειε.

216 404 347 442 ΚΑΛ.
392 402 476 442 Καὶ
504 403 620 442 ταῦτ’
650 403 802 455 ἀληθῆ.
859 404 955 442 ΣΩ..
993 402 1189 442 Λείπεται
1218 400 1269 455 δὴ
1299 401 1456 450 ἐκεῖνος
1484 403 1554 455 μό-

212 483 287 515 νος
315 467 429 517 ἄξιος
456 468 588 520 λόγου
618 468 740 519 φίλος
769 471 827 523 τῷ
855 468 1048 522 τοιούτῳ,
1086 465 1131 515 ὃς
1160 470 1228 517 ἄν,
1258 467 1451 521 ὁμοήθης
1480 469 1553 518 ὤν,

211 532 343 573 ταύτὰ
382 532 525 585 ψέγων
563 533 633 574 καὶ
672 532 857 574 ἐπαινῶν
897 530 1021 586 ἐθέλῃ
1057 535 1262 586 ἄρχεσθαι
1289 532 1359 574 καὶ
1387 533 1554 574 ὑποκεῖ-

138 601 178 641 D
211 602 313 638 σθαι
331 600 389 653 τῷ
418 601 601 651 ἄρχοντι.
631 592 756 646 οὗτος
784 599 890 651 με’γα
920 598 966 639 ἐν
993 599 1125 652 ταύτῃ
1153 605 1203 652 τῇ
1233 598 1350 639 πόλει
1378 599 1551 652 δυνήσε-

211 679 297 711 ται,
347 668 504 704 τοῦτον
540 664 679 712 οὐδεὶς
714 665 873 716 χαίρων
922 664 1119 716 ἀδικήσει.
1161 664 1237 716 οὐχ
1277 663 1413 712 οὕτως
1453 662 1553 717 ἔχεις

214 731 349 770 ΚΑΛ.
390 730 492 769 Ναί.
550 730 645 768 ΣΩ.
687 729 743 768 Εἰ
779 731 861 781 α’ρα
901 744 960 776 τις
999 727 1238 782 ἐννοήσειεν
1269 727 1314 769 έν
1341 730 1473 782 ταύτῃ
1503 735 1552 782 τῆ

211 796 328 834 πόλει
367 796 453 834 τῶν
492 793 624 842 νέων
674 794 778 834 Τίνα
817 794 869 833 ἂν
906 794 1066 867 τρόπον
1096 793 1176 846 ἐγὼ
1205 792 1310 847 μέγα
1340 795 1553 847 δυναίμην

213 859 281 900 καὶ
305 860 446 912 μηδείς
468 874 518 912 με
540 859 721 912 αδικοίη,
751 859 868 911 αὕτη,
899 860 955 907 ὡς
980 858 1128 910 ἔοικεν,
1159 860 1274 915 αὐτῷ
1303 859 1400 907 ὁδός
1429 859 1553 907 εστιν,

211 925 341 972 εὐθυς
387 924 432 965 ἐκ
470 923 573 965 νέου
613 924 768 974 ἐθίζειν
811 923 942 965 αὑτὸν
979 928 1066 972 τοῖς
1106 925 1251 972 αὐτοῖς
1290 926 1449 978 χαίρειν
1485 940 1554 964 και

210 993 420 1043 ἄχθεσθαι
460 992 519 1046 τῷ
556 990 757 1043 δεσπότῃ.
798 989 870 1030 καὶ
908 992 1263 1041 παρασκευάζειν,
1300 990 1414 1038 ὅπως
1451 989 1475 1030 ὅ
1514 1005 1553 1030 τι

210 1057 388 1109 μάλιστα
427 1055 572 1108 ὅμοιος
611 1053 723 1095 ἔσται
763 1053 918 1109 ἐκείνῳ.
958 1056 1034 1108 οὐχ
1071 1054 1226 1104 οὕτωςς
1270 1056 1404 1096 ΚΑΛ.
1449 1055 1551 1095 Ναί.

142 1130 180 1171 Ε
214 1123 311 1162 ΣΩ.
369 1122 541 1161 Οὐκουν
590 1122 726 1177 τούτῳ
767 1121 814 1160 τὸ
853 1135 929 1173 μεν
969 1119 1025 1173 μὴ
1064 1121 1302 1161 ἀδικεῖσθαι
1339 1120 1409 1160 καὶ
1447 1119 1553 1173 μέγα

210 1189 437 1234 δύνασθαι.
468 1186 523 1234 ὡς
545 1186 568 1227 ό
592 1184 788 1239 ὑμέτερος
816 1186 956 1238 λόγος,
985 1184 1030 1226 έν
1057 1193 1107 1239 τῆ
1137 1187 1255 1227 πόλει
1283 1185 1551 1237 διαπεπράξε-

209 1268 297 1301 ται;
331 1242 466 1293 ΚΑΛ
498 1253 626 1292 Πανυ
655 1266 713 1304 γε
771 1253 866 1291 ΣΩ
894 1246 971 1304 Αρ
1004 1247 1084 1292 οὖν
1111 1250 1179 1292 καὶ
1208 1251 1256 1292 τὸ
1284 1249 1340 1304 μὴ
1370 1252 1552 1299 ἅδικεῖνς

277 1371 320 1401 D.
369 1369 414 1401 ἐι
448 1368 575 1410 ταύτῃ
610 1373 646 1410 τῇ
680 1367 799 1400 πόλει
825 1372 904 1400 τῶι·
929 1368 1057 1411 viam]
1093 1366 1177 1410 αι’τῇ
1202 1368 1318 1400 Cla1k.
1344 1369 1419 1399 Vat.
1446 1369 1551 1402 Coisl.

212 1415 312 1446 Vind.
332 1415 362 1446 1.
378 1414 409 1447 6.
434 1416 509 1447 Par.
529 1414 633 1446 CEF
643 1415 762 1448 IVW
810 1415 969 1446 loitasse
995 1414 1059 1456 leg.
1087 1413 1126 1445 ἐι
1151 1411 1235 1456 αι’τῇ
1260 1411 1320 1445 ταί
1326 1426 1360 1455 τῃ
1388 1413 1425 1455 τῇ
1451 1412 1553 1445 πόλει.

279 1459 433 1502 μηδείς
465 1471 513 1498 με
544 1457 745 1501 ἀδικοιᾞη
777 1458 878 1501 αὕτη
910 1458 970 1513 —]
1004 1460 1060 1492 Sic.
1083 1460 1161 1492 Bas.
1185 1458 1216 1490 2.
1263 1459 1358 1490 Libri
1392 1457 1509 1490 ἀδικοῖ
1531 1456 1550 1500 ἡ

211 1503 296 1547 αι’τή
326 1510 456 1547 plaeter
486 1505 576 1537 Flor.
607 1516 639 1536 x.
650 1530 657 1544 ,

690 1506 747 1546 qui
772 1505 874 1536 h1bet
898 1502 1030 1542 ἀδικοῖ,
1064 1502 1106 1535 αὐ
1113 1502 1148 1546 τὴ
1173 1517 1200 1535 κ.
1228 1516 1250 1535 τ.
1277 1506 1302 1535 λ.

1351 1505 1441 1535 Dein
1473 1508 1551 1535 ante

210 1550 293 1584 660¹..-
319 1551 443 1592 aliquis
468 1550 650 1582 articulum
676 1548 695 1592 ἡ
720 1551 881 1589 inseruit3
909 1550 967 1581 sed
991 1561 1022 1581 v.
1047 1550 1089 1581 ad
1113 1550 1211 1591 Apol.
1237 1560 1267 1591 p.
1293 1548 1346 1583 24.
1373 1550 1409 1583 Β,

275 1597 312 1628 Ε.
363 1596 429 1628 καὶ
456 1594 696 1628 ἀδικοῦντα
721 1594 771 1638 μὴ
797 1595 871 1627 διδ.
900 1595 950 1637 δ.]
986 1593 1161 1626 ἀδικοῦντι
1187 1595 1272 1626 Ven.
1301 1594 1338 1625 Σ.
1371 1595 1448 1626 Par.
1474 1594 1553 1626 CV.

211 1720 242 1751 p.
277 1708 353 1742 320.
391 1710 430 1740 Α.
485 1710 764 1741 Bornemann.
805 1707 848 1739 ad

210 1755 366 1796 Xenoph.
405 1754 555 1786 Anabas.
603 1765 634 1796 p.
676 1752 740 1785 126
779 1764 847 1794 seq.

210 1800 360 1831 Matth.
392 1800 420 1838 ἓ.
453 1798 528 1831 298.
581 1800 699 1840 Neque
732 1800 848 1830 Latini

210 1846 274 1876 hae
321 1846 460 1876 lieentia
504 1844 758 1882 abstinuerunt,
808 1844 847 1875 de

210 1890 334 1932 quibus
355 1902 386 1922 v.
407 1891 588 1922 G10n0v
610 1895 643 1920 et
663 1891 720 1921 D1
728 1890 777 1920 21<
787 1901 848 1921 en-

211 1936 354 1967 boreh.
379 1935 421 1966 ad
445 1936 521 1967 Liv.
546 1936 572 1974 Ι,
596 1934 648 1967 50.
674 1939 758 1966 extr.

257 1981 293 2012 C.
357 1979 399 2012 ἐν
442 1979 567 2021 ται’τῃ
616 1983 659 2022 τῆ
704 1977 845 2021 πόλει]

211 2037 317 2067 quae
343 2030 470 2057 autea
496 2027 525 2064 ἐ.
551 2026 847 2057 ss.1nen101ata

210 2077 282 2103 est.
316 2082 347 2103 ν.
373 2071 415 2103 ad
440 2082 471 2112 p.
496 2070 574 2103 468.
597 2071 635 2101 Ε.
683 2072 765 2102 Mox
787 2067 845 2102 οὐ·

212 2116 283 2149 δεὶ.»Ἰ
301 2119 431 2158 χαίρων
455 2114 609 2158 ἀδικήσει
634 2121 699 2147 est:
727 2126 845 2146 nemo

212 2164 381 2203 impune
422 2161 575 2193 laedet.
630 2162 681 2192 Ita
715 2163 847 2201 χαίρων

210 2218 342 2248 semper
372 2212 448 2249 post
478 2207 695 2248 negationem
729 2211 787 2237 aut
811 2207 845 2236 in

211 2259 356 2294 negante
370 2253 634 2294 interrogatione
653 2257 846 2293 usurpatur.

212 2298 298 2329 conf.
331 2297 617 2338 Aristophan.
652 2297 735 2327 th.
770 2295 846 2328 563.

213 2344 334 2384 Vespp.
356 2341 430 2375 186.
454 2343 543 2374 Plut.
560 2341 612 2374 64.
639 2342 845 2383 Thesmoph.

212 2387 286 2419 726.
312 2388 433 2428 Soph.
459 2387 541 2419 Oed.
560 2388 599 2418 T.
622 2386 697 2419 363.
730 2389 846 2428 Antig.

212 2432 286 2465 758.
311 2433 456 2474 Eurip.
484 2433 590 2464 Orest.
618 2431 713 2464 1609.
740 2433 782 2463 al.
815 2443 844 2462 V.

213 2480 340 2519 Toup.
374 2478 415 2508 ad
450 2478 594 2518 Longin.
623 2488 647 2507 e.
675 2476 725 2509 16.
761 2478 790 2516 ἕ.
815 2476 846 2508 3.

214 2524 390 2555 Coraeni
430 2522 534 2553 scribi
572 2521 744 2554 iubentem
776 2522 844 2554 καὶ

216 2571 372 2600 τοῦτον
411 2565 565 2599 οὐδεὶς
605 2579 630 2607 χ.
672 2565 732 2598 α’δ.
776 2567 846 2598 noli

212 2613 340 2645 audire.
387 2612 501 2644 Habet
530 2613 618 2643 enim
651 2613 735 2644 haee
768 2623 848 2644 ana-

213 2659 319 2700 phora
358 2669 433 2689 oum
467 2657 631 2698 asyndoto
666 2659 847 2689 coniuncta

214 2705 326 2735 nescio
352 2703 432 2744 quid
458 2703 644 2745 gravitatis.

962 1708 1004 1738 D.
1052 1706 1174 1749 αὕτη,
1209 1705 1260 1740 οἷς
1287 1707 1448 1743 ἔοικεν,
1483 1704 1550 1738 αὖ·

919 1756 969 1795 τῷ
994 1750 1096 1785 ὁδοίΊ
1122 1751 1257 1794 ἐστιν]
1283 1764 1317 1783 so
1335 1753 1376 1783 ist
1400 1752 1552 1792 dieses,

917 1799 976 1829 wie
1000 1808 1032 1829 es
1056 1797 1191 1837 scheint,
1207 1798 1276 1840 fiir
1299 1797 1358 1829 ilm
1382 1797 1442 1829 der
1468 1797 1552 1839 IVey.

917 1844 1035 1884 Itaque
1067 1854 1252 1885 pronomen
1277 1843 1420 1874 subiecti
1444 1843 1552 1874 notio-

917 1899 995 1919 nem
1019 1889 1190 1927 eontinet,
1216 1885 1297 1920 ὁδός
1322 1893 1434 1919 autem
1458 1898 1552 1929 prae-

917 1934 1067 1965 dicatum
1100 1937 1167 1964 est:
1199 1934 1233 1963 in
1266 1943 1331 1974 quo
1364 1938 1551 1964 structurae

916 1990 1039 2020 genere
1055 1978 1220 2010 articulus
1236 1983 1314 2009 ante
1329 1989 1452 2009 nomen
1474 1977 1552 2009 sub-

916 2025 1101 2055 stantivum
1127 2024 1166 2055 de
1191 2035 1283 2055 more
1308 2024 1490 2063 omittitur3
1516 2025 1550 2054 in

916 2074 1067 2101 nostram
1099 2069 1282 2101 editionem
1306 2069 1371 2100 hoc
1394 2069 1468 2100 loeo
1493 2079 1552 2110 per

916 2126 1060 2146 errorem
1104 2116 1218 2146 neseio
1258 2124 1358 2155 quem
1397 2114 1549 2155 irrepsit3

916 2171 994 2192 nam
1012 2160 1090 2190 libri
1107 2170 1223 2191 onmes
1241 2170 1315 2190 eum
1341 2163 1431 2190 reete
1456 2160 1550 2190 omit-

915 2210 1001 2237 tunt.
1026 2206 1163 2238 Menon.
1188 2216 1220 2246 p.
1246 2204 1298 2236 71.
1322 2205 1367 2235 E:
1395 2202 1443 2235 ὅτι
1467 2202 1549 2246 αὕτη

916 2250 1012 2282 ἐστὶι·
1028 2247 1162 2290 ἀνδρὸς
1179 2248 1294 2291 ἀρετή,
1314 2249 1392 2280 dass
1414 2249 1551 2280 dieses

915 2296 971 2328 cles
1012 2296 1156 2327 Μαήηεε
1193 2293 1333 2335 Tuyend
1366 2294 1550 2325 ist.1bid.

915 2352 945 2382 p.
965 2340 1015 2373 75.
1035 2341 1079 2371 B:
1107 2341 1190 2371 ἐστω
1207 2338 1270 2381 γὰρ
1292 2336 1333 2380 δὴ
1351 2336 1432 2381 ἡιιῖι
1453 2343 1550 2370 τοῦτο

914 2385 1032 2428 χρῆμα.
1059 2386 1212 2427 Sympos.
1230 2395 1261 2426 p.
1279 2383 1353 2415 179.
1368 2384 1413 2416 C:
1433 2382 1548 2424 εὐαρι-

915 2431 1060 2473 *τμήτοις
1099 2429 1141 2472 δή
1178 2440 1265 2460 τισιι
1296 2428 1422 2460 ε’δοσαν
1454 2429 1550 2461 τοῦτο

915 2476 1017 2518 γέρας
1042 2475 1076 2506 οἱ
1095 2476 1185 2506 θεοί.
1219 2474 1319 2516 Apol.
1340 2475 1430 2506 Socr.
1448 2485 1480 2515 p.
1495 2473 1547 2506 24.

916 2522 961 2552 Β;
1000 2519 1083 2561 αὕτη
1118 2520 1202 2551 ἔστω
1238 2517 1338 2561 ι”καιὴ
1375 2518 1549 2561 ἀπολογια.

916 2567 1056 2606 Infrap.
1068 2563 1143 2596 527.
1163 2566 1204 2596 D.
1229 2566 1270 2596 ef.
1296 2565 1413 2596 Rost.
1442 2566 1470 2603 ἓ.
1497 2563 1549 2595 98
1568 2581 1572 2583 -

916 2616 1030 2642 annot.
1055 2609 1086 2641 8.
1115 2614 1149 2641 et
1173 2614 1288 2641 annot.
1312 2609 1354 2641 ad
1380 2609 1549 2641 Phaedon

978 2655 1031 2688 97.
1063 2656 1102 2686 A.
1139 2674 1181 2677 —
1220 2656 1303 2687 Mox
1335 2655 1470 2686 dativus
1507 2653 1550 2685 m}

915 2668 1062 2741 gemam]
1088 2700 1211 2741 pendet
1235 2711 1254 2731 a
1280 2705 1346 2732 τοῖς
1371 2697 1495 2732 αὐτοῖς.
