<?xml version="1.0" encoding="UTF-8"?>
<!DOCTYPE html PUBLIC "-//W3C//DTD XHTML 1.0 Transitional//EN"
    "http://www.w3.org/TR/xhtml1/DTD/xhtml1-transitional.dtd">
<html xmlns="http://www.w3.org/1999/xhtml" xml:lang="en" lang="en">
 <head>
  <title>
</title>
<meta http-equiv="Content-Type" content="text/html;charset=utf-8" />
  <meta name='ocr-system' content='tesseract 3.04.00' />
  <meta name='ocr-capabilities' content='ocr_page ocr_carea ocr_par ocr_line ocrx_word'/>
</head>
<body>
  <div class='ocr_page' id='page_1' title='image "./n1operaomniarecens04platuoft/n1operaomniarecens04platuoft_0441.png"; bbox 0 0 1687 2969; ppageno 0'>
   <div class='ocr_carea' id='block_1_1' title="bbox 447 188 1445 228">
    <p class='ocr_par' dir='ltr' id='par_1_1' title="bbox 447 188 1445 228">
     <span class='ocr_line' id='line_1_1' title="bbox 447 188 1445 228; baseline -0.002 0"><span class='ocrx_word' id='word_1_1' title='bbox 447 191 520 228; x_wconf 91' lang='lat' dir='ltr'>AD</span> <span class='ocrx_word' id='word_1_2' title='bbox 551 188 795 228; x_wconf 84' lang='lat' dir='ltr'>GORGIAM</span> <span class='ocrx_word' id='word_1_3' title='bbox 824 189 1094 227; x_wconf 80' lang='lat' dir='ltr'>PLATONIS.</span> <span class='ocrx_word' id='word_1_4' title='bbox 1394 192 1445 226; x_wconf 83' lang='lat'>49</span> 
     </span>
    </p>
   </div>
   <div class='ocr_carea' id='block_1_2' title="bbox 48 301 1448 2767">
    <p class='ocr_par' dir='ltr' id='par_1_2' title="bbox 91 301 1448 1141">
     <span class='ocr_line' id='line_1_2' title="bbox 91 301 1448 351; baseline -0.002 -11"><span class='ocrx_word' id='word_1_5' title='bbox 91 302 165 340; x_wconf 89' lang='lat' dir='ltr'>etsi</span> <span class='ocrx_word' id='word_1_6' title='bbox 192 302 287 339; x_wconf 89' lang='lat' dir='ltr'>haec</span> <span class='ocrx_word' id='word_1_7' title='bbox 315 303 588 351; x_wconf 76' lang='lat' dir='ltr'>disputationis</span> <span class='ocrx_word' id='word_1_8' title='bbox 617 302 807 351; x_wconf 89' lang='lat' dir='ltr'>particula</span> <span class='ocrx_word' id='word_1_9' title='bbox 836 301 1009 350; x_wconf 77' lang='lat' dir='ltr'>proxime</span> <span class='ocrx_word' id='word_1_10' title='bbox 1041 301 1244 339; x_wconf 88' lang='lat' dir='ltr'>coniuncta</span> <span class='ocrx_word' id='word_1_11' title='bbox 1273 304 1332 338; x_wconf 89' lang='lat' dir='ltr'>est</span> <span class='ocrx_word' id='word_1_12' title='bbox 1361 312 1448 337; x_wconf 77' lang='lat' dir='ltr'>cuin</span> 
     </span>
     <span class='ocr_line' id='line_1_3' title="bbox 92 357 1444 409; baseline -0.001 -14"><span class='ocrx_word' id='word_1_13' title='bbox 92 371 168 395; x_wconf 93' lang='lat' dir='ltr'>uno</span> <span class='ocrx_word' id='word_1_14' title='bbox 199 359 364 396; x_wconf 81' lang='lat' dir='ltr'>maxime</span> <span class='ocrx_word' id='word_1_15' title='bbox 395 359 583 409; x_wconf 89' lang='lat' dir='ltr'>colloquio</span> <span class='ocrx_word' id='word_1_16' title='bbox 613 358 714 396; x_wconf 87' lang='lat' dir='ltr'>inter</span> <span class='ocrx_word' id='word_1_17' title='bbox 744 358 940 395; x_wconf 73' lang='lat' dir='ltr'>Socratem</span> <span class='ocrx_word' id='word_1_18' title='bbox 970 364 1008 395; x_wconf 87' lang='lat' dir='ltr'>et</span> <span class='ocrx_word' id='word_1_19' title='bbox 1038 358 1234 395; x_wconf 78' lang='lat' dir='ltr'>Calliclem</span> <span class='ocrx_word' id='word_1_20' title='bbox 1253 357 1444 403; x_wconf 87' lang='lat' dir='ltr'>instituto,</span> 
     </span>
     <span class='ocr_line' id='line_1_4' title="bbox 92 413 1445 464; baseline -0.001 -13"><span class='ocrx_word' id='word_1_21' title='bbox 92 418 222 452; x_wconf 88' lang='lat' dir='ltr'>tamen</span> <span class='ocrx_word' id='word_1_22' title='bbox 261 415 378 452; x_wconf 89' lang='lat' dir='ltr'>etiam</span> <span class='ocrx_word' id='word_1_23' title='bbox 416 415 599 452; x_wconf 90' lang='lat' dir='ltr'>sermonis</span> <span class='ocrx_word' id='word_1_24' title='bbox 640 427 726 451; x_wconf 88' lang='lat' dir='ltr'>eum</span> <span class='ocrx_word' id='word_1_25' title='bbox 767 414 909 461; x_wconf 81' lang='lat' dir='ltr'>Gorgia</span> <span class='ocrx_word' id='word_1_26' title='bbox 947 419 1063 464; x_wconf 82' lang='lat' dir='ltr'>atque</span> <span class='ocrx_word' id='word_1_27' title='bbox 1093 415 1185 451; x_wconf 90' lang='lat' dir='ltr'>Polo</span> <span class='ocrx_word' id='word_1_28' title='bbox 1225 413 1347 451; x_wconf 88' lang='lat' dir='ltr'>habiti</span> <span class='ocrx_word' id='word_1_29' title='bbox 1386 426 1445 450; x_wconf 88' lang='lat' dir='ltr'>ra-</span> 
     </span>
     <span class='ocr_line' id='line_1_5' title="bbox 92 470 1445 520; baseline -0.001 -12"><span class='ocrx_word' id='word_1_30' title='bbox 92 471 237 508; x_wconf 89' lang='lat' dir='ltr'>tionem</span> <span class='ocrx_word' id='word_1_31' title='bbox 266 472 354 508; x_wconf 88' lang='lat' dir='ltr'>duci</span> <span class='ocrx_word' id='word_1_32' title='bbox 392 471 578 520; x_wconf 83' lang='lat' dir='ltr'>imprimis</span> <span class='ocrx_word' id='word_1_33' title='bbox 619 484 668 508; x_wconf 85' lang='lat' dir='ltr'>ex</span> <span class='ocrx_word' id='word_1_34' title='bbox 709 484 752 508; x_wconf 88' lang='lat' dir='ltr'>eo</span> <span class='ocrx_word' id='word_1_35' title='bbox 790 470 1038 507; x_wconf 83' lang='lat' dir='ltr'>manifestum</span> <span class='ocrx_word' id='word_1_36' title='bbox 1077 470 1138 516; x_wconf 86' lang='lat' dir='ltr'>fit,</span> <span class='ocrx_word' id='word_1_37' title='bbox 1178 471 1280 520; x_wconf 88' lang='lat' dir='ltr'>quod</span> <span class='ocrx_word' id='word_1_38' title='bbox 1319 471 1445 507; x_wconf 87' lang='lat' dir='ltr'>denuo</span> 
     </span>
     <span class='ocr_line' id='line_1_6' title="bbox 92 526 1445 577; baseline -0.001 -13"><span class='ocrx_word' id='word_1_39' title='bbox 92 527 274 565; x_wconf 80' lang='lat' dir='ltr'>scientiae</span> <span class='ocrx_word' id='word_1_40' title='bbox 305 528 351 564; x_wconf 89' lang='lat' dir='ltr'>ad</span> <span class='ocrx_word' id='word_1_41' title='bbox 382 532 504 565; x_wconf 85' lang='lat' dir='ltr'>artem</span> <span class='ocrx_word' id='word_1_42' title='bbox 533 527 737 565; x_wconf 88' lang='lat' dir='ltr'>oratoriam</span> <span class='ocrx_word' id='word_1_43' title='bbox 767 526 1002 563; x_wconf 79' lang='lat' dir='ltr'>necessariae</span> <span class='ocrx_word' id='word_1_44' title='bbox 1038 526 1182 564; x_wconf 86' lang='lat' dir='ltr'>mentio</span> <span class='ocrx_word' id='word_1_45' title='bbox 1212 527 1274 573; x_wconf 82' lang='lat' dir='ltr'>fit,</span> <span class='ocrx_word' id='word_1_46' title='bbox 1316 540 1338 563; x_wconf 90' lang='lat' dir='ltr'>a</span> <span class='ocrx_word' id='word_1_47' title='bbox 1368 539 1445 577; x_wconf 86' lang='lat' dir='ltr'>qua</span> 
     </span>
     <span class='ocr_line' id='line_1_7' title="bbox 92 582 1444 632; baseline -0.001 -12"><span class='ocrx_word' id='word_1_48' title='bbox 92 584 215 632; x_wconf 85' lang='lat' dir='ltr'>prima</span> <span class='ocrx_word' id='word_1_49' title='bbox 252 588 360 632; x_wconf 91' lang='lat' dir='ltr'>parte</span> <span class='ocrx_word' id='word_1_50' title='bbox 401 584 523 621; x_wconf 78' lang='lat' dir='ltr'>omnis</span> <span class='ocrx_word' id='word_1_51' title='bbox 563 597 700 621; x_wconf 86' lang='lat' dir='ltr'>exorsa</span> <span class='ocrx_word' id='word_1_52' title='bbox 739 588 797 620; x_wconf 85' lang='lat' dir='ltr'>est</span> <span class='ocrx_word' id='word_1_53' title='bbox 836 582 1065 631; x_wconf 86' lang='lat' dir='ltr'>disputatiO,</span> <span class='ocrx_word' id='word_1_54' title='bbox 1106 586 1222 632; x_wconf 87' lang='lat' dir='ltr'>atque</span> <span class='ocrx_word' id='word_1_55' title='bbox 1260 583 1444 632; x_wconf 85' lang='lat' dir='ltr'>potentia,</span> 
     </span>
     <span class='ocr_line' id='line_1_8' title="bbox 92 639 1444 690; baseline -0.001 -14"><span class='ocrx_word' id='word_1_56' title='bbox 92 653 207 690; x_wconf 89' lang='lat' dir='ltr'>quam</span> <span class='ocrx_word' id='word_1_57' title='bbox 236 653 330 678; x_wconf 84' lang='lat' dir='ltr'>vera</span> <span class='ocrx_word' id='word_1_58' title='bbox 358 653 418 677; x_wconf 90' lang='lat' dir='ltr'>ars</span> <span class='ocrx_word' id='word_1_59' title='bbox 459 640 580 678; x_wconf 80' lang='lat' dir='ltr'>civilis</span> <span class='ocrx_word' id='word_1_60' title='bbox 612 641 770 685; x_wconf 88' lang='lat' dir='ltr'>habeat,</span> <span class='ocrx_word' id='word_1_61' title='bbox 812 639 952 689; x_wconf 89' lang='lat' dir='ltr'>quippe</span> <span class='ocrx_word' id='word_1_62' title='bbox 983 652 1102 689; x_wconf 90' lang='lat' dir='ltr'>quum</span> <span class='ocrx_word' id='word_1_63' title='bbox 1142 640 1189 676; x_wconf 91' lang='lat' dir='ltr'>ad</span> <span class='ocrx_word' id='word_1_64' title='bbox 1219 643 1444 688; x_wconf 88' lang='lat' dir='ltr'>perpetuam</span> 
     </span>
     <span class='ocr_line' id='line_1_9' title="bbox 93 695 1444 745; baseline -0.001 -12"><span class='ocrx_word' id='word_1_65' title='bbox 93 708 137 733; x_wconf 86' lang='lat' dir='ltr'>ac</span> <span class='ocrx_word' id='word_1_66' title='bbox 166 696 438 745; x_wconf 86' lang='lat' dir='ltr'>sempiternam</span> <span class='ocrx_word' id='word_1_67' title='bbox 467 696 691 734; x_wconf 77' lang='lat' dir='ltr'>felicitatem</span> <span class='ocrx_word' id='word_1_68' title='bbox 719 695 927 745; x_wconf 83' lang='lat' dir='ltr'>plurimum</span> <span class='ocrx_word' id='word_1_69' title='bbox 957 696 1086 732; x_wconf 71' lang='lat' dir='ltr'>valere</span> <span class='ocrx_word' id='word_1_70' title='bbox 1116 695 1325 740; x_wconf 88' lang='lat' dir='ltr'>iudicetur,</span> <span class='ocrx_word' id='word_1_71' title='bbox 1366 708 1444 731; x_wconf 89' lang='lat' dir='ltr'>non</span> 
     </span>
     <span class='ocr_line' id='line_1_10' title="bbox 92 751 1443 800; baseline -0.001 -11"><span class='ocrx_word' id='word_1_72' title='bbox 92 753 202 789; x_wconf 88' lang='lat' dir='ltr'>modo</span> <span class='ocrx_word' id='word_1_73' title='bbox 232 752 409 798; x_wconf 85' lang='lat' dir='ltr'>Calliclis,</span> <span class='ocrx_word' id='word_1_74' title='bbox 449 754 515 790; x_wconf 91' lang='lat' dir='ltr'>sed</span> <span class='ocrx_word' id='word_1_75' title='bbox 544 753 711 790; x_wconf 80' lang='lat' dir='ltr'>maxime</span> <span class='ocrx_word' id='word_1_76' title='bbox 751 752 868 789; x_wconf 88' lang='lat' dir='ltr'>etiam</span> <span class='ocrx_word' id='word_1_77' title='bbox 897 751 981 788; x_wconf 89' lang='lat' dir='ltr'>Poli</span> <span class='ocrx_word' id='word_1_78' title='bbox 1020 752 1066 788; x_wconf 88' lang='lat' dir='ltr'>de</span> <span class='ocrx_word' id='word_1_79' title='bbox 1095 751 1168 788; x_wconf 88' lang='lat' dir='ltr'>hac</span> <span class='ocrx_word' id='word_1_80' title='bbox 1195 764 1235 788; x_wconf 91' lang='lat' dir='ltr'>re</span> <span class='ocrx_word' id='word_1_81' title='bbox 1275 751 1443 800; x_wconf 89' lang='lat' dir='ltr'>opinioni</span> 
     </span>
     <span class='ocr_line' id='line_1_11' title="bbox 91 807 1442 859; baseline -0.001 -14"><span class='ocrx_word' id='word_1_82' title='bbox 91 821 111 845; x_wconf 89' lang='grc'>0</span> <span class='ocrx_word' id='word_1_83' title='bbox 139 808 294 856; x_wconf 85' lang='lat' dir='ltr'>regione</span> <span class='ocrx_word' id='word_1_84' title='bbox 324 809 489 858; x_wconf 88' lang='lat' dir='ltr'>ponitur.</span> <span class='ocrx_word' id='word_1_85' title='bbox 550 810 613 846; x_wconf 88' lang='lat' dir='ltr'>Ex</span> <span class='ocrx_word' id='word_1_86' title='bbox 642 822 717 859; x_wconf 88' lang='lat' dir='ltr'>qno</span> <span class='ocrx_word' id='word_1_87' title='bbox 746 809 915 857; x_wconf 87' lang='lat' dir='ltr'>profecto</span> <span class='ocrx_word' id='word_1_88' title='bbox 945 808 1059 845; x_wconf 86' lang='lat' dir='ltr'>debet</span> <span class='ocrx_word' id='word_1_89' title='bbox 1087 821 1170 844; x_wconf 90' lang='lat' dir='ltr'>esse</span> <span class='ocrx_word' id='word_1_90' title='bbox 1198 807 1442 856; x_wconf 90' lang='lat' dir='ltr'>perspicuum</span> 
     </span>
     <span class='ocr_line' id='line_1_12' title="bbox 91 864 1444 913; baseline -0.001 -11"><span class='ocrx_word' id='word_1_91' title='bbox 91 865 283 913; x_wconf 83' lang='lat' dir='ltr'>pertinere</span> <span class='ocrx_word' id='word_1_92' title='bbox 321 865 421 902; x_wconf 87' lang='lat' dir='ltr'>hanc</span> <span class='ocrx_word' id='word_1_93' title='bbox 468 865 652 903; x_wconf 91' lang='lat' dir='ltr'>sermonis</span> <span class='ocrx_word' id='word_1_94' title='bbox 701 865 982 902; x_wconf 81' lang='lat' dir='ltr'>conclusionem</span> <span class='ocrx_word' id='word_1_95' title='bbox 1029 864 1183 901; x_wconf 91' lang='lat' dir='ltr'>omnino</span> <span class='ocrx_word' id='word_1_96' title='bbox 1232 865 1279 900; x_wconf 87' lang='lat' dir='ltr'>ad</span> <span class='ocrx_word' id='word_1_97' title='bbox 1318 868 1444 901; x_wconf 88' lang='lat' dir='ltr'>totum</span> 
     </span>
     <span class='ocr_line' id='line_1_13' title="bbox 92 920 1440 972; baseline -0.001 -15"><span class='ocrx_word' id='word_1_98' title='bbox 92 921 332 972; x_wconf 84' lang='lat' dir='ltr'>colloquium,</span> <span class='ocrx_word' id='word_1_99' title='bbox 362 922 474 972; x_wconf 87' lang='lat' dir='ltr'>quale</span> <span class='ocrx_word' id='word_1_100' title='bbox 505 923 552 959; x_wconf 90' lang='lat' dir='ltr'>ab</span> <span class='ocrx_word' id='word_1_101' title='bbox 582 921 692 959; x_wconf 89' lang='lat' dir='ltr'>initio</span> <span class='ocrx_word' id='word_1_102' title='bbox 722 921 904 969; x_wconf 88' lang='lat' dir='ltr'>legimus,</span> <span class='ocrx_word' id='word_1_103' title='bbox 946 934 1071 971; x_wconf 81' lang='lat' dir='ltr'>neque</span> <span class='ocrx_word' id='word_1_104' title='bbox 1112 924 1259 969; x_wconf 87' lang='lat' dir='ltr'>partem</span> <span class='ocrx_word' id='word_1_105' title='bbox 1299 920 1440 967; x_wconf 80' lang='lat' dir='ltr'>dialogi</span> 
     </span>
     <span class='ocr_line' id='line_1_14' title="bbox 91 977 1442 1028; baseline -0.001 -14"><span class='ocrx_word' id='word_1_106' title='bbox 91 990 186 1024; x_wconf 90' lang='lat' dir='ltr'>eam,</span> <span class='ocrx_word' id='word_1_107' title='bbox 217 990 294 1028; x_wconf 88' lang='lat' dir='ltr'>qua</span> <span class='ocrx_word' id='word_1_108' title='bbox 314 978 488 1016; x_wconf 85' lang='lat' dir='ltr'>Socrates</span> <span class='ocrx_word' id='word_1_109' title='bbox 518 991 604 1015; x_wconf 81' lang='lat' dir='ltr'>cuin</span> <span class='ocrx_word' id='word_1_110' title='bbox 625 978 766 1025; x_wconf 83' lang='lat' dir='ltr'>Gorgia</span> <span class='ocrx_word' id='word_1_111' title='bbox 796 978 842 1014; x_wconf 86' lang='lat' dir='ltr'>de</span> <span class='ocrx_word' id='word_1_112' title='bbox 864 982 1002 1015; x_wconf 86' lang='lat' dir='ltr'>natura</span> <span class='ocrx_word' id='word_1_113' title='bbox 1022 977 1230 1014; x_wconf 85' lang='lat' dir='ltr'>rhetorices</span> <span class='ocrx_word' id='word_1_114' title='bbox 1258 977 1442 1025; x_wconf 87' lang='lat' dir='ltr'>disputat,</span> 
     </span>
     <span class='ocr_line' id='line_1_15' title="bbox 91 1033 1443 1084; baseline -0.001 -14"><span class='ocrx_word' id='word_1_115' title='bbox 91 1046 178 1071; x_wconf 90' lang='lat' dir='ltr'>cum</span> <span class='ocrx_word' id='word_1_116' title='bbox 206 1034 425 1072; x_wconf 80' lang='lat' dir='ltr'>novissimis</span> <span class='ocrx_word' id='word_1_117' title='bbox 455 1034 595 1072; x_wconf 89' lang='lat' dir='ltr'>criticis</span> <span class='ocrx_word' id='word_1_118' title='bbox 624 1039 821 1084; x_wconf 84' lang='lat' dir='ltr'>tamquam</span> <span class='ocrx_word' id='word_1_119' title='bbox 857 1047 923 1083; x_wconf 87' lang='lat' dir='ltr'>pro</span> <span class='ocrx_word' id='word_1_120' title='bbox 953 1033 1236 1071; x_wconf 83' lang='lat' dir='ltr'>introductione</span> <span class='ocrx_word' id='word_1_121' title='bbox 1277 1033 1443 1083; x_wconf 89' lang='lat' dir='ltr'>quadam</span> 
     </span>
     <span class='ocr_line' id='line_1_16' title="bbox 91 1090 1148 1141; baseline 0 -15"><span class='ocrx_word' id='word_1_122' title='bbox 91 1090 307 1128; x_wconf 85' lang='lat' dir='ltr'>habendam</span> <span class='ocrx_word' id='word_1_123' title='bbox 336 1103 429 1136; x_wconf 88' lang='lat' dir='ltr'>esse,</span> <span class='ocrx_word' id='word_1_124' title='bbox 460 1103 535 1141; x_wconf 89' lang='lat' dir='ltr'>qua</span> <span class='ocrx_word' id='word_1_125' title='bbox 563 1090 721 1141; x_wconf 87' lang='lat' dir='ltr'>reliquis</span> <span class='ocrx_word' id='word_1_126' title='bbox 752 1090 861 1140; x_wconf 85' lang='lat' dir='ltr'>quasi</span> <span class='ocrx_word' id='word_1_127' title='bbox 891 1090 1148 1139; x_wconf 83' lang='lat' dir='ltr'>praeludatur.</span> 
     </span>
    </p>

    <p class='ocr_par' dir='ltr' id='par_1_3' title="bbox 89 1146 1441 1759">
     <span class='ocr_line' id='line_1_17' title="bbox 177 1146 1440 1197; baseline -0.002 -13"><span class='ocrx_word' id='word_1_128' title='bbox 177 1147 252 1184; x_wconf 86' lang='lat' dir='ltr'>Sed</span> <span class='ocrx_word' id='word_1_129' title='bbox 279 1147 375 1184; x_wconf 88' lang='lat' dir='ltr'>haec</span> <span class='ocrx_word' id='word_1_130' title='bbox 404 1146 558 1197; x_wconf 89' lang='lat' dir='ltr'>quidem</span> <span class='ocrx_word' id='word_1_131' title='bbox 598 1147 644 1184; x_wconf 91' lang='lat' dir='ltr'>de</span> <span class='ocrx_word' id='word_1_132' title='bbox 685 1147 745 1184; x_wconf 87' lang='lat' dir='ltr'>his</span> <span class='ocrx_word' id='word_1_133' title='bbox 784 1146 888 1183; x_wconf 85' lang='lat' dir='ltr'>satis.</span> <span class='ocrx_word' id='word_1_134' title='bbox 947 1147 1084 1184; x_wconf 79' lang='lat' dir='ltr'>Restat</span> <span class='ocrx_word' id='word_1_135' title='bbox 1125 1150 1168 1183; x_wconf 89' lang='lat' dir='ltr'>ut</span> <span class='ocrx_word' id='word_1_136' title='bbox 1207 1146 1440 1182; x_wconf 87' lang='lat' dir='ltr'>monendum</span> 
     </span>
     <span class='ocr_line' id='line_1_18' title="bbox 90 1202 1441 1252; baseline -0.001 -12"><span class='ocrx_word' id='word_1_137' title='bbox 90 1202 141 1240; x_wconf 83' lang='lat' dir='ltr'>sit</span> <span class='ocrx_word' id='word_1_138' title='bbox 169 1203 216 1240; x_wconf 90' lang='lat' dir='ltr'>de</span> <span class='ocrx_word' id='word_1_139' title='bbox 259 1203 463 1252; x_wconf 86' lang='lat' dir='ltr'>epilogo</span> <span class='ocrx_word' id='word_1_140' title='bbox 501 1203 552 1252; x_wconf 93' lang='lat' dir='ltr'>(p.</span> <span class='ocrx_word' id='word_1_141' title='bbox 586 1204 677 1240; x_wconf 82' lang='lat'>527.</span> <span class='ocrx_word' id='word_1_142' title='bbox 708 1204 747 1240; x_wconf 82' lang='lat' dir='ltr'>C.</span> <span class='ocrx_word' id='word_1_143' title='bbox 777 1224 834 1228; x_wconf 91' lang='lat'>—</span> <span class='ocrx_word' id='word_1_144' title='bbox 862 1202 935 1249; x_wconf 88' lang='lat' dir='ltr'>E.).</span> <span class='ocrx_word' id='word_1_145' title='bbox 994 1204 1034 1239; x_wconf 89' lang='lat' dir='ltr'>Is</span> <span class='ocrx_word' id='word_1_146' title='bbox 1062 1215 1153 1240; x_wconf 73' lang='lat' dir='ltr'>vero</span> <span class='ocrx_word' id='word_1_147' title='bbox 1183 1207 1222 1239; x_wconf 90' lang='lat' dir='ltr'>et</span> <span class='ocrx_word' id='word_1_148' title='bbox 1251 1202 1441 1240; x_wconf 85' lang='lat' dir='ltr'>brevitate</span> 
     </span>
     <span class='ocr_line' id='line_1_19' title="bbox 91 1258 1440 1308; baseline -0.001 -13"><span class='ocrx_word' id='word_1_149' title='bbox 91 1263 130 1296; x_wconf 89' lang='lat' dir='ltr'>et</span> <span class='ocrx_word' id='word_1_150' title='bbox 159 1259 403 1308; x_wconf 84' lang='lat' dir='ltr'>simplicitate</span> <span class='ocrx_word' id='word_1_151' title='bbox 433 1272 502 1296; x_wconf 88' lang='lat' dir='ltr'>sua</span> <span class='ocrx_word' id='word_1_152' title='bbox 530 1272 685 1308; x_wconf 90' lang='lat' dir='ltr'>prorsus</span> <span class='ocrx_word' id='word_1_153' title='bbox 712 1259 874 1307; x_wconf 83' lang='lat' dir='ltr'>insignis</span> <span class='ocrx_word' id='word_1_154' title='bbox 904 1263 972 1304; x_wconf 86' lang='lat' dir='ltr'>est,</span> <span class='ocrx_word' id='word_1_155' title='bbox 1002 1264 1047 1296; x_wconf 88' lang='lat' dir='ltr'>ut</span> <span class='ocrx_word' id='word_1_156' title='bbox 1071 1271 1115 1295; x_wconf 91' lang='lat' dir='ltr'>eo</span> <span class='ocrx_word' id='word_1_157' title='bbox 1144 1258 1297 1295; x_wconf 90' lang='lat' dir='ltr'>nomine</span> <span class='ocrx_word' id='word_1_158' title='bbox 1326 1258 1440 1306; x_wconf 90' lang='lat' dir='ltr'>plane</span> 
     </span>
     <span class='ocr_line' id='line_1_20' title="bbox 89 1314 1440 1365; baseline -0.001 -14"><span class='ocrx_word' id='word_1_159' title='bbox 89 1316 319 1364; x_wconf 89' lang='lat' dir='ltr'>respondeat</span> <span class='ocrx_word' id='word_1_160' title='bbox 356 1315 511 1364; x_wconf 86' lang='lat' dir='ltr'>prologo</span> <span class='ocrx_word' id='word_1_161' title='bbox 558 1315 709 1363; x_wconf 88' lang='lat' dir='ltr'>dialogi.</span> <span class='ocrx_word' id='word_1_162' title='bbox 777 1314 907 1355; x_wconf 76' lang='lat' dir='ltr'>Quum</span> <span class='ocrx_word' id='word_1_163' title='bbox 953 1315 1055 1351; x_wconf 86' lang='lat' dir='ltr'>enim</span> <span class='ocrx_word' id='word_1_164' title='bbox 1102 1328 1227 1365; x_wconf 86' lang='lat' dir='ltr'>neque</span> <span class='ocrx_word' id='word_1_165' title='bbox 1266 1314 1440 1351; x_wconf 80' lang='lat' dir='ltr'>Callicles</span> 
     </span>
     <span class='ocr_line' id='line_1_21' title="bbox 90 1371 1439 1422; baseline -0.001 -14"><span class='ocrx_word' id='word_1_166' title='bbox 90 1384 216 1422; x_wconf 88' lang='lat' dir='ltr'>neque</span> <span class='ocrx_word' id='word_1_167' title='bbox 248 1371 364 1408; x_wconf 86' lang='lat' dir='ltr'>Polus</span> <span class='ocrx_word' id='word_1_168' title='bbox 393 1384 518 1422; x_wconf 90' lang='lat' dir='ltr'>neque</span> <span class='ocrx_word' id='word_1_169' title='bbox 548 1372 707 1419; x_wconf 87' lang='lat' dir='ltr'>Gorgias</span> <span class='ocrx_word' id='word_1_170' title='bbox 748 1371 944 1408; x_wconf 90' lang='lat' dir='ltr'>meliorem</span> <span class='ocrx_word' id='word_1_171' title='bbox 981 1371 1086 1408; x_wconf 84' lang='lat' dir='ltr'>vitae</span> <span class='ocrx_word' id='word_1_172' title='bbox 1115 1372 1213 1408; x_wconf 88' lang='lat' dir='ltr'>bene</span> <span class='ocrx_word' id='word_1_173' title='bbox 1252 1375 1291 1408; x_wconf 89' lang='lat' dir='ltr'>et</span> <span class='ocrx_word' id='word_1_174' title='bbox 1327 1371 1439 1407; x_wconf 87' lang='lat' dir='ltr'>beate</span> 
     </span>
     <span class='ocr_line' id='line_1_22' title="bbox 89 1427 1440 1477; baseline -0.001 -13"><span class='ocrx_word' id='word_1_175' title='bbox 89 1428 284 1476; x_wconf 88' lang='lat' dir='ltr'>degendae</span> <span class='ocrx_word' id='word_1_176' title='bbox 312 1427 501 1466; x_wconf 85' lang='lat' dir='ltr'>rationem</span> <span class='ocrx_word' id='word_1_177' title='bbox 531 1428 678 1465; x_wconf 87' lang='lat' dir='ltr'>Socrati</span> <span class='ocrx_word' id='word_1_178' title='bbox 706 1428 903 1476; x_wconf 86' lang='lat' dir='ltr'>potuerint</span> <span class='ocrx_word' id='word_1_179' title='bbox 930 1427 1098 1464; x_wconf 87' lang='lat' dir='ltr'>indicare</span> <span class='ocrx_word' id='word_1_180' title='bbox 1128 1440 1183 1473; x_wconf 88' lang='lat' dir='ltr'>ea,</span> <span class='ocrx_word' id='word_1_181' title='bbox 1214 1440 1330 1477; x_wconf 87' lang='lat' dir='ltr'>quam</span> <span class='ocrx_word' id='word_1_182' title='bbox 1358 1427 1440 1475; x_wconf 87' lang='lat' dir='ltr'>ipse</span> 
     </span>
     <span class='ocr_line' id='line_1_23' title="bbox 89 1484 1439 1534; baseline -0.001 -14"><span class='ocrx_word' id='word_1_183' title='bbox 89 1484 236 1522; x_wconf 81' lang='lat' dir='ltr'>fatetur</span> <span class='ocrx_word' id='word_1_184' title='bbox 263 1484 335 1522; x_wconf 90' lang='lat' dir='ltr'>sibi</span> <span class='ocrx_word' id='word_1_185' title='bbox 365 1497 514 1534; x_wconf 84' lang='lat' dir='ltr'>semper</span> <span class='ocrx_word' id='word_1_186' title='bbox 541 1485 739 1533; x_wconf 88' lang='lat' dir='ltr'>probatam</span> <span class='ocrx_word' id='word_1_187' title='bbox 770 1497 863 1530; x_wconf 83' lang='lat' dir='ltr'>esse,</span> <span class='ocrx_word' id='word_1_188' title='bbox 893 1485 993 1520; x_wconf 88' lang='lat' dir='ltr'>hanc</span> <span class='ocrx_word' id='word_1_189' title='bbox 1012 1496 1129 1520; x_wconf 88' lang='lat' dir='ltr'>unam</span> <span class='ocrx_word' id='word_1_190' title='bbox 1159 1487 1289 1520; x_wconf 86' lang='lat' dir='ltr'>censet</span> <span class='ocrx_word' id='word_1_191' title='bbox 1305 1487 1439 1520; x_wconf 88' lang='lat' dir='ltr'>tenen-</span> 
     </span>
     <span class='ocr_line' id='line_1_24' title="bbox 91 1540 1440 1591; baseline -0.001 -14"><span class='ocrx_word' id='word_1_192' title='bbox 91 1541 179 1577; x_wconf 86' lang='lat' dir='ltr'>dam</span> <span class='ocrx_word' id='word_1_193' title='bbox 209 1553 252 1578; x_wconf 86' lang='lat' dir='ltr'>ac</span> <span class='ocrx_word' id='word_1_194' title='bbox 281 1542 515 1591; x_wconf 87' lang='lat' dir='ltr'>sequendam</span> <span class='ocrx_word' id='word_1_195' title='bbox 544 1554 637 1587; x_wconf 89' lang='lat' dir='ltr'>esse,</span> <span class='ocrx_word' id='word_1_196' title='bbox 667 1553 736 1577; x_wconf 86' lang='lat' dir='ltr'>nec</span> <span class='ocrx_word' id='word_1_197' title='bbox 764 1553 855 1579; x_wconf 76' lang='lat' dir='ltr'>vero</span> <span class='ocrx_word' id='word_1_198' title='bbox 885 1540 1132 1586; x_wconf 89' lang='lat' dir='ltr'>contrariam,</span> <span class='ocrx_word' id='word_1_199' title='bbox 1171 1540 1312 1589; x_wconf 90' lang='lat' dir='ltr'>quippe</span> <span class='ocrx_word' id='word_1_200' title='bbox 1341 1552 1440 1589; x_wconf 88' lang='lat' dir='ltr'>quae</span> 
     </span>
     <span class='ocr_line' id='line_1_25' title="bbox 91 1595 1441 1647; baseline -0.001 -14"><span class='ocrx_word' id='word_1_201' title='bbox 91 1596 204 1633; x_wconf 83' lang='grc'><strong>11111111</strong></span> <span class='ocrx_word' id='word_1_202' title='bbox 241 1597 478 1635; x_wconf 87' lang='lat' dir='ltr'>aestimanda</span> <span class='ocrx_word' id='word_1_203' title='bbox 515 1597 652 1647; x_wconf 17' lang='lat' dir='ltr'>sitr(p.</span> <span class='ocrx_word' id='word_1_204' title='bbox 693 1600 783 1633; x_wconf 83' lang='lat'>526.</span> <span class='ocrx_word' id='word_1_205' title='bbox 823 1597 870 1633; x_wconf 91' lang='lat' dir='ltr'>D.</span> <span class='ocrx_word' id='word_1_206' title='bbox 902 1618 958 1623; x_wconf 87' lang='grc'>-</span> <span class='ocrx_word' id='word_1_207' title='bbox 998 1599 1089 1633; x_wconf 84' lang='grc'><strong>527.</strong></span> <span class='ocrx_word' id='word_1_208' title='bbox 1128 1595 1201 1643; x_wconf 70' lang='lat' dir='ltr'>E).</span> <span class='ocrx_word' id='word_1_209' title='bbox 1260 1595 1441 1632; x_wconf 84' lang='lat' dir='ltr'>Continet</span> 
     </span>
     <span class='ocr_line' id='line_1_26' title="bbox 92 1652 1439 1703; baseline -0.002 -13"><span class='ocrx_word' id='word_1_210' title='bbox 92 1653 212 1700; x_wconf 83' lang='lat' dir='ltr'>igitur</span> <span class='ocrx_word' id='word_1_211' title='bbox 250 1653 420 1702; x_wconf 88' lang='lat' dir='ltr'>epilogus</span> <span class='ocrx_word' id='word_1_212' title='bbox 458 1653 624 1703; x_wconf 88' lang='lat' dir='ltr'>denique</span> <span class='ocrx_word' id='word_1_213' title='bbox 661 1653 759 1689; x_wconf 89' lang='lat' dir='ltr'>nihil</span> <span class='ocrx_word' id='word_1_214' title='bbox 796 1653 871 1690; x_wconf 90' lang='lat' dir='ltr'>nisi</span> <span class='ocrx_word' id='word_1_215' title='bbox 900 1652 1267 1690; x_wconf 86' lang='lat' dir='ltr'>commendationem</span> <span class='ocrx_word' id='word_1_216' title='bbox 1297 1664 1439 1697; x_wconf 87' lang='lat' dir='ltr'>eorum,</span> 
     </span>
     <span class='ocr_line' id='line_1_27' title="bbox 93 1709 657 1759; baseline 0 -13"><span class='ocrx_word' id='word_1_217' title='bbox 93 1722 190 1759; x_wconf 92' lang='lat' dir='ltr'>quae</span> <span class='ocrx_word' id='word_1_218' title='bbox 219 1709 459 1758; x_wconf 88' lang='lat' dir='ltr'>philosophia</span> <span class='ocrx_word' id='word_1_219' title='bbox 487 1710 657 1746; x_wconf 88' lang='lat' dir='ltr'>suadeat.</span> 
     </span>
    </p>

    <p class='ocr_par' dir='ltr' id='par_1_4' title="bbox 91 1762 1441 2095">
     <span class='ocr_line' id='line_1_28' title="bbox 177 1762 1440 1814; baseline -0.004 -11"><span class='ocrx_word' id='word_1_220' title='bbox 177 1764 308 1805; x_wconf 79' lang='lat' dir='ltr'>Quum</span> <span class='ocrx_word' id='word_1_221' title='bbox 343 1765 463 1813; x_wconf 86' lang='lat' dir='ltr'>igitur</span> <span class='ocrx_word' id='word_1_222' title='bbox 500 1765 593 1803; x_wconf 85' lang='lat' dir='ltr'>satis</span> <span class='ocrx_word' id='word_1_223' title='bbox 631 1765 707 1802; x_wconf 88' lang='lat' dir='ltr'>iam</span> <span class='ocrx_word' id='word_1_224' title='bbox 747 1770 922 1814; x_wconf 88' lang='lat' dir='ltr'>apertum</span> <span class='ocrx_word' id='word_1_225' title='bbox 960 1765 1011 1802; x_wconf 91' lang='lat' dir='ltr'>sit</span> <span class='ocrx_word' id='word_1_226' title='bbox 1049 1764 1219 1811; x_wconf 89' lang='lat' dir='ltr'>singulas</span> <span class='ocrx_word' id='word_1_227' title='bbox 1261 1762 1440 1812; x_wconf 87' lang='lat' dir='ltr'>colloquii</span> 
     </span>
     <span class='ocr_line' id='line_1_29' title="bbox 92 1820 1439 1870; baseline -0.004 -11"><span class='ocrx_word' id='word_1_228' title='bbox 92 1824 220 1870; x_wconf 79' lang='lat' dir='ltr'>partes</span> <span class='ocrx_word' id='word_1_229' title='bbox 249 1822 322 1859; x_wconf 89' lang='lat' dir='ltr'>hac</span> <span class='ocrx_word' id='word_1_230' title='bbox 349 1822 498 1860; x_wconf 89' lang='lat' dir='ltr'>ratione</span> <span class='ocrx_word' id='word_1_231' title='bbox 527 1821 668 1870; x_wconf 90' lang='lat' dir='ltr'>optime</span> <span class='ocrx_word' id='word_1_232' title='bbox 698 1821 800 1859; x_wconf 87' lang='lat' dir='ltr'>inter</span> <span class='ocrx_word' id='word_1_233' title='bbox 827 1821 930 1870; x_wconf 89' lang='lat' dir='ltr'>ipsas</span> <span class='ocrx_word' id='word_1_234' title='bbox 951 1821 1153 1857; x_wconf 88' lang='lat' dir='ltr'>cohaerere</span> <span class='ocrx_word' id='word_1_235' title='bbox 1184 1824 1223 1857; x_wconf 90' lang='lat' dir='ltr'>et</span> <span class='ocrx_word' id='word_1_236' title='bbox 1252 1820 1299 1855; x_wconf 88' lang='lat' dir='ltr'>ad</span> <span class='ocrx_word' id='word_1_237' title='bbox 1318 1832 1439 1855; x_wconf 89' lang='lat' dir='ltr'>unum</span> 
     </span>
     <span class='ocr_line' id='line_1_30' title="bbox 93 1875 1439 1929; baseline -0.003 -14"><span class='ocrx_word' id='word_1_238' title='bbox 93 1878 333 1929; x_wconf 87' lang='lat' dir='ltr'>eundemque</span> <span class='ocrx_word' id='word_1_239' title='bbox 361 1879 478 1915; x_wconf 87' lang='lat' dir='ltr'>finem</span> <span class='ocrx_word' id='word_1_240' title='bbox 497 1878 724 1927; x_wconf 89' lang='lat' dir='ltr'>conspirare,</span> <span class='ocrx_word' id='word_1_241' title='bbox 755 1878 846 1928; x_wconf 91' lang='lat' dir='ltr'>quid</span> <span class='ocrx_word' id='word_1_242' title='bbox 867 1877 928 1923; x_wconf 88' lang='lat' dir='ltr'>sit,</span> <span class='ocrx_word' id='word_1_243' title='bbox 959 1878 1006 1914; x_wconf 90' lang='lat' dir='ltr'>ad</span> <span class='ocrx_word' id='word_1_244' title='bbox 1038 1877 1140 1927; x_wconf 91' lang='lat' dir='ltr'>quod</span> <span class='ocrx_word' id='word_1_245' title='bbox 1168 1875 1290 1912; x_wconf 89' lang='lat' dir='ltr'>omnis</span> <span class='ocrx_word' id='word_1_246' title='bbox 1310 1875 1439 1923; x_wconf 86' lang='lat' dir='ltr'>dispu-</span> 
     </span>
     <span class='ocr_line' id='line_1_31' title="bbox 91 1932 1441 1985; baseline -0.003 -14"><span class='ocrx_word' id='word_1_247' title='bbox 91 1934 189 1971; x_wconf 87' lang='lat' dir='ltr'>tatio</span> <span class='ocrx_word' id='word_1_248' title='bbox 227 1934 392 1985; x_wconf 90' lang='lat' dir='ltr'>denique</span> <span class='ocrx_word' id='word_1_249' title='bbox 430 1935 641 1984; x_wconf 88' lang='lat' dir='ltr'>pertineat,</span> <span class='ocrx_word' id='word_1_250' title='bbox 681 1934 790 1971; x_wconf 91' lang='lat' dir='ltr'>nobis</span> <span class='ocrx_word' id='word_1_251' title='bbox 819 1932 974 1984; x_wconf 82' lang='lat' dir='ltr'>quidem</span> <span class='ocrx_word' id='word_1_252' title='bbox 1012 1932 1218 1970; x_wconf 82' lang='lat' dir='ltr'>clarissime</span> <span class='ocrx_word' id='word_1_253' title='bbox 1258 1944 1441 1980; x_wconf 88' lang='lat' dir='ltr'>apparere</span> 
     </span>
     <span class='ocr_line' id='line_1_32' title="bbox 93 1987 1440 2041; baseline -0.004 -13"><span class='ocrx_word' id='word_1_254' title='bbox 93 1989 256 2037; x_wconf 77' lang='lat' dir='ltr'>videtur,</span> <span class='ocrx_word' id='word_1_255' title='bbox 285 2004 411 2041; x_wconf 89' lang='lat' dir='ltr'>neque</span> <span class='ocrx_word' id='word_1_256' title='bbox 439 1990 517 2028; x_wconf 89' lang='lat' dir='ltr'>iam</span> <span class='ocrx_word' id='word_1_257' title='bbox 536 2004 632 2040; x_wconf 91' lang='lat' dir='ltr'>opus</span> <span class='ocrx_word' id='word_1_258' title='bbox 652 1994 721 2036; x_wconf 89' lang='lat' dir='ltr'>est,</span> <span class='ocrx_word' id='word_1_259' title='bbox 752 1993 795 2027; x_wconf 87' lang='lat' dir='ltr'>ut</span> <span class='ocrx_word' id='word_1_260' title='bbox 824 1990 987 2027; x_wconf 88' lang='lat' dir='ltr'>aliorum</span> <span class='ocrx_word' id='word_1_261' title='bbox 1016 1990 1062 2027; x_wconf 92' lang='lat' dir='ltr'>de</span> <span class='ocrx_word' id='word_1_262' title='bbox 1082 1990 1155 2026; x_wconf 89' lang='lat' dir='ltr'>hac</span> <span class='ocrx_word' id='word_1_263' title='bbox 1183 2001 1223 2025; x_wconf 93' lang='lat' dir='ltr'>re</span> <span class='ocrx_word' id='word_1_264' title='bbox 1244 1987 1440 2037; x_wconf 87' lang='lat' dir='ltr'>opiniones</span> 
     </span>
     <span class='ocr_line' id='line_1_33' title="bbox 93 2046 920 2095; baseline -0.001 -12"><span class='ocrx_word' id='word_1_265' title='bbox 93 2059 210 2095; x_wconf 88' lang='lat' dir='ltr'>supra</span> <span class='ocrx_word' id='word_1_266' title='bbox 237 2047 360 2085; x_wconf 87' lang='lat' dir='ltr'>obiter</span> <span class='ocrx_word' id='word_1_267' title='bbox 387 2051 616 2085; x_wconf 88' lang='lat' dir='ltr'>memoratas</span> <span class='ocrx_word' id='word_1_268' title='bbox 645 2046 920 2084; x_wconf 80' lang='lat' dir='ltr'>examinemus.</span> 
     </span>
    </p>

    <p class='ocr_par' dir='ltr' id='par_1_5' title="bbox 48 2098 1446 2767">
     <span class='ocr_line' id='line_1_34' title="bbox 179 2098 1439 2153; baseline -0.007 -10"><span class='ocrx_word' id='word_1_269' title='bbox 179 2101 291 2143; x_wconf 82' lang='lat' dir='ltr'>Quod</span> <span class='ocrx_word' id='word_1_270' title='bbox 327 2106 457 2141; x_wconf 89' lang='lat' dir='ltr'>autem</span> <span class='ocrx_word' id='word_1_271' title='bbox 495 2103 536 2140; x_wconf 88' lang='lat' dir='ltr'>in</span> <span class='ocrx_word' id='word_1_272' title='bbox 571 2103 763 2153; x_wconf 88' lang='lat' dir='ltr'>plerisque</span> <span class='ocrx_word' id='word_1_273' title='bbox 802 2102 909 2139; x_wconf 90' lang='lat' dir='ltr'>libris</span> <span class='ocrx_word' id='word_1_274' title='bbox 938 2101 1110 2139; x_wconf 88' lang='lat' dir='ltr'>Platonis</span> <span class='ocrx_word' id='word_1_275' title='bbox 1151 2100 1327 2136; x_wconf 89' lang='lat' dir='ltr'>omnibus</span> <span class='ocrx_word' id='word_1_276' title='bbox 1356 2098 1439 2136; x_wconf 89' lang='lat' dir='ltr'>fieri</span> 
     </span>
     <span class='ocr_line' id='line_1_35' title="bbox 93 2157 1439 2208; baseline -0.002 -14"><span class='ocrx_word' id='word_1_277' title='bbox 93 2159 200 2205; x_wconf 91' lang='lat' dir='ltr'>solet,</span> <span class='ocrx_word' id='word_1_278' title='bbox 229 2162 274 2197; x_wconf 90' lang='lat' dir='ltr'>ut</span> <span class='ocrx_word' id='word_1_279' title='bbox 302 2172 389 2196; x_wconf 90' lang='lat' dir='ltr'>cum</span> <span class='ocrx_word' id='word_1_280' title='bbox 417 2159 588 2208; x_wconf 72' lang='lat' dir='ltr'>principe</span> <span class='ocrx_word' id='word_1_281' title='bbox 616 2158 875 2208; x_wconf 86' lang='lat' dir='ltr'>disputatione</span> <span class='ocrx_word' id='word_1_282' title='bbox 905 2158 981 2195; x_wconf 86' lang='lat' dir='ltr'>alia</span> <span class='ocrx_word' id='word_1_283' title='bbox 1009 2157 1125 2195; x_wconf 85' lang='lat' dir='ltr'>etiam</span> <span class='ocrx_word' id='word_1_284' title='bbox 1150 2160 1439 2199; x_wconf 87' lang='lat' dir='ltr'>connectantur,</span> 
     </span>
     <span class='ocr_line' id='line_1_36' title="bbox 93 2212 1442 2265; baseline -0.004 -13"><span class='ocrx_word' id='word_1_285' title='bbox 93 2227 192 2264; x_wconf 85' lang='lat' dir='ltr'>quae</span> <span class='ocrx_word' id='word_1_286' title='bbox 222 2216 332 2265; x_wconf 88' lang='lat' dir='ltr'>quasi</span> <span class='ocrx_word' id='word_1_287' title='bbox 360 2215 584 2253; x_wconf 85' lang='lat' dir='ltr'>secundaria</span> <span class='ocrx_word' id='word_1_288' title='bbox 603 2228 717 2264; x_wconf 88' lang='lat' dir='ltr'>opera</span> <span class='ocrx_word' id='word_1_289' title='bbox 743 2215 995 2263; x_wconf 80' lang='lat' dir='ltr'>explicentur,</span> <span class='ocrx_word' id='word_1_290' title='bbox 1024 2213 1127 2249; x_wconf 89' lang='lat' dir='ltr'>idem</span> <span class='ocrx_word' id='word_1_291' title='bbox 1155 2212 1271 2250; x_wconf 90' lang='lat' dir='ltr'>etiam</span> <span class='ocrx_word' id='word_1_292' title='bbox 1301 2212 1341 2247; x_wconf 92' lang='lat' dir='ltr'>in</span> <span class='ocrx_word' id='word_1_293' title='bbox 1370 2212 1442 2247; x_wconf 90' lang='lat' dir='ltr'>hoc</span> 
     </span>
     <span class='ocr_line' id='line_1_37' title="bbox 48 2268 1440 2320; baseline -0.002 -13"><span class='ocrx_word' id='word_1_294' title='bbox 48 2313 53 2318; x_wconf 21' lang='grc' dir='ltr'>ἱ</span> <span class='ocrx_word' id='word_1_295' title='bbox 94 2283 277 2318; x_wconf 86' lang='lat' dir='ltr'>sermone,</span> <span class='ocrx_word' id='word_1_296' title='bbox 307 2272 524 2320; x_wconf 85' lang='lat' dir='ltr'>argumenti</span> <span class='ocrx_word' id='word_1_297' title='bbox 551 2271 739 2310; x_wconf 84' lang='lat' dir='ltr'>varietate</span> <span class='ocrx_word' id='word_1_298' title='bbox 770 2283 956 2320; x_wconf 88' lang='lat' dir='ltr'>perquam</span> <span class='ocrx_word' id='word_1_299' title='bbox 985 2269 1138 2317; x_wconf 86' lang='lat' dir='ltr'>insigni,</span> <span class='ocrx_word' id='word_1_300' title='bbox 1166 2269 1292 2305; x_wconf 89' lang='lat' dir='ltr'>locum</span> <span class='ocrx_word' id='word_1_301' title='bbox 1311 2268 1440 2305; x_wconf 90' lang='lat' dir='ltr'>habet.</span> 
     </span>
     <span class='ocr_line' id='line_1_38' title="bbox 95 2326 1442 2377; baseline -0.003 -14"><span class='ocrx_word' id='word_1_302' title='bbox 95 2326 181 2364; x_wconf 90' lang='lat' dir='ltr'>Etsi</span> <span class='ocrx_word' id='word_1_303' title='bbox 219 2327 322 2365; x_wconf 89' lang='lat' dir='ltr'>enim</span> <span class='ocrx_word' id='word_1_304' title='bbox 358 2329 534 2377; x_wconf 87' lang='lat' dir='ltr'>princeps</span> <span class='ocrx_word' id='word_1_305' title='bbox 573 2327 783 2377; x_wconf 88' lang='lat' dir='ltr'>disputatio</span> <span class='ocrx_word' id='word_1_306' title='bbox 821 2327 861 2363; x_wconf 87' lang='lat' dir='ltr'>in</span> <span class='ocrx_word' id='word_1_307' title='bbox 900 2339 944 2363; x_wconf 93' lang='lat' dir='ltr'>eo</span> <span class='ocrx_word' id='word_1_308' title='bbox 983 2330 1178 2371; x_wconf 83' lang='lat' dir='ltr'>versatur,</span> <span class='ocrx_word' id='word_1_309' title='bbox 1228 2328 1272 2362; x_wconf 92' lang='lat' dir='ltr'>ut</span> <span class='ocrx_word' id='word_1_310' title='bbox 1320 2328 1442 2361; x_wconf 87' lang='lat' dir='ltr'>artem</span> 
     </span>
     <span class='ocr_line' id='line_1_39' title="bbox 95 2379 1442 2434; baseline -0.003 -15"><span class='ocrx_word' id='word_1_311' title='bbox 95 2382 323 2420; x_wconf 87' lang='lat' dir='ltr'>rhetoricam</span> <span class='ocrx_word' id='word_1_312' title='bbox 352 2389 391 2422; x_wconf 91' lang='lat' dir='ltr'>et</span> <span class='ocrx_word' id='word_1_313' title='bbox 420 2384 592 2430; x_wconf 76' lang='lat' dir='ltr'>civilem,</span> <span class='ocrx_word' id='word_1_314' title='bbox 622 2383 745 2434; x_wconf 88' lang='lat' dir='ltr'>qualis</span> <span class='ocrx_word' id='word_1_315' title='bbox 774 2383 841 2420; x_wconf 86' lang='lat' dir='ltr'>illa</span> <span class='ocrx_word' id='word_1_316' title='bbox 873 2386 998 2420; x_wconf 87' lang='lat' dir='ltr'>aetate</span> <span class='ocrx_word' id='word_1_317' title='bbox 1026 2382 1230 2429; x_wconf 85' lang='lat' dir='ltr'>regnabat,</span> <span class='ocrx_word' id='word_1_318' title='bbox 1269 2379 1442 2417; x_wconf 85' lang='lat' dir='ltr'>reiicien-</span> 
     </span>
     <span class='ocr_line' id='line_1_40' title="bbox 96 2436 1442 2489; baseline -0.001 -15"><span class='ocrx_word' id='word_1_319' title='bbox 96 2439 185 2475; x_wconf 88' lang='lat' dir='ltr'>dam</span> <span class='ocrx_word' id='word_1_320' title='bbox 214 2443 253 2477; x_wconf 90' lang='lat' dir='ltr'>et</span> <span class='ocrx_word' id='word_1_321' title='bbox 281 2441 329 2477; x_wconf 85' lang='lat' dir='ltr'>ad</span> <span class='ocrx_word' id='word_1_322' title='bbox 355 2440 616 2489; x_wconf 87' lang='lat' dir='ltr'>philosophiae</span> <span class='ocrx_word' id='word_1_323' title='bbox 645 2439 833 2477; x_wconf 89' lang='lat' dir='ltr'>rationem</span> <span class='ocrx_word' id='word_1_324' title='bbox 862 2438 1138 2475; x_wconf 87' lang='lat' dir='ltr'>aestimandam</span> <span class='ocrx_word' id='word_1_325' title='bbox 1169 2440 1207 2474; x_wconf 91' lang='lat' dir='ltr'>et</span> <span class='ocrx_word' id='word_1_326' title='bbox 1236 2436 1442 2474; x_wconf 73' lang='lat' dir='ltr'>vindicatis</span> 
     </span>
     <span class='ocr_line' id='line_1_41' title="bbox 97 2493 1443 2546; baseline -0.001 -16"><span class='ocrx_word' id='word_1_327' title='bbox 97 2495 194 2531; x_wconf 87' lang='lat' dir='ltr'>bene</span> <span class='ocrx_word' id='word_1_328' title='bbox 222 2495 458 2546; x_wconf 88' lang='lat' dir='ltr'>honesteque</span> <span class='ocrx_word' id='word_1_329' title='bbox 487 2495 645 2534; x_wconf 81' lang='lat' dir='ltr'>vivendi</span> <span class='ocrx_word' id='word_1_330' title='bbox 673 2495 822 2543; x_wconf 89' lang='lat' dir='ltr'>legibus</span> <span class='ocrx_word' id='word_1_331' title='bbox 851 2495 1104 2532; x_wconf 82' lang='lat' dir='ltr'>revocandam</span> <span class='ocrx_word' id='word_1_332' title='bbox 1141 2506 1223 2530; x_wconf 90' lang='lat' dir='ltr'>esse</span> <span class='ocrx_word' id='word_1_333' title='bbox 1252 2493 1443 2537; x_wconf 87' lang='lat' dir='ltr'>doceatur,</span> 
     </span>
     <span class='ocr_line' id='line_1_42' title="bbox 96 2549 1443 2602; baseline -0.001 -16"><span class='ocrx_word' id='word_1_334' title='bbox 96 2554 226 2587; x_wconf 89' lang='lat' dir='ltr'>tamen</span> <span class='ocrx_word' id='word_1_335' title='bbox 255 2563 342 2588; x_wconf 88' lang='lat' dir='ltr'>cum</span> <span class='ocrx_word' id='word_1_336' title='bbox 370 2564 416 2589; x_wconf 87' lang='lat' dir='ltr'>ea</span> <span class='ocrx_word' id='word_1_337' title='bbox 441 2552 570 2602; x_wconf 87' lang='lat' dir='ltr'>plures</span> <span class='ocrx_word' id='word_1_338' title='bbox 601 2551 697 2588; x_wconf 88' lang='lat' dir='ltr'>aliae</span> <span class='ocrx_word' id='word_1_339' title='bbox 717 2550 961 2601; x_wconf 87' lang='lat' dir='ltr'>quaestiones</span> <span class='ocrx_word' id='word_1_340' title='bbox 991 2554 1093 2587; x_wconf 85' lang='lat' dir='ltr'>arcte</span> <span class='ocrx_word' id='word_1_341' title='bbox 1112 2549 1311 2598; x_wconf 86' lang='lat' dir='ltr'>copulatae</span> <span class='ocrx_word' id='word_1_342' title='bbox 1341 2551 1443 2593; x_wconf 87' lang='lat' dir='ltr'>sunt,</span> 
     </span>
     <span class='ocr_line' id='line_1_43' title="bbox 96 2604 1444 2657; baseline -0.002 -15"><span class='ocrx_word' id='word_1_343' title='bbox 96 2618 194 2655; x_wconf 90' lang='lat' dir='ltr'>quae</span> <span class='ocrx_word' id='word_1_344' title='bbox 238 2606 413 2644; x_wconf 88' lang='lat' dir='ltr'>uberiore</span> <span class='ocrx_word' id='word_1_345' title='bbox 451 2608 706 2657; x_wconf 90' lang='lat' dir='ltr'>explicatione</span> <span class='ocrx_word' id='word_1_346' title='bbox 751 2606 888 2654; x_wconf 88' lang='lat' dir='ltr'>dignae</span> <span class='ocrx_word' id='word_1_347' title='bbox 932 2606 1175 2652; x_wconf 88' lang='lat' dir='ltr'>viderentur,</span> <span class='ocrx_word' id='word_1_348' title='bbox 1226 2604 1349 2642; x_wconf 85' lang='lat' dir='ltr'>veluti</span> <span class='ocrx_word' id='word_1_349' title='bbox 1397 2604 1444 2640; x_wconf 91' lang='lat' dir='ltr'>de</span> 
     </span>
     <span class='ocr_line' id='line_1_44' title="bbox 95 2659 1442 2714; baseline -0.003 -15"><span class='ocrx_word' id='word_1_350' title='bbox 95 2675 271 2711; x_wconf 87' lang='lat' dir='ltr'>supremo</span> <span class='ocrx_word' id='word_1_351' title='bbox 300 2663 556 2714; x_wconf 83' lang='lat' dir='ltr'>humanarum</span> <span class='ocrx_word' id='word_1_352' title='bbox 585 2664 779 2700; x_wconf 89' lang='lat' dir='ltr'>actionum</span> <span class='ocrx_word' id='word_1_353' title='bbox 806 2663 904 2708; x_wconf 89' lang='lat' dir='ltr'>fine,</span> <span class='ocrx_word' id='word_1_354' title='bbox 935 2663 981 2699; x_wconf 92' lang='lat' dir='ltr'>de</span> <span class='ocrx_word' id='word_1_355' title='bbox 1010 2662 1104 2700; x_wconf 89' lang='lat' dir='ltr'>iusti</span> <span class='ocrx_word' id='word_1_356' title='bbox 1133 2665 1173 2699; x_wconf 86' lang='lat' dir='ltr'>et</span> <span class='ocrx_word' id='word_1_357' title='bbox 1199 2660 1358 2697; x_wconf 87' lang='lat' dir='ltr'>iucundi</span> <span class='ocrx_word' id='word_1_358' title='bbox 1386 2659 1442 2696; x_wconf 87' lang='lat' dir='ltr'>di-</span> 
     </span>
     <span class='ocr_line' id='line_1_45' title="bbox 97 2715 1446 2767; baseline -0.004 -11"><span class='ocrx_word' id='word_1_359' title='bbox 97 2718 299 2765; x_wconf 82' lang='lat' dir='ltr'>versitate,</span> <span class='ocrx_word' id='word_1_360' title='bbox 338 2719 384 2756; x_wconf 88' lang='lat' dir='ltr'>de</span> <span class='ocrx_word' id='word_1_361' title='bbox 422 2719 496 2757; x_wconf 83' lang='lat' dir='ltr'>viri</span> <span class='ocrx_word' id='word_1_362' title='bbox 532 2720 623 2757; x_wconf 90' lang='lat' dir='ltr'>boni</span> <span class='ocrx_word' id='word_1_363' title='bbox 663 2724 701 2757; x_wconf 90' lang='lat' dir='ltr'>et</span> <span class='ocrx_word' id='word_1_364' title='bbox 730 2718 882 2756; x_wconf 86' lang='lat' dir='ltr'>honesti</span> <span class='ocrx_word' id='word_1_365' title='bbox 921 2718 961 2755; x_wconf 90' lang='lat' dir='ltr'>in</span> <span class='ocrx_word' id='word_1_366' title='bbox 990 2717 1225 2767; x_wconf 85' lang='lat' dir='ltr'>perferendis</span> <span class='ocrx_word' id='word_1_367' title='bbox 1264 2715 1374 2752; x_wconf 88' lang='lat' dir='ltr'>malis</span> <span class='ocrx_word' id='word_1_368' title='bbox 1406 2719 1446 2752; x_wconf 89' lang='lat' dir='ltr'>et</span> 
     </span>
    </p>
   </div>
   <div class='ocr_carea' id='block_1_3' title="bbox 161 2791 1183 2825">
    <p class='ocr_par' dir='ltr' id='par_1_6' title="bbox 161 2791 1183 2825">
     <span class='ocr_line' id='line_1_46' title="bbox 161 2791 1183 2825; baseline 0.006 -7"><span class='ocrx_word' id='word_1_369' title='bbox 161 2794 233 2819; x_wconf 74' lang='lat' dir='ltr'>Plat.</span> <span class='ocrx_word' id='word_1_370' title='bbox 253 2793 324 2825; x_wconf 80' lang='lat' dir='ltr'>Opp.</span> <span class='ocrx_word' id='word_1_371' title='bbox 343 2794 405 2820; x_wconf 84' lang='lat' dir='ltr'>voi.</span> <span class='ocrx_word' id='word_1_372' title='bbox 424 2794 459 2819; x_wconf 92' lang='lat'>11.</span> <span class='ocrx_word' id='word_1_373' title='bbox 480 2793 554 2820; x_wconf 71' lang='lat' dir='ltr'>Sene.</span> <span class='ocrx_word' id='word_1_374' title='bbox 575 2795 599 2819; x_wconf 94' lang='lat'>1.</span> <span class='ocrx_word' id='word_1_375' title='bbox 1161 2791 1183 2824; x_wconf 88' lang='lat'><strong>4</strong></span> 
     </span>
    </p>
   </div>
  </div>
 </body>
</html>
