<?xml version="1.0" encoding="UTF-8"?>
<!DOCTYPE html PUBLIC "-//W3C//DTD XHTML 1.0 Transitional//EN"
    "http://www.w3.org/TR/xhtml1/DTD/xhtml1-transitional.dtd">
<html xmlns="http://www.w3.org/1999/xhtml" xml:lang="en" lang="en">
 <head>
  <title>
</title>
<meta http-equiv="Content-Type" content="text/html;charset=utf-8" />
  <meta name='ocr-system' content='tesseract 3.04.00' />
  <meta name='ocr-capabilities' content='ocr_page ocr_carea ocr_par ocr_line ocrx_word'/>
</head>
<body>
  <div class='ocr_page' id='page_1' title='image "./n1operaomniarecens04platuoft/n1operaomniarecens04platuoft_0141.png"; bbox 0 0 1687 2969; ppageno 0'>
   <div class='ocr_carea' id='block_1_1' title="bbox 592 137 937 176">
    <p class='ocr_par' dir='ltr' id='par_1_1' title="bbox 592 137 937 176">
     <span class='ocr_line' id='line_1_1' title="bbox 592 137 937 176; baseline 0 0"><span class='ocrx_word' id='word_1_1' title='bbox 592 157 633 163; x_wconf 92' lang='lat'><em>—</em></span> <span class='ocrx_word' id='word_1_2' title='bbox 707 137 817 176; x_wconf 83' lang='lat' dir='ltr'>GXXV</span> <span class='ocrx_word' id='word_1_3' title='bbox 896 158 937 162; x_wconf 82' lang='lat'>—</span> 
     </span>
    </p>
   </div>
   <div class='ocr_carea' id='block_1_2' title="bbox 82 249 1434 2754">
    <p class='ocr_par' dir='ltr' id='par_1_2' title="bbox 82 249 1434 2071">
     <span class='ocr_line' id='line_1_2' title="bbox 89 249 1430 307; baseline -0.001 -13"><span class='ocrx_word' id='word_1_4' title='bbox 89 251 348 305; x_wconf 84' lang='lat' dir='ltr'>desiderari,</span> <span class='ocrx_word' id='word_1_5' title='bbox 401 249 748 306; x_wconf 85' lang='lat' dir='ltr'>quandoquidem</span> <span class='ocrx_word' id='word_1_6' title='bbox 790 250 948 307; x_wconf 77' lang='lat' dir='ltr'>Lysias</span> <span class='ocrx_word' id='word_1_7' title='bbox 988 251 1163 292; x_wconf 78' lang='lat' dir='ltr'>omnino</span> <span class='ocrx_word' id='word_1_8' title='bbox 1202 251 1300 292; x_wconf 84' lang='lat' dir='ltr'>talis</span> <span class='ocrx_word' id='word_1_9' title='bbox 1332 250 1430 304; x_wconf 82' lang='lat' dir='ltr'>fuit,</span> 
     </span>
     <span class='ocr_line' id='line_1_3' title="bbox 89 307 1430 364; baseline -0.001 -13"><span class='ocrx_word' id='word_1_10' title='bbox 89 309 257 364; x_wconf 86' lang='lat' dir='ltr'>qualem</span> <span class='ocrx_word' id='word_1_11' title='bbox 296 308 382 350; x_wconf 85' lang='lat' dir='ltr'>iam</span> <span class='ocrx_word' id='word_1_12' title='bbox 419 314 586 349; x_wconf 85' lang='lat' dir='ltr'>veteres</span> <span class='ocrx_word' id='word_1_13' title='bbox 630 307 976 364; x_wconf 84' lang='lat' dir='ltr'>descripserunt,</span> <span class='ocrx_word' id='word_1_14' title='bbox 1023 308 1191 350; x_wconf 87' lang='lat' dir='ltr'>subtilis</span> <span class='ocrx_word' id='word_1_15' title='bbox 1241 307 1430 364; x_wconf 82' lang='lat' dir='ltr'>quidem,</span> 
     </span>
     <span class='ocr_line' id='line_1_4' title="bbox 86 363 1431 422; baseline -0.001 -15"><span class='ocrx_word' id='word_1_16' title='bbox 86 365 357 422; x_wconf 83' lang='lat' dir='ltr'>perspicuus,</span> <span class='ocrx_word' id='word_1_17' title='bbox 386 371 543 418; x_wconf 87' lang='lat' dir='ltr'>tersus,</span> <span class='ocrx_word' id='word_1_18' title='bbox 585 364 757 420; x_wconf 82' lang='lat' dir='ltr'>elegans</span> <span class='ocrx_word' id='word_1_19' title='bbox 788 373 832 406; x_wconf 87' lang='lat' dir='ltr'>et</span> <span class='ocrx_word' id='word_1_20' title='bbox 860 363 1066 417; x_wconf 84' lang='lat' dir='ltr'>urbanus,</span> <span class='ocrx_word' id='word_1_21' title='bbox 1099 364 1176 405; x_wconf 84' lang='lat' dir='ltr'>sed</span> <span class='ocrx_word' id='word_1_22' title='bbox 1207 365 1320 407; x_wconf 87' lang='lat' dir='ltr'>idem</span> <span class='ocrx_word' id='word_1_23' title='bbox 1355 364 1431 406; x_wconf 85' lang='lat' dir='ltr'>mi-</span> 
     </span>
     <span class='ocr_line' id='line_1_5' title="bbox 87 421 1432 479; baseline -0.001 -15"><span class='ocrx_word' id='word_1_24' title='bbox 87 437 168 464; x_wconf 91' lang='lat' dir='ltr'>nus</span> <span class='ocrx_word' id='word_1_25' title='bbox 199 422 359 479; x_wconf 85' lang='lat' dir='ltr'>gravis,</span> <span class='ocrx_word' id='word_1_26' title='bbox 391 422 562 463; x_wconf 89' lang='lat' dir='ltr'>ieiunus</span> <span class='ocrx_word' id='word_1_27' title='bbox 594 436 722 477; x_wconf 82' lang='lat' dir='ltr'>saepe</span> <span class='ocrx_word' id='word_1_28' title='bbox 755 427 885 476; x_wconf 84' lang='lat' dir='ltr'>atque</span> <span class='ocrx_word' id='word_1_29' title='bbox 917 421 1031 463; x_wconf 86' lang='lat' dir='ltr'>iusto</span> <span class='ocrx_word' id='word_1_30' title='bbox 1053 421 1239 475; x_wconf 76' lang='lat' dir='ltr'>tenuior,</span> <span class='ocrx_word' id='word_1_31' title='bbox 1271 422 1315 463; x_wconf 88' lang='lat' dir='ltr'>in</span> <span class='ocrx_word' id='word_1_32' title='bbox 1345 437 1432 476; x_wconf 88' lang='lat' dir='ltr'>quo</span> 
     </span>
     <span class='ocr_line' id='line_1_6' title="bbox 87 476 1431 534; baseline 0 -14"><span class='ocrx_word' id='word_1_33' title='bbox 87 478 272 521; x_wconf 83' lang='lat' dir='ltr'>subinde</span> <span class='ocrx_word' id='word_1_34' title='bbox 316 479 445 521; x_wconf 86' lang='lat' dir='ltr'>etiam</span> <span class='ocrx_word' id='word_1_35' title='bbox 485 477 770 533; x_wconf 86' lang='lat' dir='ltr'>sophisticum</span> <span class='ocrx_word' id='word_1_36' title='bbox 819 476 1024 533; x_wconf 84' lang='lat' dir='ltr'>quiddam</span> <span class='ocrx_word' id='word_1_37' title='bbox 1073 478 1262 534; x_wconf 77' lang='lat' dir='ltr'>pellucet</span> <span class='ocrx_word' id='word_1_38' title='bbox 1299 484 1431 533; x_wconf 85' lang='lat' dir='ltr'>atque</span> 
     </span>
     <span class='ocr_line' id='line_1_7' title="bbox 85 534 1432 591; baseline 0 -15"><span class='ocrx_word' id='word_1_39' title='bbox 85 543 179 577; x_wconf 83' lang='lat' dir='ltr'>arte</span> <span class='ocrx_word' id='word_1_40' title='bbox 219 536 487 591; x_wconf 86' lang='lat' dir='ltr'>quaesitum,</span> <span class='ocrx_word' id='word_1_41' title='bbox 531 534 785 591; x_wconf 80' lang='lat' dir='ltr'>praesertim</span> <span class='ocrx_word' id='word_1_42' title='bbox 818 550 953 589; x_wconf 86' lang='lat' dir='ltr'>quum</span> <span class='ocrx_word' id='word_1_43' title='bbox 994 535 1122 576; x_wconf 75' lang='lat' dir='ltr'>etiam</span> <span class='ocrx_word' id='word_1_44' title='bbox 1152 534 1305 591; x_wconf 75' lang='lat' dir='ltr'>figuris</span> <span class='ocrx_word' id='word_1_45' title='bbox 1334 535 1432 576; x_wconf 89' lang='lat' dir='ltr'>rhe-</span> 
     </span>
     <span class='ocr_line' id='line_1_8' title="bbox 85 591 1431 646; baseline -0.001 -12"><span class='ocrx_word' id='word_1_46' title='bbox 85 593 236 635; x_wconf 87' lang='lat' dir='ltr'>toricis</span> <span class='ocrx_word' id='word_1_47' title='bbox 271 592 532 645; x_wconf 73' lang='lat' dir='ltr'>delectetur,</span> <span class='ocrx_word' id='word_1_48' title='bbox 567 591 724 646; x_wconf 90' lang='lat' dir='ltr'>quibus</span> <span class='ocrx_word' id='word_1_49' title='bbox 756 591 883 634; x_wconf 81' lang='lat' dir='ltr'>Plato</span> <span class='ocrx_word' id='word_1_50' title='bbox 915 607 1001 633; x_wconf 91' lang='lat' dir='ltr'>non</span> <span class='ocrx_word' id='word_1_51' title='bbox 1032 600 1183 646; x_wconf 83' lang='lat' dir='ltr'>artem,</span> <span class='ocrx_word' id='word_1_52' title='bbox 1218 592 1294 634; x_wconf 90' lang='lat' dir='ltr'>sed</span> <span class='ocrx_word' id='word_1_53' title='bbox 1324 593 1431 633; x_wconf 84' lang='lat' dir='ltr'>artis</span> 
     </span>
     <span class='ocr_line' id='line_1_9' title="bbox 85 647 1432 704; baseline -0.001 -13"><span class='ocrx_word' id='word_1_54' title='bbox 85 649 299 704; x_wconf 84' lang='lat' dir='ltr'>quaedam</span> <span class='ocrx_word' id='word_1_55' title='bbox 334 649 461 690; x_wconf 81' lang='lat' dir='ltr'>initia</span> <span class='ocrx_word' id='word_1_56' title='bbox 503 655 548 690; x_wconf 88' lang='lat' dir='ltr'>et</span> <span class='ocrx_word' id='word_1_57' title='bbox 599 647 847 690; x_wconf 79' lang='lat' dir='ltr'>rudimenta</span> <span class='ocrx_word' id='word_1_58' title='bbox 897 647 971 703; x_wconf 75' lang='grc' dir='ltr'>(τά</span> <span class='ocrx_word' id='word_1_59' title='bbox 1010 652 1095 702; x_wconf 69' lang='grc' dir='ltr'>πρὸ</span> <span class='ocrx_word' id='word_1_60' title='bbox 1136 650 1214 701; x_wconf 83' lang='grc' dir='ltr'>τῆς</span> <span class='ocrx_word' id='word_1_61' title='bbox 1257 650 1432 704; x_wconf 71' lang='grc' dir='ltr'>τέχνης)</span> 
     </span>
     <span class='ocr_line' id='line_1_10' title="bbox 84 705 1434 761; baseline -0.001 -13"><span class='ocrx_word' id='word_1_62' title='bbox 84 706 299 748; x_wconf 80' lang='lat' dir='ltr'>contineri</span> <span class='ocrx_word' id='word_1_63' title='bbox 347 707 599 748; x_wconf 78' lang='lat' dir='ltr'>arbitratur.</span> <span class='ocrx_word' id='word_1_64' title='bbox 679 705 750 747; x_wconf 89' lang='lat' dir='ltr'>De</span> <span class='ocrx_word' id='word_1_65' title='bbox 797 706 955 761; x_wconf 89' lang='lat' dir='ltr'>quibus</span> <span class='ocrx_word' id='word_1_66' title='bbox 1009 706 1209 747; x_wconf 85' lang='lat' dir='ltr'>omnibus</span> <span class='ocrx_word' id='word_1_67' title='bbox 1257 713 1434 761; x_wconf 86' lang='lat' dir='ltr'>praeter</span> 
     </span>
     <span class='ocr_line' id='line_1_11' title="bbox 83 761 1431 819; baseline 0 -14"><span class='ocrx_word' id='word_1_68' title='bbox 83 769 274 817; x_wconf 87' lang='lat' dir='ltr'>ceteros,</span> <span class='ocrx_word' id='word_1_69' title='bbox 313 778 500 818; x_wconf 89' lang='lat' dir='ltr'>quorum</span> <span class='ocrx_word' id='word_1_70' title='bbox 539 761 703 804; x_wconf 82' lang='lat' dir='ltr'>iudicia</span> <span class='ocrx_word' id='word_1_71' title='bbox 739 763 918 819; x_wconf 79' lang='lat' dir='ltr'>collegit</span> <span class='ocrx_word' id='word_1_72' title='bbox 957 763 1306 805; x_wconf 73' lang='lat' dir='ltr'>Holscherus</span> <span class='ocrx_word' id='word_1_73' title='bbox 1336 763 1431 806; x_wconf 78' lang='lat' dir='ltr'>Vit.</span> 
     </span>
     <span class='ocr_line' id='line_1_12' title="bbox 82 819 1432 877; baseline -0.001 -15"><span class='ocrx_word' id='word_1_74' title='bbox 82 820 189 877; x_wconf 75' lang='lat' dir='ltr'>Lys.</span> <span class='ocrx_word' id='word_1_75' title='bbox 230 835 274 875; x_wconf 88' lang='lat' dir='ltr'>p.</span> <span class='ocrx_word' id='word_1_76' title='bbox 321 821 389 862; x_wconf 84' lang='lat'>32.</span> <span class='ocrx_word' id='word_1_77' title='bbox 416 835 540 875; x_wconf 83' lang='lat' dir='ltr'>sqq.,</span> <span class='ocrx_word' id='word_1_78' title='bbox 581 835 715 860; x_wconf 86' lang='lat' dir='ltr'>unum</span> <span class='ocrx_word' id='word_1_79' title='bbox 752 820 945 862; x_wconf 86' lang='lat' dir='ltr'>sufficiet</span> <span class='ocrx_word' id='word_1_80' title='bbox 975 819 1192 862; x_wconf 82' lang='lat' dir='ltr'>audivisse</span> <span class='ocrx_word' id='word_1_81' title='bbox 1223 820 1432 873; x_wconf 86' lang='lat' dir='ltr'>Tullium,</span> 
     </span>
     <span class='ocr_line' id='line_1_13' title="bbox 85 875 1432 933; baseline -0.001 -15"><span class='ocrx_word' id='word_1_82' title='bbox 85 877 161 931; x_wconf 91' lang='lat' dir='ltr'>qui</span> <span class='ocrx_word' id='word_1_83' title='bbox 191 877 292 933; x_wconf 90' lang='lat' dir='ltr'>plus</span> <span class='ocrx_word' id='word_1_84' title='bbox 322 877 454 920; x_wconf 89' lang='lat' dir='ltr'>semel</span> <span class='ocrx_word' id='word_1_85' title='bbox 485 876 538 917; x_wconf 88' lang='lat' dir='ltr'>de</span> <span class='ocrx_word' id='word_1_86' title='bbox 569 876 708 933; x_wconf 73' lang='lat' dir='ltr'>Lysia</span> <span class='ocrx_word' id='word_1_87' title='bbox 737 877 873 918; x_wconf 83' lang='lat' dir='ltr'>verba</span> <span class='ocrx_word' id='word_1_88' title='bbox 903 877 1019 918; x_wconf 88' lang='lat' dir='ltr'>fecit.</span> <span class='ocrx_word' id='word_1_89' title='bbox 1080 877 1125 919; x_wconf 87' lang='lat' dir='ltr'>Is</span> <span class='ocrx_word' id='word_1_90' title='bbox 1143 877 1279 933; x_wconf 77' lang='lat' dir='ltr'>igitur</span> <span class='ocrx_word' id='word_1_91' title='bbox 1306 875 1432 918; x_wconf 84' lang='lat' dir='ltr'>Orat.</span> 
     </span>
     <span class='ocr_line' id='line_1_14' title="bbox 85 933 1433 990; baseline 0.001 -16"><span class='ocrx_word' id='word_1_92' title='bbox 85 948 121 974; x_wconf 89' lang='lat' dir='ltr'>c.</span> <span class='ocrx_word' id='word_1_93' title='bbox 145 935 238 990; x_wconf 67' lang='lat'>9.§.</span> <span class='ocrx_word' id='word_1_94' title='bbox 269 935 336 976; x_wconf 85' lang='lat'>30.</span> <span class='ocrx_word' id='word_1_95' title='bbox 367 949 484 975; x_wconf 90' lang='lat' dir='ltr'>nam</span> <span class='ocrx_word' id='word_1_96' title='bbox 513 934 605 988; x_wconf 90' lang='lat' dir='ltr'>qui</span> <span class='ocrx_word' id='word_1_97' title='bbox 637 933 866 990; x_wconf 73' lang='lat' dir='ltr'>Lysiam</span> <span class='ocrx_word' id='word_1_98' title='bbox 898 940 1236 988; x_wconf 86' lang='lat' dir='ltr'>sequuntur,</span> <span class='ocrx_word' id='word_1_99' title='bbox 1270 949 1433 976; x_wconf 80' lang='lat' dir='ltr'>caus-</span> 
     </span>
     <span class='ocr_line' id='line_1_15' title="bbox 84 989 1432 1045; baseline 0.001 -14"><span class='ocrx_word' id='word_1_100' title='bbox 84 990 323 1032; x_wconf 85' lang='lat' dir='ltr'>sidicum</span> <span class='ocrx_word' id='word_1_101' title='bbox 346 989 614 1045; x_wconf 83' lang='lat' dir='ltr'>quendam</span> <span class='ocrx_word' id='word_1_102' title='bbox 639 996 972 1045; x_wconf 85' lang='lat' dir='ltr'>sequuntur,</span> <span class='ocrx_word' id='word_1_103' title='bbox 995 1006 1095 1032; x_wconf 88' lang='lat' dir='ltr'>non</span> <span class='ocrx_word' id='word_1_104' title='bbox 1121 990 1343 1045; x_wconf 84' lang='lat' dir='ltr'>quidem</span> <span class='ocrx_word' id='word_1_105' title='bbox 1362 990 1432 1032; x_wconf 89' lang='lat' dir='ltr'>il-</span> 
     </span>
     <span class='ocr_line' id='line_1_16' title="bbox 84 1046 1433 1104; baseline 0.001 -17"><span class='ocrx_word' id='word_1_106' title='bbox 84 1047 199 1089; x_wconf 90' lang='lat' dir='ltr'>lum</span> <span class='ocrx_word' id='word_1_107' title='bbox 217 1047 447 1103; x_wconf 86' lang='lat' dir='ltr'>amplum</span> <span class='ocrx_word' id='word_1_108' title='bbox 470 1054 639 1103; x_wconf 87' lang='lat' dir='ltr'>atque</span> <span class='ocrx_word' id='word_1_109' title='bbox 670 1046 944 1104; x_wconf 81' lang='lat' dir='ltr'>grandem,</span> <span class='ocrx_word' id='word_1_110' title='bbox 968 1047 1231 1090; x_wconf 88' lang='lat' dir='ltr'>subtilem</span> <span class='ocrx_word' id='word_1_111' title='bbox 1253 1054 1305 1089; x_wconf 90' lang='lat' dir='ltr'>et</span> <span class='ocrx_word' id='word_1_112' title='bbox 1325 1047 1433 1089; x_wconf 87' lang='lat' dir='ltr'>ele-</span> 
     </span>
     <span class='ocr_line' id='line_1_17' title="bbox 83 1104 1433 1160; baseline 0 -15"><span class='ocrx_word' id='word_1_113' title='bbox 83 1112 304 1160; x_wconf 83' lang='lat' dir='ltr'>gantem</span> <span class='ocrx_word' id='word_1_114' title='bbox 324 1114 531 1157; x_wconf 85' lang='lat' dir='ltr'>tamen,</span> <span class='ocrx_word' id='word_1_115' title='bbox 553 1111 606 1145; x_wconf 91' lang='lat' dir='ltr'>et</span> <span class='ocrx_word' id='word_1_116' title='bbox 633 1104 811 1158; x_wconf 86' lang='lat' dir='ltr'>quiin</span> <span class='ocrx_word' id='word_1_117' title='bbox 846 1105 1175 1147; x_wconf 83' lang='lat' dir='ltr'>forensibus</span> <span class='ocrx_word' id='word_1_118' title='bbox 1209 1105 1433 1147; x_wconf 77' lang='lat' dir='ltr'>caussis</span> 
     </span>
     <span class='ocr_line' id='line_1_18' title="bbox 82 1161 1434 1218; baseline 0.001 -16"><span class='ocrx_word' id='word_1_119' title='bbox 82 1161 266 1216; x_wconf 80' lang='lat' dir='ltr'>possit</span> <span class='ocrx_word' id='word_1_120' title='bbox 295 1162 643 1214; x_wconf 77' lang='lat' dir='ltr'>consistere,</span> <span class='ocrx_word' id='word_1_121' title='bbox 677 1161 718 1202; x_wconf 89' lang='lat' dir='ltr'>h.</span> <span class='ocrx_word' id='word_1_122' title='bbox 751 1176 784 1205; x_wconf 91' lang='lat' dir='ltr'>e.</span> <span class='ocrx_word' id='word_1_123' title='bbox 814 1161 858 1202; x_wconf 88' lang='lat' dir='ltr'>in</span> <span class='ocrx_word' id='word_1_124' title='bbox 889 1161 984 1204; x_wconf 82' lang='lat' dir='ltr'>aliis</span> <span class='ocrx_word' id='word_1_125' title='bbox 1015 1161 1233 1204; x_wconf 87' lang='lat' dir='ltr'>scribendi</span> <span class='ocrx_word' id='word_1_126' title='bbox 1265 1162 1434 1218; x_wconf 80' lang='lat' dir='ltr'>generi-</span> 
     </span>
     <span class='ocr_line' id='line_1_19' title="bbox 82 1217 1431 1272; baseline 0.001 -13"><span class='ocrx_word' id='word_1_127' title='bbox 82 1218 163 1259; x_wconf 88' lang='lat' dir='ltr'>bus</span> <span class='ocrx_word' id='word_1_128' title='bbox 194 1223 245 1259; x_wconf 88' lang='lat' dir='ltr'>ut</span> <span class='ocrx_word' id='word_1_129' title='bbox 273 1218 401 1259; x_wconf 88' lang='lat' dir='ltr'>nimis</span> <span class='ocrx_word' id='word_1_130' title='bbox 420 1219 565 1259; x_wconf 86' lang='lat' dir='ltr'>tenuis</span> <span class='ocrx_word' id='word_1_131' title='bbox 595 1217 738 1259; x_wconf 89' lang='lat' dir='ltr'>minus</span> <span class='ocrx_word' id='word_1_132' title='bbox 757 1217 1010 1272; x_wconf 78' lang='lat' dir='ltr'>probandus</span> <span class='ocrx_word' id='word_1_133' title='bbox 1030 1218 1245 1259; x_wconf 82' lang='lat' dir='ltr'>videatur.</span> <span class='ocrx_word' id='word_1_134' title='bbox 1305 1219 1431 1260; x_wconf 86' lang='lat' dir='ltr'>Brut.</span> 
     </span>
     <span class='ocr_line' id='line_1_20' title="bbox 82 1274 1432 1331; baseline 0.001 -16"><span class='ocrx_word' id='word_1_135' title='bbox 82 1276 121 1316; x_wconf 82' lang='lat'>9.</span> <span class='ocrx_word' id='word_1_136' title='bbox 161 1275 198 1330; x_wconf 68' lang='grc' dir='ltr'>ξ.</span> <span class='ocrx_word' id='word_1_137' title='bbox 237 1276 305 1317; x_wconf 80' lang='lat'>35.</span> <span class='ocrx_word' id='word_1_138' title='bbox 343 1274 492 1316; x_wconf 88' lang='lat' dir='ltr'>nihil</span> <span class='ocrx_word' id='word_1_139' title='bbox 540 1281 704 1316; x_wconf 84' lang='lat' dir='ltr'>acute</span> <span class='ocrx_word' id='word_1_140' title='bbox 741 1275 994 1316; x_wconf 85' lang='lat' dir='ltr'>inveniri</span> <span class='ocrx_word' id='word_1_141' title='bbox 1034 1276 1231 1331; x_wconf 85' lang='lat' dir='ltr'>potuit</span> <span class='ocrx_word' id='word_1_142' title='bbox 1270 1276 1322 1317; x_wconf 91' lang='lat' dir='ltr'>in</span> <span class='ocrx_word' id='word_1_143' title='bbox 1363 1276 1432 1317; x_wconf 86' lang='lat' dir='ltr'>iis</span> 
     </span>
     <span class='ocr_line' id='line_1_21' title="bbox 82 1331 1434 1388; baseline 0.001 -15"><span class='ocrx_word' id='word_1_144' title='bbox 82 1333 328 1384; x_wconf 81' lang='lat' dir='ltr'>caussis,</span> <span class='ocrx_word' id='word_1_145' title='bbox 369 1347 504 1386; x_wconf 84' lang='lat' dir='ltr'>quas</span> <span class='ocrx_word' id='word_1_146' title='bbox 536 1331 777 1386; x_wconf 88' lang='lat' dir='ltr'>scripsit</span> <span class='ocrx_word' id='word_1_147' title='bbox 808 1332 1033 1388; x_wconf 78' lang='lat' dir='ltr'>(Lysias);</span> <span class='ocrx_word' id='word_1_148' title='bbox 1065 1332 1234 1386; x_wconf 84' lang='lat' dir='ltr'>nihil,</span> <span class='ocrx_word' id='word_1_149' title='bbox 1267 1340 1324 1374; x_wconf 84' lang='lat' dir='ltr'>ut</span> <span class='ocrx_word' id='word_1_150' title='bbox 1354 1333 1434 1374; x_wconf 84' lang='lat' dir='ltr'>ita</span> 
     </span>
     <span class='ocr_line' id='line_1_22' title="bbox 83 1387 1432 1444; baseline -0.001 -15"><span class='ocrx_word' id='word_1_151' title='bbox 83 1387 288 1443; x_wconf 84' lang='lat' dir='ltr'>dicam,</span> <span class='ocrx_word' id='word_1_152' title='bbox 337 1388 600 1440; x_wconf 83' lang='lat' dir='ltr'>subdole3</span> <span class='ocrx_word' id='word_1_153' title='bbox 656 1388 805 1430; x_wconf 92' lang='lat' dir='ltr'>nihil</span> <span class='ocrx_word' id='word_1_154' title='bbox 841 1396 1093 1443; x_wconf 87' lang='lat' dir='ltr'>versute,</span> <span class='ocrx_word' id='word_1_155' title='bbox 1136 1389 1281 1444; x_wconf 91' lang='lat' dir='ltr'>quod</span> <span class='ocrx_word' id='word_1_156' title='bbox 1334 1390 1432 1431; x_wconf 76' lang='lat' dir='ltr'>illc</span> 
     </span>
     <span class='ocr_line' id='line_1_23' title="bbox 83 1445 1433 1502; baseline 0.001 -15"><span class='ocrx_word' id='word_1_157' title='bbox 83 1461 193 1487; x_wconf 90' lang='lat' dir='ltr'>non</span> <span class='ocrx_word' id='word_1_158' title='bbox 223 1445 461 1496; x_wconf 81' lang='lat' dir='ltr'>viderit3</span> <span class='ocrx_word' id='word_1_159' title='bbox 497 1471 548 1476; x_wconf 90' lang='lat'>——</span> <span class='ocrx_word' id='word_1_160' title='bbox 587 1445 733 1486; x_wconf 89' lang='lat' dir='ltr'>nihil</span> <span class='ocrx_word' id='word_1_161' title='bbox 771 1452 975 1488; x_wconf 86' lang='lat' dir='ltr'>contra</span> <span class='ocrx_word' id='word_1_162' title='bbox 1015 1446 1249 1502; x_wconf 81' lang='lat' dir='ltr'>grande,</span> <span class='ocrx_word' id='word_1_163' title='bbox 1290 1446 1433 1488; x_wconf 86' lang='lat' dir='ltr'>nihil</span> 
     </span>
     <span class='ocr_line' id='line_1_24' title="bbox 83 1502 1432 1557; baseline 0.001 -14"><span class='ocrx_word' id='word_1_164' title='bbox 83 1503 415 1557; x_wconf 86' lang='lat' dir='ltr'>incitatum,</span> <span class='ocrx_word' id='word_1_165' title='bbox 476 1502 621 1544; x_wconf 91' lang='lat' dir='ltr'>nihil</span> <span class='ocrx_word' id='word_1_166' title='bbox 670 1510 926 1544; x_wconf 82' lang='lat' dir='ltr'>ornatum</span> <span class='ocrx_word' id='word_1_167' title='bbox 985 1504 1071 1545; x_wconf 78' lang='lat' dir='ltr'>vel</span> <span class='ocrx_word' id='word_1_168' title='bbox 1127 1504 1432 1545; x_wconf 85' lang='lat' dir='ltr'>verborum</span> 
     </span>
     <span class='ocr_line' id='line_1_25' title="bbox 83 1560 1432 1616; baseline 0.001 -16"><span class='ocrx_word' id='word_1_169' title='bbox 83 1561 373 1616; x_wconf 85' lang='lat' dir='ltr'>gravitate</span> <span class='ocrx_word' id='word_1_170' title='bbox 412 1560 499 1601; x_wconf 89' lang='lat' dir='ltr'>vel</span> <span class='ocrx_word' id='word_1_171' title='bbox 539 1561 991 1614; x_wconf 83' lang='lat' dir='ltr'>sententiarum,</span> <span class='ocrx_word' id='word_1_172' title='bbox 1032 1561 1085 1602; x_wconf 91' lang='lat' dir='ltr'>in</span> <span class='ocrx_word' id='word_1_173' title='bbox 1127 1575 1230 1615; x_wconf 83' lang='lat' dir='ltr'>quo</span> <span class='ocrx_word' id='word_1_174' title='bbox 1266 1560 1432 1615; x_wconf 87' lang='lat' dir='ltr'>quid-</span> 
     </span>
     <span class='ocr_line' id='line_1_26' title="bbox 83 1616 1431 1673; baseline 0.001 -16"><span class='ocrx_word' id='word_1_175' title='bbox 83 1632 239 1670; x_wconf 86' lang='lat' dir='ltr'>quam</span> <span class='ocrx_word' id='word_1_176' title='bbox 268 1617 488 1658; x_wconf 88' lang='lat' dir='ltr'>inesset</span> <span class='ocrx_word' id='word_1_177' title='bbox 518 1616 740 1658; x_wconf 88' lang='lat' dir='ltr'>elatius.</span> <span class='ocrx_word' id='word_1_178' title='bbox 807 1616 877 1657; x_wconf 92' lang='lat' dir='ltr'>De</span> <span class='ocrx_word' id='word_1_179' title='bbox 920 1624 1011 1671; x_wconf 89' lang='lat' dir='ltr'>opt.</span> <span class='ocrx_word' id='word_1_180' title='bbox 1053 1617 1134 1658; x_wconf 82' lang='lat' dir='ltr'>(lic.</span> <span class='ocrx_word' id='word_1_181' title='bbox 1177 1632 1273 1673; x_wconf 80' lang='lat' dir='ltr'>gen.</span> <span class='ocrx_word' id='word_1_182' title='bbox 1314 1633 1349 1659; x_wconf 93' lang='lat' dir='ltr'>c.</span> <span class='ocrx_word' id='word_1_183' title='bbox 1392 1620 1431 1660; x_wconf 87' lang='lat'>3.</span> 
     </span>
     <span class='ocr_line' id='line_1_27' title="bbox 82 1673 1432 1731; baseline 0.001 -17"><span class='ocrx_word' id='word_1_184' title='bbox 82 1673 388 1728; x_wconf 88' lang='lat' dir='ltr'>imitemur,</span> <span class='ocrx_word' id='word_1_185' title='bbox 434 1673 481 1715; x_wconf 91' lang='lat' dir='ltr'>si</span> <span class='ocrx_word' id='word_1_186' title='bbox 529 1674 870 1729; x_wconf 72' lang='lat' dir='ltr'>poterimus,</span> <span class='ocrx_word' id='word_1_187' title='bbox 923 1673 1153 1731; x_wconf 84' lang='lat' dir='ltr'>Lysiam</span> <span class='ocrx_word' id='word_1_188' title='bbox 1193 1675 1432 1728; x_wconf 89' lang='lat' dir='ltr'>eiusque</span> 
     </span>
     <span class='ocr_line' id='line_1_28' title="bbox 84 1730 1431 1786; baseline 0.001 -15"><span class='ocrx_word' id='word_1_189' title='bbox 84 1730 422 1772; x_wconf 84' lang='lat' dir='ltr'>tenuitatem</span> <span class='ocrx_word' id='word_1_190' title='bbox 451 1730 831 1786; x_wconf 83' lang='lat' dir='ltr'>potissimum3</span> <span class='ocrx_word' id='word_1_191' title='bbox 864 1756 917 1761; x_wconf 91' lang='lat'>——</span> <span class='ocrx_word' id='word_1_192' title='bbox 951 1730 1046 1772; x_wconf 89' lang='lat' dir='ltr'>sed</span> <span class='ocrx_word' id='word_1_193' title='bbox 1079 1731 1208 1785; x_wconf 85' lang='lat' dir='ltr'>quia</span> <span class='ocrx_word' id='word_1_194' title='bbox 1238 1738 1289 1772; x_wconf 88' lang='lat' dir='ltr'>et</span> <span class='ocrx_word' id='word_1_195' title='bbox 1318 1732 1431 1786; x_wconf 88' lang='lat' dir='ltr'>pri-</span> 
     </span>
     <span class='ocr_line' id='line_1_29' title="bbox 83 1786 1432 1843; baseline 0.001 -15"><span class='ocrx_word' id='word_1_196' title='bbox 83 1794 248 1829; x_wconf 87' lang='lat' dir='ltr'>vatas</span> <span class='ocrx_word' id='word_1_197' title='bbox 282 1786 382 1829; x_wconf 90' lang='lat' dir='ltr'>ille</span> <span class='ocrx_word' id='word_1_198' title='bbox 420 1787 725 1843; x_wconf 88' lang='lat' dir='ltr'>plerasque</span> <span class='ocrx_word' id='word_1_199' title='bbox 767 1793 819 1828; x_wconf 89' lang='lat' dir='ltr'>et</span> <span class='ocrx_word' id='word_1_200' title='bbox 859 1803 949 1830; x_wconf 84' lang='lat' dir='ltr'>eas</span> <span class='ocrx_word' id='word_1_201' title='bbox 991 1789 1145 1843; x_wconf 86' lang='lat' dir='ltr'>ipsas</span> <span class='ocrx_word' id='word_1_202' title='bbox 1197 1788 1331 1830; x_wconf 91' lang='lat' dir='ltr'>aliis</span> <span class='ocrx_word' id='word_1_203' title='bbox 1379 1796 1432 1830; x_wconf 86' lang='lat' dir='ltr'>et</span> 
     </span>
     <span class='ocr_line' id='line_1_30' title="bbox 83 1844 1431 1899; baseline 0.001 -14"><span class='ocrx_word' id='word_1_204' title='bbox 83 1859 382 1899; x_wconf 85' lang='lat' dir='ltr'>parvarum</span> <span class='ocrx_word' id='word_1_205' title='bbox 421 1859 601 1885; x_wconf 88' lang='lat' dir='ltr'>rerum</span> <span class='ocrx_word' id='word_1_206' title='bbox 643 1845 938 1887; x_wconf 86' lang='lat' dir='ltr'>caussulas</span> <span class='ocrx_word' id='word_1_207' title='bbox 970 1844 1232 1899; x_wconf 82' lang='lat' dir='ltr'>scripsit,</span> <span class='ocrx_word' id='word_1_208' title='bbox 1273 1844 1431 1887; x_wconf 87' lang='lat' dir='ltr'>vide-</span> 
     </span>
     <span class='ocr_line' id='line_1_31' title="bbox 83 1901 1431 1954; baseline 0.001 -12"><span class='ocrx_word' id='word_1_209' title='bbox 83 1908 174 1942; x_wconf 90' lang='lat' dir='ltr'>tur</span> <span class='ocrx_word' id='word_1_210' title='bbox 203 1915 320 1943; x_wconf 89' lang='lat' dir='ltr'>esse</span> <span class='ocrx_word' id='word_1_211' title='bbox 350 1901 610 1945; x_wconf 88' lang='lat' dir='ltr'>ieiunior.</span> <span class='ocrx_word' id='word_1_212' title='bbox 669 1901 762 1942; x_wconf 87' lang='lat' dir='ltr'>Ita</span> <span class='ocrx_word' id='word_1_213' title='bbox 792 1901 888 1954; x_wconf 89' lang='lat' dir='ltr'>fit,</span> <span class='ocrx_word' id='word_1_214' title='bbox 932 1908 990 1944; x_wconf 89' lang='lat' dir='ltr'>ut</span> <span class='ocrx_word' id='word_1_215' title='bbox 1027 1902 1431 1944; x_wconf 85' lang='lat' dir='ltr'>Demosthenes</span> 
     </span>
     <span class='ocr_line' id='line_1_32' title="bbox 83 1958 1432 2016; baseline 0.001 -16"><span class='ocrx_word' id='word_1_216' title='bbox 83 1964 255 2000; x_wconf 88' lang='lat' dir='ltr'>certe</span> <span class='ocrx_word' id='word_1_217' title='bbox 293 1958 492 2013; x_wconf 86' lang='lat' dir='ltr'>possit</span> <span class='ocrx_word' id='word_1_218' title='bbox 530 1959 819 2001; x_wconf 87' lang='lat' dir='ltr'>summisse</span> <span class='ocrx_word' id='word_1_219' title='bbox 860 1958 1075 2014; x_wconf 85' lang='lat' dir='ltr'>dicere,</span> <span class='ocrx_word' id='word_1_220' title='bbox 1126 1959 1272 2001; x_wconf 84' lang='lat' dir='ltr'>elate</span> <span class='ocrx_word' id='word_1_221' title='bbox 1319 1959 1432 2016; x_wconf 86' lang='lat' dir='ltr'>Ly-</span> 
     </span>
     <span class='ocr_line' id='line_1_33' title="bbox 83 2015 1070 2071; baseline 0.001 -14"><span class='ocrx_word' id='word_1_222' title='bbox 83 2015 200 2057; x_wconf 88' lang='lat' dir='ltr'>sias</span> <span class='ocrx_word' id='word_1_223' title='bbox 232 2015 420 2057; x_wconf 91' lang='lat' dir='ltr'>dicere</span> <span class='ocrx_word' id='word_1_224' title='bbox 450 2015 702 2065; x_wconf 81' lang='lat' dir='ltr'>fortasse</span> <span class='ocrx_word' id='word_1_225' title='bbox 731 2031 838 2057; x_wconf 89' lang='lat' dir='ltr'>non</span> <span class='ocrx_word' id='word_1_226' title='bbox 868 2017 1070 2071; x_wconf 86' lang='lat' dir='ltr'>possit.</span> 
     </span>
    </p>

    <p class='ocr_par' dir='ltr' id='par_1_3' title="bbox 84 2071 1433 2754">
     <span class='ocr_line' id='line_1_34' title="bbox 199 2071 1431 2115; baseline 0.001 -2"><span class='ocrx_word' id='word_1_227' title='bbox 199 2072 364 2114; x_wconf 89' lang='lat' dir='ltr'>Verum</span> <span class='ocrx_word' id='word_1_228' title='bbox 395 2072 501 2114; x_wconf 87' lang='lat' dir='ltr'>satis</span> <span class='ocrx_word' id='word_1_229' title='bbox 531 2071 639 2114; x_wconf 90' lang='lat' dir='ltr'>haec</span> <span class='ocrx_word' id='word_1_230' title='bbox 680 2071 733 2114; x_wconf 88' lang='lat' dir='ltr'>de</span> <span class='ocrx_word' id='word_1_231' title='bbox 777 2073 886 2115; x_wconf 87' lang='lat' dir='ltr'>istis.</span> <span class='ocrx_word' id='word_1_232' title='bbox 955 2073 1170 2115; x_wconf 84' lang='lat' dir='ltr'>Videmur</span> <span class='ocrx_word' id='word_1_233' title='bbox 1203 2073 1317 2115; x_wconf 92' lang='lat' dir='ltr'>enim</span> <span class='ocrx_word' id='word_1_234' title='bbox 1356 2073 1431 2115; x_wconf 84' lang='lat' dir='ltr'>ha-</span> 
     </span>
     <span class='ocr_line' id='line_1_35' title="bbox 84 2128 1433 2184; baseline 0 -13"><span class='ocrx_word' id='word_1_235' title='bbox 84 2138 234 2171; x_wconf 83' lang='lat' dir='ltr'>ctenus</span> <span class='ocrx_word' id='word_1_236' title='bbox 266 2128 437 2171; x_wconf 89' lang='lat' dir='ltr'>abunde</span> <span class='ocrx_word' id='word_1_237' title='bbox 467 2128 847 2184; x_wconf 76' lang='lat' dir='ltr'>demonstravisse,</span> <span class='ocrx_word' id='word_1_238' title='bbox 879 2129 996 2184; x_wconf 89' lang='lat' dir='ltr'>quod</span> <span class='ocrx_word' id='word_1_239' title='bbox 1027 2130 1321 2172; x_wconf 87' lang='lat' dir='ltr'>demonstrare</span> <span class='ocrx_word' id='word_1_240' title='bbox 1350 2131 1433 2172; x_wconf 83' lang='lat' dir='ltr'>fuit</span> 
     </span>
     <span class='ocr_line' id='line_1_36' title="bbox 84 2185 1431 2242; baseline 0.002 -16"><span class='ocrx_word' id='word_1_241' title='bbox 84 2185 378 2242; x_wconf 83' lang='lat' dir='ltr'>propositum,</span> <span class='ocrx_word' id='word_1_242' title='bbox 419 2185 592 2227; x_wconf 90' lang='lat' dir='ltr'>minime</span> <span class='ocrx_word' id='word_1_243' title='bbox 631 2202 683 2228; x_wconf 80' lang='lat' dir='ltr'>ex</span> <span class='ocrx_word' id='word_1_244' title='bbox 723 2202 798 2240; x_wconf 88' lang='lat' dir='ltr'>eo,</span> <span class='ocrx_word' id='word_1_245' title='bbox 832 2186 950 2241; x_wconf 89' lang='lat' dir='ltr'>quod</span> <span class='ocrx_word' id='word_1_246' title='bbox 990 2187 1107 2228; x_wconf 85' lang='lat' dir='ltr'>nulla</span> <span class='ocrx_word' id='word_1_247' title='bbox 1152 2187 1196 2228; x_wconf 93' lang='lat' dir='ltr'>in</span> <span class='ocrx_word' id='word_1_248' title='bbox 1228 2186 1431 2229; x_wconf 84' lang='lat' dir='ltr'>Phaedro</span> 
     </span>
     <span class='ocr_line' id='line_1_37' title="bbox 85 2242 1430 2300; baseline 0.003 -18"><span class='ocrx_word' id='word_1_249' title='bbox 85 2256 223 2296; x_wconf 90' lang='lat' dir='ltr'>neque</span> <span class='ocrx_word' id='word_1_250' title='bbox 262 2242 496 2298; x_wconf 87' lang='lat' dir='ltr'>descriptio</span> <span class='ocrx_word' id='word_1_251' title='bbox 544 2258 685 2298; x_wconf 87' lang='lat' dir='ltr'>neque</span> <span class='ocrx_word' id='word_1_252' title='bbox 736 2259 921 2285; x_wconf 89' lang='lat' dir='ltr'>censura</span> <span class='ocrx_word' id='word_1_253' title='bbox 964 2243 1227 2285; x_wconf 83' lang='lat' dir='ltr'>iudicialium</span> <span class='ocrx_word' id='word_1_254' title='bbox 1269 2243 1430 2300; x_wconf 82' lang='lat' dir='ltr'>Lysiae</span> 
     </span>
     <span class='ocr_line' id='line_1_38' title="bbox 87 2298 1431 2356; baseline 0.004 -19"><span class='ocrx_word' id='word_1_255' title='bbox 87 2298 325 2340; x_wconf 72' lang='lat' dir='ltr'>orationum</span> <span class='ocrx_word' id='word_1_256' title='bbox 356 2300 591 2356; x_wconf 88' lang='lat' dir='ltr'>reperitur,</span> <span class='ocrx_word' id='word_1_257' title='bbox 622 2300 731 2342; x_wconf 87' lang='lat' dir='ltr'>illud</span> <span class='ocrx_word' id='word_1_258' title='bbox 761 2300 984 2355; x_wconf 84' lang='lat' dir='ltr'>consequi,</span> <span class='ocrx_word' id='word_1_259' title='bbox 1018 2309 1068 2341; x_wconf 87' lang='lat' dir='ltr'>ut</span> <span class='ocrx_word' id='word_1_260' title='bbox 1096 2301 1205 2343; x_wconf 87' lang='lat' dir='ltr'>liber</span> <span class='ocrx_word' id='word_1_261' title='bbox 1234 2301 1431 2343; x_wconf 84' lang='lat' dir='ltr'>Platonis</span> 
     </span>
     <span class='ocr_line' id='line_1_39' title="bbox 87 2355 1431 2414; baseline 0.004 -20"><span class='ocrx_word' id='word_1_262' title='bbox 87 2360 185 2395; x_wconf 88' lang='lat' dir='ltr'>ante</span> <span class='ocrx_word' id='word_1_263' title='bbox 216 2355 389 2413; x_wconf 79' lang='lat' dir='ltr'>Olymp.</span> <span class='ocrx_word' id='word_1_264' title='bbox 420 2355 591 2398; x_wconf 87' lang='lat' dir='ltr'>XCIV.</span> <span class='ocrx_word' id='word_1_265' title='bbox 640 2358 822 2399; x_wconf 84' lang='lat' dir='ltr'>emissus</span> <span class='ocrx_word' id='word_1_266' title='bbox 863 2372 958 2398; x_wconf 83' lang='lat' dir='ltr'>esse</span> <span class='ocrx_word' id='word_1_267' title='bbox 999 2363 1042 2398; x_wconf 91' lang='lat' dir='ltr'>et</span> <span class='ocrx_word' id='word_1_268' title='bbox 1079 2357 1326 2414; x_wconf 88' lang='lat' dir='ltr'>philosophi</span> <span class='ocrx_word' id='word_1_269' title='bbox 1365 2358 1431 2399; x_wconf 88' lang='lat' dir='ltr'>iu-</span> 
     </span>
     <span class='ocr_line' id='line_1_40' title="bbox 90 2412 1430 2468; baseline 0.004 -18"><span class='ocrx_word' id='word_1_270' title='bbox 90 2412 253 2452; x_wconf 82' lang='lat' dir='ltr'>ventuti</span> <span class='ocrx_word' id='word_1_271' title='bbox 297 2414 440 2468; x_wconf 87' lang='lat' dir='ltr'>potius</span> <span class='ocrx_word' id='word_1_272' title='bbox 485 2429 612 2468; x_wconf 85' lang='lat' dir='ltr'>quam</span> <span class='ocrx_word' id='word_1_273' title='bbox 658 2414 767 2455; x_wconf 78' lang='lat' dir='ltr'>virili</span> <span class='ocrx_word' id='word_1_274' title='bbox 806 2414 938 2455; x_wconf 83' lang='lat' dir='ltr'>aetati</span> <span class='ocrx_word' id='word_1_275' title='bbox 986 2413 1134 2456; x_wconf 90' lang='lat' dir='ltr'>deberi</span> <span class='ocrx_word' id='word_1_276' title='bbox 1183 2415 1430 2456; x_wconf 86' lang='lat' dir='ltr'>existiman-</span> 
     </span>
     <span class='ocr_line' id='line_1_41' title="bbox 87 2466 1430 2527; baseline 0.005 -21"><span class='ocrx_word' id='word_1_277' title='bbox 87 2466 168 2508; x_wconf 88' lang='lat' dir='ltr'>dus</span> <span class='ocrx_word' id='word_1_278' title='bbox 200 2468 268 2510; x_wconf 87' lang='lat' dir='ltr'>sit.</span> <span class='ocrx_word' id='word_1_279' title='bbox 327 2470 554 2527; x_wconf 84' lang='lat' dir='ltr'>Pergimus</span> <span class='ocrx_word' id='word_1_280' title='bbox 586 2470 641 2513; x_wconf 87' lang='lat' dir='ltr'>ad</span> <span class='ocrx_word' id='word_1_281' title='bbox 671 2471 850 2512; x_wconf 84' lang='lat' dir='ltr'>alterum</span> <span class='ocrx_word' id='word_1_282' title='bbox 881 2470 1012 2524; x_wconf 89' lang='lat' dir='ltr'>illud,</span> <span class='ocrx_word' id='word_1_283' title='bbox 1052 2471 1166 2513; x_wconf 86' lang='lat' dir='ltr'>unde</span> <span class='ocrx_word' id='word_1_284' title='bbox 1206 2488 1336 2527; x_wconf 88' lang='lat' dir='ltr'>supra</span> <span class='ocrx_word' id='word_1_285' title='bbox 1369 2472 1430 2513; x_wconf 85' lang='lat' dir='ltr'>vi-</span> 
     </span>
     <span class='ocr_line' id='line_1_42' title="bbox 88 2523 1429 2584; baseline 0.004 -20"><span class='ocrx_word' id='word_1_286' title='bbox 88 2523 228 2566; x_wconf 89' lang='lat' dir='ltr'>dimus</span> <span class='ocrx_word' id='word_1_287' title='bbox 273 2525 387 2567; x_wconf 81' lang='lat' dir='ltr'>viros</span> <span class='ocrx_word' id='word_1_288' title='bbox 436 2526 710 2570; x_wconf 86' lang='lat' dir='ltr'>doctissimos</span> <span class='ocrx_word' id='word_1_289' title='bbox 762 2527 898 2569; x_wconf 90' lang='lat' dir='ltr'>simile</span> <span class='ocrx_word' id='word_1_290' title='bbox 937 2529 1163 2584; x_wconf 87' lang='lat' dir='ltr'>repetiisse</span> <span class='ocrx_word' id='word_1_291' title='bbox 1207 2529 1429 2571; x_wconf 87' lang='lat' dir='ltr'>iudicium.</span> 
     </span>
     <span class='ocr_line' id='line_1_43' title="bbox 86 2580 1429 2640; baseline 0.003 -18"><span class='ocrx_word' id='word_1_292' title='bbox 86 2580 258 2623; x_wconf 82' lang='lat' dir='ltr'>Etenim</span> <span class='ocrx_word' id='word_1_293' title='bbox 296 2597 494 2638; x_wconf 86' lang='lat' dir='ltr'>magnam</span> <span class='ocrx_word' id='word_1_294' title='bbox 531 2585 593 2625; x_wconf 93' lang='lat' dir='ltr'>illi</span> <span class='ocrx_word' id='word_1_295' title='bbox 637 2600 777 2640; x_wconf 87' lang='lat' dir='ltr'>neque</span> <span class='ocrx_word' id='word_1_296' title='bbox 827 2584 915 2625; x_wconf 87' lang='lat' dir='ltr'>ullo</span> <span class='ocrx_word' id='word_1_297' title='bbox 965 2585 1092 2627; x_wconf 87' lang='lat' dir='ltr'>modo</span> <span class='ocrx_word' id='word_1_298' title='bbox 1140 2585 1429 2627; x_wconf 82' lang='lat' dir='ltr'>excusandam</span> 
     </span>
     <span class='ocr_line' id='line_1_44' title="bbox 87 2639 1429 2699; baseline 0.002 -20"><span class='ocrx_word' id='word_1_299' title='bbox 87 2645 351 2680; x_wconf 89' lang='lat' dir='ltr'>censuerunt</span> <span class='ocrx_word' id='word_1_300' title='bbox 391 2639 577 2683; x_wconf 77' lang='lat' dir='ltr'>futuram</span> <span class='ocrx_word' id='word_1_301' title='bbox 616 2642 750 2683; x_wconf 78' lang='lat' dir='ltr'>fuisse</span> <span class='ocrx_word' id='word_1_302' title='bbox 787 2641 990 2684; x_wconf 87' lang='lat' dir='ltr'>facinoris</span> <span class='ocrx_word' id='word_1_303' title='bbox 1028 2642 1352 2699; x_wconf 78' lang='lat' dir='ltr'>indignitatem,</span> <span class='ocrx_word' id='word_1_304' title='bbox 1395 2642 1429 2683; x_wconf 84' lang='lat' dir='ltr'>si</span> 
     </span>
     <span class='ocr_line' id='line_1_45' title="bbox 86 2695 1429 2754; baseline 0.002 -19"><span class='ocrx_word' id='word_1_305' title='bbox 86 2695 227 2747; x_wconf 71' lang='lat' dir='ltr'>Plato,</span> <span class='ocrx_word' id='word_1_306' title='bbox 262 2710 393 2750; x_wconf 89' lang='lat' dir='ltr'>quum</span> <span class='ocrx_word' id='word_1_307' title='bbox 426 2696 517 2752; x_wconf 80' lang='lat' dir='ltr'>ipse</span> <span class='ocrx_word' id='word_1_308' title='bbox 557 2699 640 2739; x_wconf 84' lang='lat' dir='ltr'>iam</span> <span class='ocrx_word' id='word_1_309' title='bbox 679 2698 774 2753; x_wconf 82' lang='lat' dir='ltr'>plus</span> <span class='ocrx_word' id='word_1_310' title='bbox 809 2713 936 2752; x_wconf 81' lang='lat' dir='ltr'>quarn</span> <span class='ocrx_word' id='word_1_311' title='bbox 969 2699 1253 2754; x_wconf 59' lang='lat' dir='ltr'>quadra-ginta</span> <span class='ocrx_word' id='word_1_312' title='bbox 1295 2714 1429 2739; x_wconf 68' lang='lat' dir='ltr'>anno&lt;</span> 
     </span>
    </p>
   </div>
  </div>
 </body>
</html>
