1687 2969
137 406 219 448 526

251 174 330 208 340
790 169 1047 208 PLATONIS

250 278 302 319 οὐ
330 278 435 329 γάρ,
475 273 615 332 οἶμαι,
655 277 751 331 ἐξῆν
780 278 914 334 αὐτῷ·
953 275 1018 318 διὸ
1047 277 1116 319 καὶ
1145 275 1511 331 εὐδαιμονέστερος
1539 271 1594 329 ἦν

250 343 276 396 ἢ
306 339 370 391 οἷς
400 343 504 395 ἐξῆν.
538 343 641 384 ἀλλὰ
669 345 764 396 γάρ,
802 338 834 384 ω
866 343 1126 391 Καλλίκλεις,
1158 341 1202 383 ἐκ
1230 345 1314 383 τῶν
1342 339 1593 392 δυναμένων

251 407 328 449 εἰσὶ
348 407 418 448 καὶ
448 408 490 449 οἱ
516 409 684 461 σφόδρα
712 407 892 462 πονηροὶ
919 408 1164 460 γιγνόμενοι
1191 409 1437 460 ἄνθρωποι·
1469 405 1594 447 οὐδὲν

251 471 336 527 μὴν
356 474 508 515 κωλύει
534 473 604 514 καὶ
633 473 679 514 ἐν
708 474 874 521 τούτοις
904 473 1096 525 ἀγαθοὺς
1124 473 1283 525 ἄνδρας
1310 471 1593 525 ἐγγίγνεσθαι,

252 538 323 580 καὶ
350 539 519 590 σφόδρα
546 553 593 592 γε
621 539 740 589 ἄξιον
768 542 956 592 ἄγασθαι
985 541 1069 578 τῶν
1096 537 1384 590 γιγνομένων·
1413 537 1595 591 χαλεπὸν

251 604 346 656 γάρ,
377 597 410 644 ὦ
434 605 691 654 Καλλίκλεις,
720 605 789 645 καὶ
818 606 977 645 πολλου
1008 602 1186 644 ἐπαίνου
1214 603 1333 653 ἄξιον
1362 601 1407 643 ἐν
1436 603 1593 656 μεγάλῃ

253 668 420 723 ἐξουσία
440 676 517 709 τοῦ
546 669 706 709 αδικεῑν
734 670 967 722 γενόμενον
997 669 1166 716 δικαίως
1195 668 1429 721 διαβιῶναι.
1459 667 1595 721 ὀλίγοι

251 734 294 775 δὲ
333 734 554 787 γίγνονται
594 734 635 775 οἵ
671 741 874 775 τοιοῦτοι·
915 734 1001 775 ἐπεὶ
1042 734 1111 775 καὶ
1150 732 1303 774 ἐνθάδε
1343 732 1414 774 καὶ
1441 735 1595 774 ἄλλοθι

250 800 500 852 γεγόνασιν,
545 795 664 852 οἶμαι
701 798 745 840 δὲ
783 799 852 840 καὶ
881 797 1197 840 ἔσονται.καλοὶ
1224 799 1410 852 κάγαθοὶ
1437 799 1596 849 ταύτην

251 863 328 917 τὴν
358 865 535 917 α’ρετήνἿ
576 863 655 917 τὴν
694 871 770 905 τοῦ
799 865 970 912 δικαίως
998 865 1258 917 διαχειρίζειν
1286 866 1311 905 ἃ
1341 867 1396 905 ἄν
1423 879 1484 912 τις
1514 863 1595 905 ἐπι-

251 927 405 983 τρέπῃ·
447 925 505 977 εἷς
545 929 588 970 δὲ
629 928 697 970 καὶ
737 930 852 970 πάνυ
891 928 1109 983 ἐλλόγιμος
1135 927 1285 983 γέγονε
1314 930 1384 971 καὶ
1413 929 1469 977 εἰς
1497 930 1597 977 τοὺς

250 990 637 1048 ἅλλους”Ελληνας,
665 990 927 1048 Ἀριστείδης
947 994 970 1036 ὁ
991 997 1255 1049 Λυσιμάχου.
1285 995 1327 1036 οἱ
1353 995 1397 1036 δὲ
1430 995 1595 1046 πολλοί,

318 1151 356 1182 P.
380 1149 456 1183 526.
505 1151 573 1182 καὶ
610 1149 783 1192 σφόδρα
814 1162 859 1194 γε
889 1148 1032 1194 ἄξιον]
1065 1162 1104 1193 γε
1136 1161 1200 1183 0111.
1227 1151 1344 1193 Steph.
1368 1161 1444 1183 cum
1468 1152 1545 1183 Par.
1570 1152 1595 1183 Ι.

251 1199 284 1227 ct
308 1197 428 1238 paucis
454 1196 540 1228 aliis.

320 1239 394 1284 τὴν
420 1245 492 1273 τοῦ
519 1241 700 1274 δικαίως
727 1240 850 1284 διαχ.]
884 1240 970 1283 „silv
993 1240 1109 1273 addidi
1133 1251 1176 1272 ex
1198 1252 1267 1273 uno
1292 1241 1384 1274 Flor.
1407 1252 1441 1274 x.
1488 1242 1598 1273 Verae

250 1285 408 1319 lectionis
424 1287 608 1328 vestigium
628 1288 791 1318 remansit
810 1286 899 1328 apud
919 1286 1182 1326 Theodoretum,
1206 1287 1266 1319 ubi
1289 1298 1349 1329 pro
1375 1291 1434 1318 τοῦ
1459 1286 1598 1320 δικαίως

250 1331 376 1373 legitur
395 1329 437 1374 ἢν
456 1344 503 1364 τοι
526 1332 694 1365 δικαίως.”
729 1333 826 1364 Haec
846 1333 893 1363 ita
911 1332 992 1364 olim
1017 1333 1230 1374 scripseram.
1277 1333 1331 1364 Ad
1356 1343 1444 1373 quae
1461 1333 1597 1364 Astius:

251 1377 351 1416 „Imo
382 1378 563 1409 articulum
596 1375 656 1419 τὴν
687 1381 763 1418 post
794 1374 923 1419 ἀρετὴν
958 1381 1093 1418 propter
1127 1381 1331 1418 postremam
1366 1377 1468 1408 huius
1504 1378 1597 1408 vocis

251 1423 420 1463 syllabam
445 1427 584 1464 apparet
608 1422 786 1455 excidisse.
797 1422 813 1435 '³
861 1422 968 1461 Quasi
994 1433 1072 1453 vero
1099 1433 1161 1464 ego
1187 1422 1251 1454 hoc
1276 1423 1491 1463 negaverim!
1530 1421 1597 1453 Sed

250 1468 298 1499 ita
322 1467 380 1499 ille
405 1478 506 1509 saepe
531 1479 629 1499 suum
653 1467 745 1498 istud
768 1469 865 1507 imo,
902 1468 984 1498 imo
1016 1468 1164 1508 potius
1189 1471 1222 1499 et
1245 1467 1371 1498 similia
1396 1467 1506 1506 addit,
1538 1467 1597 1497 ubi

250 1513 357 1554 ipsius
392 1514 563 1544 sententia
598 1523 617 1543 a
648 1517 764 1544 nostra
797 1512 852 1543 vel
889 1512 1034 1543 aliorum
1068 1513 1228 1553 opinione
1253 1513 1392 1543 minime
1417 1511 1597 1554 discrepat.

251 1557 349 1597 Quod
373 1558 479 1589 semel
503 1558 539 1589 111
563 1558 630 1589 fine
655 1558 766 1599 operis
791 1557 1071 1588 animadvertisse
1096 1558 1177 1589 satis
1205 1557 1275 1588 erit.

316 1604 353 1634 B.
402 1604 470 1634 καὶ
505 1602 570 1636 εἰς
604 1601 702 1637 τοὺς
734 1600 890 1636 ἄλλους

915 1601 1035 1645 ”Ελλ.]
1070 1605 1144 1640 καί,
1177 1603 1266 1644 quod
1300 1602 1405 1644 vulgo
1430 1601 1597 1633 desidera-

252 1648 361 1689 batur,
387 1648 539 1680 additum
565 1653 616 1680 est
640 1660 682 1680 ex
708 1648 824 1680 Clark.
849 1649 928 1680 Vat.
952 1648 1056 1680 Coisl.
1074 1649 1159 1680 Ven.
1184 1648 1213 1680 Ξ
1224 1647 1263 1680 Σ.
1300 1647 1400 1680 Vind.
1423 1646 1451 1680 1.
1471 1646 1501 1683 2.
1518 1647 1548 1680 6.
1567 1646 1596 1682 7.

296 1805 334 1836 Ε.
361 1804 462 1847 ἐξῆν
482 1802 607 1859 αυτῷ]
630 1804 742 1836 Intell.
756 1804 892 1846 μέγιστα

252 1850 305 1881 καὶ
322 1862 367 1881 (11¹
370 1861 534 1882 Οῦίίυϊαῑα
549 1848 767 1893 ἁμαῼῖήμαῖα
782 1848 891 1890 duae)-

254 1894 378 1926 τάιειι
446 1896 539 1927 Male
587 1896 647 1927 alii
693 1896 893 1938 intelligunt

251 1938 379 1983 ἀνιάτω
403 1941 600 1983 γίγνεσθαι.

296 1987 332 2016 Ρ.
359 1985 436 2018 526.
477 1983 621 2028 ὀλίγοι
647 1984 691 2017 δὲ
715 1987 890 2028 γίγνον-

255 2029 334 2073 ται]
374 2032 484 2063 Totus
515 2031 571 2063 1110
596 2031 692 2062 locus
718 2042 824 2072 usque
849 2031 892 2062 ad

252 2076 462 2117 superiorem
510 2076 692 2108 editionem
741 2081 891 2108 nostram

252 2121 374 2152 vitiose
386 2121 568 2153 distinctus
580 2121 892 2153 circumferebatur.

255 2167 338 2197 Nam
374 2171 453 2197 ante
486 2164 595 2209 ὀλίγοι
625 2166 661 2197 δέ
686 2168 795 2198 minor
820 2171 893 2198 erat

252 2212 490 2252 interpunctio,
506 2217 584 2243 ante
599 2210 674 2243 ἐπεὶ
690 2213 743 2243 καὶ
761 2210 892 2243 ἐνθάδε

253 2260 365 2287 autem
392 2257 490 2297 plene
515 2257 798 2299 distinguebatur.
847 2258 894 2289 At

253 2302 343 2332 enim
375 2313 454 2333 vero
486 2302 566 2334 inde
597 2302 638 2333 ab
667 2300 773 2344 ὀλίγοι
799 2301 837 2334 δὲ
860 2314 890 2344 γ.

252 2357 376 2377 novam
408 2348 513 2379 ordiri
545 2349 769 2387 sententiam,
806 2358 892 2388 quae

252 2391 373 2422 deinde
411 2393 520 2424 fusius
558 2393 766 2433 illustretur,
807 2393 891 2424 adeo

253 2437 470 2469 manifestum
508 2441 576 2477 est,
616 2442 653 2469 ut
693 2440 748 2469 vix
787 2438 891 2470 verbo

252 2492 336 2523 opus
373 2483 425 2513 sit.
482 2482 572 2514 Illud
608 2487 719 2515 tamen
753 2494 891 2515 monen-

252 2527 331 2558 dum
364 2527 514 2566 videtur,
546 2529 686 2560 verbum
717 2530 892 2570 γίγνονται

253 2571 378 2604 habere
412 2571 567 2604 τόι-ωσιν.
616 2574 755 2604 Rectam
788 2575 889 2606 ratio-

252 2629 328 2649 nem
378 2618 556 2649 novissimi
603 2618 748 2650 editores
796 2620 891 2650 taciti

250 2662 464 2704 adoptarunt.
502 2664 610 2695 Affert
624 2663 715 2695 hunc
735 2664 891 2696 Platonis

251 2708 365 2740 locum
397 2709 623 2741 Plutarch.
653 2709 721 2740 Vit.
747 2709 888 2744 Aristid‚

963 1816 1036 1848 cap.
1060 1805 1114 1841 25.
1146 1806 1343 1849 philosophi
1376 1807 1600 1850 comprobans

961 1852 1136 1883 iudicium.

1007 1898 1044 1928 B.
1092 1897 1160 1929 καὶ
1203 1896 1266 1930 εἰς
1306 1895 1402 1931 τοὺς
1443 1895 1598 1931 ἄλλους

955 1940 1076 1984 Ἑλλ.]
1116 1954 1184 1974 non
1224 1942 1332 1974 solum
1371 1943 1460 1984 apud
1497 1943 1599 1974 Athe-

961 1989 1106 2018 nienses.
1156 1986 1224 2021 Εἰς
1264 1999 1307 2019 ne
1342 1989 1418 2029 quis
1451 1989 1599 2029 positum

961 2043 1020 2073 pro
1053 2031 1093 2063 ἐν
1123 2033 1296 2074 opinetur,
1329 2034 1470 2065 meliora
1501 2033 1598 2065 doce-

963 2077 1048 2108 bunt
1078 2089 1165 2118 quae
1195 2078 1343 2110 diximus
1376 2079 1418 2110 ad
1442 2079 1598 2120 Sympos.

961 2134 1035 2163 cap.
1054 2123 1129 2154 VII.
1166 2124 1335 2155 Videlicet
1353 2121 1522 2166 ε’λλόγιμωΊ
1548 2123 1599 2157 εἰς

964 2181 985 2199 τ.
1005 2168 1072 2199 ἄλλ.
1087 2167 1253 2210 ’Έλληνας
1272 2174 1413 2200 vocatur
1436 2170 1475 2208 is,
1500 2170 1598 2200 cuius

962 2214 1052 2244 fama
1092 2213 1260 2245 diffusa
1296 2218 1329 2245 et
1364 2224 1516 2255 sparsa
1548 2219 1600 2246 est

962 2259 1009 2290 ad
1035 2259 1233 2300 reliquos
1259 2259 1462 2291 Graecos.

1007 2304 1087 2345 Cap.
1113 2305 1288 2336 LXXXII.
1336 2301 1598 2346 ἐπισημηνά-

962 2361 1107 2387 μενος,
1142 2347 1221 2380 ἐάν
1254 2361 1293 2381 τε
1316 2349 1378 2389 -Ι
1419 2350 1478 2388 „In
1504 2349 1598 2381 Libr.

962 2395 1002 2426 X.
1039 2395 1078 2425 de
1114 2393 1257 2436 Republ.
1295 2405 1327 2436 p.
1362 2394 1437 2427 614.
1472 2395 1508 2426 C.
1545 2405 1597 2426 re-

961 2441 1066 2471 fertur
1111 2438 1269 2472 δικαστὰς
1320 2437 1444 2481 μεταξὺ
1495 2440 1598 2471 δυοῖν

960 2484 1145 2525 χασμάτων
1180 2485 1376 2525 καθῆσθαι·
1415 2482 1475 2517 οὓς
1507 2483 1597 2516 ἐπει-

961 2528 1001 2572 δὴ
1038 2527 1290 2566 διαδικάσειαν,
1336 2527 1413 2563 τοὺς
1450 2530 1514 2569 μὲν
1547 2528 1596 2561 δι-

959 2577 1078 2607 παίσωι
1108 2573 1259 2606 κελεύειν
1291 2573 1505 2615 πορεύεσθαι
1536 2573 1598 2616 τὴν

958 2619 1009 2653 ειᾎ,Ί
1041 2619 1158 2660 δεξιάν
1192 2632 1225 2651 τε
1257 2621 1312 2651 καὶ
1345 2617 1418 2652 ἄνω
1450 2617 1504 2652 διὰ
1538 2623 1596 2651 τοῦ

958 2662 1133 2706 οὐρανοῦ,
1170 2670 1328 2706 σημεῖα
1353 2663 1594 2705 περιάψαν-

961 2722 1030 2744 tas·
1071 2713 1138 2742 τῶν
1177 2709 1435 2750 δεδικασμένων
1473 2709 1512 2742 ἐν
1551 2713 1596 2753 τῷ
