1687 2969
198 185 249 219 98
742 179 1002 218 PLATONIS

200 288 480 341 παιδοτρίβην
510 287 618 328 ε’ίποι
656 286 710 328 ἂν
737 287 760 328 ὁ
788 286 1089 341 χρηματιστής,
1133 285 1189 333 ὡς
1220 276 1401 341 ἐγῷμαι,

135 353 171 397 C
202 355 488 404 καταφρονῶν
517 351 735 400 ἁπάντων,
777 352 939 392 Σκόπει
968 351 1095 404 δῆτα,

1443 283 1558 324 πάνυ

1140 345 1172 390 ὦ
1203 351 1444 400 Σώκρατες,
1486 348 1560 389 ἐάν

203 428 270 459 σοι
308 417 498 458 πλούτου
537 424 654 471 φανῇ
691 432 730 457 τι
768 418 911 470 μεῖζον
951 416 1121 468 ἀγαθὸν
1164 411 1268 468 ὂνῆ
1308 413 1424 466 παρὰ
1455 416 1560 464 Γορ-

204 484 274 538 γίᾳ
303 482 328 535 ἢ
358 479 451 533 παρ’
483 484 596 535 ἄλλῳ
627 481 814 536 ὁτῳοῦν.

857 484 1016 533 φαῖμεν
1058 479 1111 520 ἂν
1151 475 1230 520 οὖν
1258 479 1364 531 πρὸς
1403 478 1555 518 αὐτόν·

214 549 263 588 Τί
293 546 337 588 δὲ
367 548 441 601 δής
482 543 507 600 ἧ
538 547 591 587 σὺ
619 548 775 587 τούτου
806 546 1086 599 δημιουργός;
1130 544 1242 596 Φαίη
1271 546 1336 583 ἄν.
1375 543 1447 590 Τίς
1475 543 1560 591 ὤν;

211 613 513 665 Χρηματιστής.

208 678 380 730 ἀγαθὸν
409 673 516 716 εἶναι
555 679 764 724 πλοῦτονς

593 614 632 651 Τ
631 612 643 651 ι’
672 607 777 659 οὖνς
820 611 977 662 κρίνεις
1005 610 1058 650 σὺ
1085 608 1283 662 μέγιστον
1311 607 1560 659 ἀνθρώποις

804 677 1012 728 φήσομεν.

1086 675 1187 721 Πῶς
1215 672 1296 725 γὰρ
1326 675 1425 721 oiim
1466 671 1564 725 ἐρεῖ.

212 742 297 782 Καὶ
334 740 419 794 μὴν
455 742 708 794 [ἒμφιςβητεῖ
754 755 798 792 γε
841 740 1023 791 Γοργίας
1062 738 1131 780 ὅδε
1181 738 1260 791 τὴν
1302 733 1396 790 παρ’
1446 738 1561 793 αὐτῷ

208 807 357 860 τέχνην
384 807 575 859 μείζονος
603 806 773 857 α’γαθοὺ
802 805 941 845 αἰτίαν
970 800 1078 844 εἶναι
1106 803 1131 856 ἢ
1161 801 1239 856 τὴν
1268 803 1371 855 σήν,
1403 806 1562 854 φαῖμεν

211 872 265 912 ἂν
296 871 422 925 ἡμεῖς.
454 871 585 924 δῆλον
613 866 706 918 οὖν,
738 869 800 909 ὅτι
827 871 874 910 τὸ
903 868 1005 921 μετὰ
1034 872 1162 909 τοῦτο
1193 866 1314 920 ἔροιτ’
1344 869 1421 907 ἄν·

137 938 178 979 D
210 937 249 977 τί
278 935 364 976 ἐστι
401 942 527 976 τοῦτο
568 933 615 975 τὸ
656 935 847 987 α’γαθόνς
889 934 1197 984 α’ποκρι-νοέσθω
1237 932 1432 984 Γοργίας.

1476 865 1563 907 Καὶ

1477 928 1564 972 Ἴθι

215 997 294 1042 οὖν
322 1001 512 1053 νομίσας,
544 994 576 1039 ὦ
607 1000 792 1052 Γοργιά,
826 997 1065 1051 ἐρωτᾶσθαι
1094 997 1161 1037 καὶ
1192 997 1262 1037 ὑπ’
1294 995 1466 1037 ἐκείνων
1494 995 1565 1036 καὶ

214 1062 282 1107 ὑπ’
314 1065 429 1119 ἐμοῦ,
462 1065 688 1116 ἀπόκριναι
703 1097 713 1113 ,

743 1065 782 1104 τί
811 1063 896 1104 ἐστι
923 1067 1074 1109 τοῦτο,

1118 1063 1140 1102 ὃ
1170 1059 1255 1115 φῂς
1284 1061 1337 1102 σὺ
1366 1061 1565 1114 μέγιστον

214 1130 385 1184 ἀγαθὸν
419 1126 644 1177 εἶναιτοῖς
681 1129 929 1180 ἀνθρώποις
968 1126 1039 1168 καὶ
1076 1126 1119 1168 σὲ
1149 1125 1414 1180 δημιουργὸν
1456 1121 1566 1166 εἶναι

284 1303 321 1334 C.
370 1297 390 1344 ἦ
424 1300 470 1334 σὺ
505 1300 659 1333 τούτου
687 1300 788 1343 δημ]
825 1295 855 1343 ἦ,
887 1300 992 1342 vulgo
1018 1300 1182 1332 omissum
1205 1298 1311 1339 illud,
1343 1299 1566 1330 restituerunt

217 1348 333 1379 Clark.
350 1348 428 1379 vat.
450 1347 493 1378 A.
520 1347 605 1377 Ven.
633 1346 710 1378 ΞΣ.
745 1346 845 1377 Vind.
869 1344 899 1377 2.
935 1347 1010 1377 Par.
1036 1345 1152 1377 BCV.
1186 1345 1283 1377 Bodl.
1309 1345 1397 1386 Aug.
1423 1345 1561 1375 Meerm.

216 1394 306 1425 Flor.
333 1404 362 1424 a.
386 1393 418 1423 b.
443 1404 470 1423 e.
496 1391 526 1422 d.
555 1402 598 1422 m.

286 1435 360 1479 τὴν
383 1434 475 1478 παρ’
502 1434 615 1479 αὐτῷ
640 1434 813 1477 τέχνην]
840 1433 932 1478 αὑτῷ
957 1436 1035 1467 Par.
1059 1435 1099 1467 V.
1125 1434 1290 1477 probante
1315 1434 1483 1466 Bekkero.

264 1583 567 1623 καταφρονῶν
643 1577 855 1622 ἁπάντων]

220 1627 273 1659 Ad
312 1627 397 1659 haec
444 1626 708 1667 Olympiod.:
764 1623 855 1664 ἰδού,

221 1671 330 1704 οὐκέτι
364 1671 399 1704 τὸ
432 1669 451 1702 ἀ
465 1671 482 1702 δ
493 1671 534 1703 όλ
546 1683 571 1702 ω
584 1683 599 1704 ς
626 1670 856 1713 προςέθηκεν,

221 1717 341 1758 ἐπειδὴ
365 1715 468 1749 αὐτὸς
485 1714 502 1748 ὁ
521 1714 743 1758 χρηματισῑίμἱ
760 1715 857 1758 λέγει,

221 1761 258 1795 b's
284 1761 422 1793 πάντων
444 1765 669 1801 καταφρονεῖ.

267 1853 304 1883 C.
344 1852 424 1883 Καὶ
466 1849 546 1893 μὴν
586 1847 863 1891 ἀμφιςβητεῖ

221 1909 267 1939 γε
295 1896 345 1939 Γ.]
379 1894 386 1907 ’

223 1942 352 1973 aliam
407 1941 673 1973 sententiam
721 1940 859 1972 disoe-

222 1986 395 2018 dentem
412 1985 859 2027 contendere,utsaepe.

396 1896 635 1937 Αμφιςβητεῖν
659 1896 716 1927 hio
741 1900 792 1926 est
815 1896 858 1926 in

266 2077 310 2107 D.
358 2076 425 2107 καὶ
484 2074 527 2106 σὲ
585 2071 860 2117 δημιουργὸν

223 2117 342 2152 εἶναι
373 2118 522 2171 αὐτοῦ]
580 2120 729 2151 Deflexit
761 2130 781 2150 a
811 2130 860 2150 re—

220 2166 327 2197 lativo
364 2165 564 2207 pronomine
600 2164 642 2195 ad
674 2174 774 2195 usum
806 2164 861 2195 de-

221 2211 446 2242 monstrativi.
493 2209 650 2241 Debebat
673 2210 763 2240 enim
788 2220 860 2250 per-

221 2267 300 2298 gere
321 2257 389 2287 sie:
416 2255 470 2287 καὶ
491 2249 533 2286 οὗ
554 2255 593 2286 σὲ
610 2252 677 2296 φῂς
695 2254 816 2296 δημιοι
824 2265 859 2294 ρ-

221 2299 286 2342 γὸ]
310 2296 410 2332 εἶιαι
470 2299 535 2331 Sed
559 2299 647 2331 nihil
670 2299 735 2331 hoo
759 2299 861 2330 usita-

221 2347 300 2384 tius,
325 2345 385 2376 ubi
407 2345 588 2376 relativum
614 2345 681 2376 alio
707 2354 788 2375 casu
811 2355 861 2375 re-

222 2390 404 2431 petendum
437 2394 534 2421 esset.
591 2388 725 2420 Phileb.
749 2400 781 2430 p
806 2388 859 2420 12.

223 2436 269 2466 B:
298 2433 338 2477 ἠν
362 2431 441 2466 ὅδε’
452 2433 657 2488 Αφροδίτηί·
677 2433 741 2472 μὲ1
768 2433 859 2475 λέγε-

226 2481 316 2510 offa(
344 2489 446 2520 ([ησι,
489 2478 523 2509 τὸ
564 2476 590 2510 δ’
627 2476 860 2532 ἀληῗέστατον

224 2522 354 2565 αὐτῆς
379 2522 488 2561 [impla
503 2521 662 2577 ‘·H‹501⁷¹71·
683 2519 782 2554 εἶ1αι.
809 2524 859 2554 De

222 2568 367 2610 Republ.
401 2579 434 2610 p.
458 2567 535 2600 500.
558 2569 605 2599 E:
638 2566 655 2598 ὃ
683 2567 723 2610 δὴ
749 2566 860 2600 διώκει

223 2614 286 2652 μὲν
325 2612 441 2644 ἅπασα
481 2612 570 2655 ψυχὴ
611 2613 665 2644 κα)
707 2612 858 2645 τούτου

222 2659 323 2690 ἕνεκα
348 2656 456 2689 πάντα
483 2656 629 2698 πράττει.
660 2658 802 2689 Lachet.
827 2668 858 2699 p.

222 2703 297 2736 192.
315 2704 363 2734 Α;
399 2700 417 2735 ὃ
442 2703 496 2734 καὶ
519 2701 558 2733 ἐν
574 2705 618 2745 τῷ
637 2702 765 2744 τρέχειν
782 2714 857 2745 τυγ-

925 1579 1017 1620 χά1ει
1050 1577 1092 1611 ὂ)
1118 1577 1198 1621 ἡιιιι
1231 1579 1285 1611 καὶ
1319 1578 1360 1611 ἐπ
1391 1582 1435 1622 τῷ
1466 1580 1566 1633 miht-

929 1626 1040 1665 ρι”ζεῃ
1074 1643 1116 1648 -
1148 1626 1201 1656 καὶ
1245 1623 1367 1665 σχεδόν
1398 1636 1425 1656 τι
1462 1621 1566 1655 αὐτὸ

927 1669 1138 1711 κεκτήιιεθα,
1180 1664 1222 1701 οὗ
1266 1670 1320 1701 καὶ
1361 1668 1437 1710 πέρι
1469 1667 1568 1709 ἄξιον

927 1714 1037 1757 λέγειν
1068 1727 1097 1747 κ.
1123 1727 1145 1745 τ.
1172 1716 1197 1746 λ.
1230 1715 1320 1746 Pmt.
1354 1725 1384 1755 p.
1421 1713 1497 1746 313.
1527 1715 1565 1745 B.

928 1761 955 1791 B
966 1771 988 1791 u
998 1764 1011 1790 t
1021 1765 1032 1790 t
1042 1771 1084 1791 m.
1103 1760 1159 1791 Gr.
1178 1760 1207 1798 ξ.
1220 1758 1294 1792 138.
1311 1760 1354 1790 ΙΙ.
1370 1757 1401 1791 4.
1418 1759 1453 1790 Μ
1463 1770 1482 1790 a
1492 1759 1564 1792 tth.

929 1806 958 1843 ξ.
983 1803 1058 1836 469.
1084 1823 1126 1828 -—
1151 1806 1202 1836 De
1227 1805 1287 1835 illo
1319 1802 1398 1842 ἅμα
1422 1804 1499 1842 μὲν
1522 1822 1566 1826 -

928 1849 1009 1888 ἅμα
1045 1849 1089 1880 δέ
1132 1854 1165 1881 et
1195 1849 1236 1880 de
1261 1851 1334 1881 Lat.
1368 1849 1499 1880 simul
1523 1867 1567 1871 —

929 1905 943 1926 s
957 1894 1060 1925 imul
1093 1905 1125 1925 v.
1157 1894 1200 1926 ad
1231 1893 1403 1926 Phaedon.
1435 1904 1466 1935 p.
1493 1892 1568 1925 108.

929 1940 970 1970 D.
1004 1939 1056 1970 ed.
1087 1943 1190 1970 nostr.
1225 1958 1269 1962 —
1299 1940 1365 1970 Pro
1400 1950 1439 1970 zo
1450 1942 1472 1970 ῦ
1502 1936 1566 1969 ἅλ-

929 1985 982 2015 λω
998 1996 1015 2014 1¹
1072 1981 1225 2024 ἄρχειν
1272 1983 1567 2015 Heindorfius

929 2032 987 2060 τοῦ
1004 2032 1070 2060 τῶν
1085 2027 1196 2060 ἄλλων
1216 2026 1333 2069 ἄρχειν
1350 2028 1567 2060 scribendum

928 2074 1094 2114 coniecit,
1148 2084 1291 2115 eamque
1339 2075 1568 2105 coniecturam

929 2119 955 2151 C
966 2130 984 2150 o
995 2130 1010 2150 r
1020 2130 1040 2150 a
1050 2130 1066 2150 e
1078 2130 1093 2150 s
1117 2120 1253 2160 recepit.
1291 2118 1358 2149 Sed
1382 2119 1445 2150 etsi
1470 2117 1567 2150 Bodl.

928 2164 1067 2195 Routhii
1085 2175 1145 2205 pro
1160 2167 1218 2195 τοῦ
1232 2161 1490 2195 ἄλλωνοΧῇἱὺθῢ
1500 2166 1566 2194 τῶν

928 2206 1056 2246 ἄλλων,
1101 2212 1214 2240 tamen
1245 2208 1421 2250 vulgatam
1452 2209 1568 2240 lectio-

928 2265 1005 2285 nem
1020 2254 1232 2285 retinendam
1247 2253 1451 2285 iudicamus.
1477 2252 1566 2293 Quid

929 2299 1019 2330 enim
1050 2303 1115 2337 est,
1154 2298 1245 2339 quod
1281 2298 1463 2330 articulum
1500 2301 1567 2329 τῶν

928 2345 965 2374 111
982 2344 1047 2375 hae
1062 2344 1232 2374 sententia
1249 2342 1368 2375 abesse
1382 2354 1450 2374 non
1466 2354 1564 2384 posse

929 2398 1006 2419 cum
1039 2389 1072 2419 H
1083 2399 1099 2419 e
1110 2389 1121 2419 i
1131 2399 1150 2418 n
1164 2388 1184 2419 d
1196 2399 1214 2420 o
1223 2399 1239 2419 1·
1248 2388 1279 2419 fi
1289 2399 1307 2420 o
1340 2387 1567 2420 arbitremur?

928 2434 1033 2465 Estne
1066 2433 1149 2465 satis
1181 2437 1271 2465 reete
1296 2433 1421 2465 dictum
1434 2457 1441 2471 ,
1475 2431 1566 2474 quod

930 2479 1075 2519 Gorgias
1119 2481 1224 2510 artem
1273 2477 1474 2510 rhetoricam
1519 2478 1567 2508 ait

928 2523 992 2554 hoe
1016 2522 1170 2562 efficere,
1194 2527 1232 2554 ut
1257 2523 1364 2554 aliis
1388 2523 1565 2563 impere-

928 2578 1016 2599 mus
1049 2568 1091 2598 in
1127 2578 1202 2599 sua
1234 2568 1423 2608 quisque
1461 2567 1566 2598 eivi-

928 2616 1018 2644 tate
1030 2614 1045 2642 ¹?
1077 2623 1120 2643 an
1151 2612 1223 2644 ullo
1249 2616 1448 2654 argumento
1474 2611 1565 2643 effici

927 2658 1066 2698 poterit,
1098 2661 1135 2689 ut
1159 2657 1339 2689 dicendum
1363 2657 1469 2688 fuisse
1494 2666 1566 2688 cre-

927 2702 1046 2734 damus
1108 2703 1267 2735 ceteris
1320 2702 1563 2743 imperare?
