1687 2969
188 207 210 241 8
217 207 238 241 6
724 200 984 239 PLATONIS

126 327 139 343 ,-
186 310 320 361 ὥςπερ
348 310 398 351 τὰ
429 306 670 362 ἔμπροσθέν
697 318 764 350 σοι
789 308 1034 349 ὑπετείνατο
1060 309 1290 358 Χαιρεφῶν
1318 305 1388 347 καὶ
1423 302 1540 362 αὐτῷ

72 377 155 418 449

184 378 321 423 καλῶς
348 374 417 415 καὶ
445 374 513 415 διὰ
543 371 734 426 βραχέων
773 374 1008 425 ἀπεκρίνω,
1049 372 1117 412 καὶ
1156 375 1240 412 νῦν
1269 370 1402 419 οὕτως
1431 371 1532 419 εἰπέ,

185 441 245 488 τίς
272 441 300 494 ἡ
327 438 448 493 τέχνη
477 438 548 480 καὶ
585 439 680 479 τίνα
710 439 898 490 Γοργίαν
937 439 1080 479 καλεῖν
1107 435 1184 490 χρὴ
1212 436 1333 490 ἡμᾶς.
1376 438 1538 489 μᾶλλον

186 503 251 553 δέ,
283 500 315 545 ὦ
346 505 531 558 Γοργία,
573 501 700 552 αὐτὸς
729 504 831 556 ἡμῖν
861 501 970 554 εἰπέ,
1008 501 1102 542 τίνα
1132 511 1176 542 σε
1204 500 1280 554 χρὴ
1309 504 1453 541 καλεῖν
1482 499 1539 548 ὡς

185 571 302 618 τίνος
336 570 595 623 ἐπιστήμονα
623 567 791 621 τέχνηςς
823 570 947 609 ΓΟΡ.
986 569 1070 619 Τῆς
1100 565 1344 619 ῥητορικῆς,
1385 560 1417 606 ὦ
1447 565 1538 606 Σώ-

187 649 348 687 κρατες.
377 636 476 675 Σῼ.
498 630 690 687 ιΡήτορα
719 636 801 683 ἄρα
829 633 906 685 χρή
938 643 981 671 σε
1003 634 1167 679 καλεῖνς
1199 632 1324 671 ΓΟΡ.
1350 627 1538 684 Ἀγαθόν

188 714 248 753 γε,
281 694 313 739 ὦ
335 699 573 752 Σώκρατες,
604 699 638 739 εἰ
667 697 717 751 δὴ
746 694 769 738 ὅ
797 711 843 750 γε
876 700 1050 749 εὔχομαι
1074 691 1196 741 εἶναι,
1227 694 1283 743 ὡς
1309 692 1389 748 ἔφη
1407 691 1537 748 “Ogm-

187 780 274 817 ρος.
308 765 452 817 βούλει
475 778 523 816 με
547 766 702 804 καλεῖν.
733 763 834 803 ΣΩ.
860 757 982 802 Ἀλλὰ
1003 762 1222 813 βούλομαι.
1255 761 1380 802 ΓΟΡ.
1408 761 1541 802 Κάλει

186 830 252 883 δή.
304 831 400 869 ΣΩ.
436 824 611 869 Οὐκοῦν
649 826 718 868 καὶ
760 829 915 874 ἄλλους
955 838 998 867 σε
1029 828 1176 878 φῶμεν
1204 825 1392 866 δυνατὸν
1429 821 1538 866 εἶναι

186 897 340 942 ποιεῖν;
394 896 435 934 Γ
436 894 519 933 ΟΡ.
545 888 881 945 Ἐπαγγέλλομαί
908 905 954 944 γε
984 889 1034 944 δὴ
1064 897 1198 931 ταῦτα
1229 886 1282 931 οὐ
1310 891 1447 944 μόνον
1476 889 1538 931 ἐν-

184 959 305 1007 θάδε,
335 957 439 998 ἀλλὰ
468 956 538 998 καὶ
566 959 730 997 ἄλλοθι.
784 958 884 996 ΣΩ.
908 948 990 1008 Ἆρ’
1034 951 1114 996 οὖν
1143 954 1362 1009 ἐθελήσαις
1391 957 1463 1006 ἄν,
1507 950 1540 996 ὦ

252 1082 290 1113 Ρ.
321 1079 400 1113 449.
447 1081 515 1111 καὶ
552 1082 631 1112 νῦν
662 1077 794 1112 οὕτως
826 1078 942 1121 εἰπέ]
980 1078 1094 1120 Vulgo
1126 1079 1180 1109 καὶ
1219 1081 1284 1109 νῦν
1315 1072 1383 1109 οὖν
1417 1076 1536 1111 οὕτως.

185 1126 251 1158 Sed
268 1120 344 1164 οὖν,
370 1126 575 1157 insolentius
601 1124 820 1164 collocatum,
845 1134 956 1155 errore
981 1128 1099 1155 natum
1120 1127 1171 1155 est
1193 1127 1351 1165 recteque
1376 1123 1543 1154 omittitur

185 1172 221 1202 in
253 1171 368 1203 Clark.
401 1170 506 1202 Coisl.
540 1171 615 1201 Par.
648 1169 808 1201 BCFW.
845 1169 946 1200 Vind.
982 1168 1012 1200 1.
1037 1168 1068 1201 6.
1101 1172 1134 1200 et
1166 1179 1288 1200 novem
1320 1168 1542 1200 Florentinis.

185 1216 334 1248 Defendi
358 1215 460 1255 olim,
485 1225 578 1246 nuno
604 1225 671 1246 non
698 1214 888 1246 defendam.
938 1214 1066 1246 Tenuit
1090 1218 1204 1245 tamen
1230 1213 1418 1246 Bekkerus.
1458 1215 1542 1245 Mox

187 1261 302 1294 Clark.
328 1271 445 1293 rursus
471 1254 541 1301 ἆρα
565 1271 625 1302 pro
651 1257 728 1300 ἄρα.

894 1369 1017 1404 ούτους
1047 1368 1177 1413 λέγειν,
1212 1370 1244 1402 h.
1271 1380 1302 1401 e.
1324 1369 1545 1410 subiecit,

184 1373 261 1405 deto
285 1384 326 1414 ap
329 1372 374 1403 ud
398 1372 576 1403 Platonem
603 1371 824 1412 frequentius.

895 1416 1139 1458 suggessit,
1186 1418 1231 1446 ut
1271 1415 1381 1447 talia
1430 1415 1541 1447 diee-

183 1420 236 1450 De
261 1417 406 1459 Republ.
430 1417 492 1451 ΙΙΙ.
518 1428 549 1459 p.
573 1415 649 1449 413.
674 1418 720 1448 D.
746 1427 825 1447 ουκ-

185 1467 251 1494 οῦι
289 1464 344 1495 καὶ
378 1464 492 1501 τρίτου
526 1461 645 1494 εἴδους
678 1464 736 1493 τοῦ
769 1464 826 1503 τῆς

183 1519 339 1551 γοητειας
382 1506 522 1546 ἅιιιλλατ
569 1505 728 1548 ποιητέοι
771 1505 824 1537 καὶ

183 1553 349 1585 θεατέον
376 1551 417 1585 ώζ
418 1564 488 1593 περ
510 1564 588 1585 τους
612 1549 746 1584 πώλου,Ἷ
769 1550 824 1582 ἐπὶ

184 1597 263 1631 τοὺς
304 1595 444 1638 ψόφους
482 1608 516 1628 τε
553 1596 607 1629 καὶ
641 1594 826 1637 θορύβους

184 1641 326 1686 ἅγοιτες
363 1645 553 1674 σκοποῦσι]
590 1641 624 1673 εί
661 1641 824 1682 φοβεροί,

183 1687 271 1719 οὕτω
300 1687 400 1721 πέους
426 1685 526 1720 ὄντας
551 1686 602 1720 είς
629 1684 768 1725 δείματά
794 1697 826 1717 τε

183 1731 364 1772 κομιοτέοι
393 1744 422 1763 κ.
456 1745 478 1763 τ.
510 1734 534 1764 λ.
586 1718 670 1762 Ibid.
704 1731 762 1765 VI.
794 1741 826 1772 p.

182 1777 259 1810 497.
284 1779 322 1809 Β.
347 1777 440 1808 VIII.
470 1789 500 1819 p.
528 1775 602 1809 557.
628 1777 665 1808 G.
690 1776 824 1808 Politia.

181 1834 213 1864 p.
238 1821 314 1855 296.
333 1823 372 1854 E.
398 1833 466 1863 seq.
491 1823 595 1863 Legg.
624 1822 666 1853 II.
692 1832 723 1863 p.
749 1819 825 1853 659.

181 1869 220 1899 Ε.
246 1869 383 1899 Menon.
410 1879 442 1909 p.
469 1866 519 1899 70.
545 1868 586 1898 E.
619 1867 759 1898 Theaet.
792 1876 824 1907 p.

181 1911 256 1945 172.
283 1913 335 1951 D.⁷
359 1912 419 1943 ubi
444 1923 474 1942 v.
501 1911 733 1943 Heindorf.
758 1910 825 1942 col-

182 1958 241 1989 lat.
261 1961 376 1988 annot.
400 1956 442 1988 ad
460 1956 634 1988 Phaedon.
652 1967 685 1997 p.
697 1955 741 1988 33
755 1966 824 1996 seq.

181 2002 231 2034 ed.
244 2007 348 2034 nostr.
379 2002 497 2043 Itaque
511 2002 598 2032 male
612 2011 702 2033 unus
715 2001 821 2032 Flor.:

181 2046 226 2080 ὥς
232 2059 295 2088 περ
314 2047 353 2079 δὲ
368 2045 406 2077 τὰ
424 2047 636 2087 ἔιιπροσθει.
670 2046 824 2077 Indidem

180 2093 279 2123 fluxit
311 2091 399 2133 quod
432 2092 536 2135 vulgp
569 2095 646 2133 post
681 2095 743 2122 ιῦν
774 2091 823 2121 in-

180 2142 307 2168 sertum
335 2137 461 2178 legitur
485 2137 561 2168 οὐκ]
585 2155 625 2160 --
655 2133 821 2167 ὑποτεί-

183 2182 343 2213 τεοθαι
367 2186 419 2214 est
442 2180 760 2223 interrogando
783 2183 824 2212 et

180 2226 445 2268 disputando
494 2236 738 2267 supponere
796 2236 821 2256 s,

180 2281 422 2313 suggerere
461 2282 593 2312 eoque
635 2271 822 2312 aliquem

183 2317 346 2347 sensim
401 2315 450 2347 ad
507 2315 692 2369 aliquid
734 2326 822 2357 per-

177 2360 333 2392 ducere
395 2364 436 2392 et
492 2362 617 2401 quasi
673 2358 692 2392 ι’
705 2372 821 2391 ποτι-

180 2404 309 2436 ’κέναι
330 2416 354 2436 s.
378 2403 649 2446 υποβιὶλλειν
666 2406 704 2436 ei
722 2405 821 2446 quid

176 2449 526 2491 respondendum
574 2451 649 2488 sit,
710 2456 821 2481 unter—

176 2495 310 2526 breiten.
345 2495 521 2526 Theaetet.
548 2506 579 2536 p
606 2494 680 2527 180.
706 2496 749 2526 Β;
777 2507 820 2537 τι)

177 2551 234 2576 τοι,
273 2539 299 2571 ω’
346 2541 423 2579 φιλε
464 2506 644 2579 Θεόδὶωρε,
694 2541 821 2578 μᾶλλοι

179 2583 343 2616 οκεπτέοι
369 2583 406 2624 ἐξ
431 2582 548 2625 ἀρχῆς,
581 2583 626 2618 ὥς
613 2596 695 2625 περ
722 2582 818 2616 αι’τοὶ

177 2627 422 2660 ι’·ποτεινοιται
471 2629 574 2660 Eur
565 2641 615 2670 lp
645 2630 756 2661 Orest.
787 2641 819 2662 v.

176 2673 262 2706 905:
300 2671 366 2705 ὑπὸ
405 2671 432 2705 δ
468 2673 572 2704 ἑτειιέ
611 2673 818 2715 Τυνδάρεως

175 2717 297 2761 λόγους
317 2722 361 2761 τῷ
382 2717 459 2759 σφώ
477 2721 726 2751 κατακτείνοντι
752 2732 817 2751 τοι-

895 1465 977 1500 ret,
1027 1459 1189 1502 quibus
1230 1460 1415 1502 Argivis
1453 1471 1542 1503 per-

896 1505 1126 1545 suaderet,
1166 1505 1448 1547 quemadmodum
1485 1516 1542 1537 ve-

894 1551 1026 1582 rissime
1070 1550 1183 1582 locum
1215 1551 1458 1592 interpretatus
1490 1555 1544 1583 est

895 1596 916 1628 S
926 1606 944 1628 e
953 1596 976 1627 h
986 1606 1006 1627 a
1017 1606 1034 1627 e
1044 1596 1082 1628 fe
1092 1606 1117 1627 r.

931 1684 1053 1717 P.449.
1070 1685 1138 1716 καὶ
1158 1688 1239 1715 νῦν
1263 1682 1396 1717 οὕτως
1422 1683 1538 1725 εἰπέ]

896 1731 934 1762 ln
958 1731 1022 1762 hae
1047 1731 1229 1762 verborum
1247 1729 1472 1761 collocatione
1497 1740 1540 1761 ne

893 1776 1053 1814 haereas,
1090 1774 1209 1806 eodem
1239 1774 1339 1806 modo
1364 1774 1540 1806 Phaedon.

893 1832 924 1862 p.
950 1819 1003 1854 61.
1019 1821 1066 1852 A:
1102 1818 1215 1861 ὥςπερ
1252 1819 1287 1851 οἱ
1318 1823 1387 1853 τοῖς
1412 1818 1537 1873 ᾅέουσι

895 1862 1183 1904 διακελευόμειοι,
1210 1866 1264 1896 καὶ
1286 1864 1361 1903 ἐμοὶ
1388 1863 1476 1895 οὕτω
1503 1863 1537 1896 τὸ

895 1909 1071 1942 ἐιύπνκιοι
1136 1909 1281 1941 Phaedr.
1306 1920 1353 1962 p.
1385 1908 1461 1941 230.
1487 1911 1539 1941 D.

894 1953 1005 1995 ὥςπερ
1060 1952 1124 1997 γὰρ
1183 1954 1217 1986 οἱ
1280 1951 1317 1985 τὰ
1368 1958 1538 1986 πειιιῦντα

893 1999 1071 2041 θρέμιιατα
1090 2018 1131 2022 -
1152 1997 1288 2039 καρπὸι
1313 2009 1538 2040 προσειοντες

892 2043 1024 2088 ἄγουσι,
1050 2042 1092 2076 σὺ
1111 2043 1185 2083 ἐμοὶ
1206 2043 1328 2087 λόγους
1344 2042 1387 2075 οἵ
1392 2056 1433 2076 τω
1452 2056 1537 2085 προ-

893 2093 1017 2122 τειίων
1041 2109 1085 2113 —
1119 2092 1237 2130 φαίνει
1269 2087 1454 2130 περιάξειν
1478 2089 1538 2121 ubi

892 2135 991 2177 pluia
1034 2134 1200 2166 dedimus.
1260 2134 1442 2166 Falluntur
1479 2135 1538 2176 qui

892 2190 1000 2221 nuper
1041 2179 1127 2211 duce
1166 2180 1418 2211 Hermanno
1460 2184 1539 2221 post

891 2223 1068 2265 ἀπεκρίνω
1093 2225 1228 2266 plenius
1252 2224 1492 2257 distinxerunt.

937 2315 1032 2345 τίνα
1075 2323 1121 2344 σε
1164 2310 1243 2355 χρὴ
1293 2315 1442 2345 καλεῖν
1453 2312 1536 2390 Cois

891 2358 1027 2401 τίνος]
1087 2358 1173 2390 Vide
1211 2358 1254 2390 ad
1291 2369 1324 2401 p.
1351 2357 1426 2391 448.

934 2445 1129 2490 Ἀγαθότ
1153 2447 1272 2490 γε-]
1299 2448 1342 2480 Η.
1369 2460 1395 2481 e.
1424 2459 1537 2491 egre-

888 2494 1008 2539 gium
1033 2496 1164 2524 certe.
1179 2512 1223 2516 —
1247 2491 1266 2524 ὅ
1289 2505 1335 2536 γε
1359 2505 1537 2535 ευχομαι

890 2540 927 2570 εἰ
939 2549 1015 2569 ναι.
1082 2538 1244 2569 Formula
1283 2539 1431 2570 Homero
1471 2539 1536 2570 sol-

888 2583 1023 2622 lemnis,
1061 2584 1191 2614 nemini
1216 2584 1342 2624 ignota.
1390 2584 1536 2616 Notatur

888 2632 1001 2660 autem
1042 2628 1191 2670 Gorgiae
1226 2629 1335 2660 fastus
1378 2632 1411 2659 et
1446 2639 1535 2660 arro-

887 2673 1014 2715 gantia,
1053 2674 1111 2713 qui
1137 2684 1172 2704 se
1197 2674 1269 2715 ipse
1294 2674 1419 2705 iactare
1447 2673 1533 2705 sole-

886 2718 947 2751 bat
990 2721 1159 2750 oratorem
1209 2722 1448 2760 praestantem.
1489 2725 1538 2743 -’
