1687 2969
593 99 897 137 ..nv-

68 213 253 257 tuendos
291 227 397 255 esse.
467 213 520 254 In
551 227 636 268 quo
667 228 799 267 quum
829 226 1061 268 puerorum
1089 227 1275 254 amorem
1303 211 1414 252 intcr

68 270 300 328 populares
342 284 443 312 suos
482 270 620 312 civilis
658 269 831 310 virtutis
879 275 921 310 et
957 268 1213 325 prudentiae
1262 283 1415 310 caussa

67 329 229 370 cultum
279 327 334 369 ob
384 327 533 369 oculos
575 326 796 379 habuerit,
841 338 933 367 tum
977 341 1066 366 rem
1105 341 1274 367 omnem
1312 340 1414 381 pro-

36 385 185 438 ¹vexit
225 383 354 426 etiam
401 383 621 438 aliquanto
660 383 864 437 ulterius,
925 381 1276 437 quandoquidem
1313 381 1414 424 inde

65 440 368 498 philosophiae
396 440 527 482 latius
558 438 867 496 propagandae
904 439 1113 481 rationem
1153 444 1281 493 atque
1328 438 1414 481 dis-

67 499 271 555 ciplinam
299 498 484 554 repetiit.
558 497 858 539 Beatissimam
884 512 987 538 vero
1018 495 1228 537 iudicavit
1268 511 1415 537 eorum

66 555 384 608 conditionem,
424 554 498 609 qui
534 554 620 596 isto
658 560 788 609 pacto
831 553 1049 596 coniuncti
1077 553 1208 594 vitam
1239 551 1414 608 degant.

66 612 183 654 Nam
212 611 248 654 si
277 611 340 652 illi
369 617 605 664 amatores,
637 610 792 666 inquit,
826 617 986 665 quanto
1016 610 1100 666 ipsi
1126 608 1269 651 studio
1300 624 1416 650 ama-

65 676 158 710 tum
187 668 528 724 amplectuntur,
568 673 691 709 tanto
723 667 915 709 vicissim
955 668 1008 709 ab
1042 683 1091 709 eo
1121 665 1413 719 redamantur,

65 726 238 780 utrique
266 725 462 781 profecto
493 724 703 766 maximae
741 725 968 780 potiuntur
1005 723 1225 766 felicitatis
1254 723 1414 776 fructu,

65 781 279 838 siquidem
307 782 510 837 utrinque
547 781 659 823 fiunt
694 781 918 823 laetissimi
957 781 1002 822 in
1037 780 1212 823 virtutis
1255 795 1305 821 ac
1347 795 1417 822 sa-

64 839 252 896 pientiae
276 838 420 881 studio
443 853 717 895 progressus.
758 837 858 891 Quo
881 838 976 894 ipso
995 837 1197 890 efficitur,
1223 842 1270 878 ut
1289 837 1414 878 ambo

64 896 205 952 pulcri
234 911 377 937 amore
406 895 573 937 incitati
602 902 730 951 atque
762 895 994 937 sustentati
1014 895 1059 936 in
1078 895 1161 936 hac
1183 894 1272 935 vita
1302 909 1416 935 mor-

66 953 144 994 tali
171 968 260 994 non
289 951 418 994 modo
448 951 691 993 divinarum
722 968 864 994 rerum
906 951 1268 1008 contemplatione
1306 950 1416 992 inef-

67 1009 188 1051 fabili
218 1024 316 1051 cum
343 1009 570 1065 voluptate
598 1010 810 1063 fruantur,
844 1024 994 1050 verum
1022 1009 1151 1050 etiam
1195 1023 1288 1049 eam
1309 1022 1416 1048 nan-

65 1066 286 1108 ciscantur
324 1065 550 1119 virtutem,
604 1072 652 1107 ut
691 1067 858 1108 animus
896 1066 1088 1121 ipsorum
1136 1064 1192 1106 ad
1232 1064 1417 1106 celsiora

65 1128 232 1164 erectus
271 1136 422 1164 rursus
463 1123 555 1164 eius
593 1122 812 1164 felicitatis
862 1123 1080 1178 particeps
1126 1122 1223 1163 fieri
1269 1128 1413 1176 queat,

65 1195 151 1235 qua
190 1178 291 1220 olim
326 1179 371 1220 in
413 1179 502 1221 vita
540 1178 750 1221 diviniore
787 1194 890 1222 usus
927 1179 1022 1220 fuit.
1083 1195 1123 1220 v.
1154 1177 1341 1220 Phaedr.
1372 1192 1414 1234 p.

177 1293 326 1347 Atque
364 1291 473 1333 haec
516 1291 691 1346 quidem
740 1291 794 1334 de
833 1307 975 1334 amore
1015 1291 1239 1344 Platonis,
1287 1306 1415 1346 quem

63 1350 149 1392 iam
174 1350 294 1403 satis,
316 1349 484 1406 opinor,
516 1349 718 1405 apparuit
735 1349 842 1391 nihil
864 1364 958 1392 esse
979 1348 1094 1391 aliud
1116 1349 1199 1391 nisi
1221 1347 1415 1390 divinum

65 1406 280 1463 quendam
319 1406 476 1448 mentis
506 1406 724 1462 animique
764 1407 1016 1449 instinctum
1067 1416 1110 1447 et
1156 1405 1412 1462 appetitum,

64 1479 149 1519 quo
180 1463 417 1519 sapientiae
449 1462 633 1505 studiosi
661 1471 871 1520 perpetuo
910 1463 965 1505 ad
1003 1463 1226 1505 absolutae
1255 1463 1413 1504 verita-

62 1522 118 1563 tis
160 1519 352 1562 studium
393 1520 666 1562 concitentur
714 1527 757 1562 et
796 1536 820 1561 a
859 1536 1002 1562 rerum
1032 1520 1257 1561 humilium
1294 1520 1413 1576 cogi-

61 1577 226 1619 tatione
257 1577 427 1618 avocati
457 1576 512 1617 ad
542 1592 713 1633 magna,
744 1578 882 1631 celsa,
916 1577 1062 1618 divina
1091 1582 1412 1618 convertantur.

177 1633 407 1689 Pergimus
438 1632 493 1674 ad
523 1632 807 1687 dialecticam,
842 1650 970 1689 quarn
1000 1634 1127 1675 Plato
1158 1633 1286 1675 sicuti
1315 1648 1412 1675 cum

63 1690 243 1733 coelesti
261 1689 455 1732 idearum
465 1690 733 1746 spectatione
744 1698 890 1732 natam
912 1705 1006 1732 esse
1017 1690 1199 1743 censuit,
1209 1690 1270 1731 ita
1283 1690 1412 1731 etiam

63 1763 162 1790 cum
191 1762 337 1788 amore
368 1744 515 1788 divino
547 1747 785 1789 arctissime
815 1748 1047 1789 cohaerere
1078 1747 1310 1789 arbitratus
1331 1752 1410 1788 est.

176 1802 378 1846 Vidimus
407 1804 541 1860 igitur
569 1804 614 1845 in
650 1805 802 1846 animis
834 1804 980 1846 divino
1011 1819 1155 1846 amore
1194 1804 1410 1846 instinctis

63 1866 108 1901 et
134 1861 360 1903 concitatis
399 1860 690 1917 largissimum
725 1862 936 1904 contineri
975 1860 1278 1918 philosophiae
1313 1860 1410 1902 fon-

63 1923 174 1971 tem,
213 1916 328 1959 unde
366 1918 565 1974 primitus
598 1918 736 1960 omnis
768 1919 860 1961 eius
894 1918 959 1961 Vis
990 1924 1119 1974 atque
1163 1918 1290 1974 copia
1320 1933 1410 1960 ma-

63 1989 169 2016 nare
207 1973 493 2016 existimanda
533 1974 603 2017 sit.
680 1976 744 2017 At
781 1976 893 2017 enim
930 1991 1034 2017 vero
1075 1975 1243 2017 etiamsi
1282 1975 1411 2017 huius

64 2031 219 2072 amoris
276 2031 462 2078 maxima
513 2032 569 2074 sit
627 2031 683 2073 ad
739 2032 856 2074 illam
921 2033 1086 2074 utilitas
1147 2032 1413 2074 uberrimus-

63 2102 148 2142 que
195 2088 387 2142 fructus,
438 2088 652 2144 siquidem
701 2103 781 2145 per
828 2104 924 2131 eum
965 2089 1203 2146 sapientiae
1243 2087 1413 2130 deside-

63 2144 174 2186 rium
202 2151 412 2201 perpetuo
440 2145 486 2186 in
512 2145 664 2187 animis
685 2146 822 2188 cietur
846 2145 1042 2201 adeoque
1062 2145 1256 2187 idearum
1285 2145 1415 2186 beata

65 2202 369 2257 contemplatio
401 2201 613 2254 efficitur3
632 2210 779 2245 tamen
800 2218 910 2259 opus
932 2203 1034 2245 item
1063 2209 1129 2243 est
1153 2208 1244 2243 arte
1269 2201 1414 2257 aliqua

67 2262 195 2312 atque
221 2258 448 2314 facultate,
497 2275 584 2315 qua
609 2258 705 2301 fieri
733 2261 900 2316 possit,
942 2266 991 2301 ut
1021 2259 1187 2300 animus
1248 2274 1411 2311 eorum,

69 2327 177 2376 quae
206 2330 372 2369 amare,
414 2322 618 2373 appetere
649 2323 692 2358 et
719 2332 816 2358 cum
845 2316 1068 2372 voluptate
1105 2315 1262 2357 intueri
1300 2314 1413 2356 didi-

68 2375 196 2423 cerlt,
227 2373 425 2415 conscius
457 2373 539 2415 sibi
568 2373 657 2414 fiat.
718 2374 869 2415 Talem
898 2388 1001 2415 vero
1031 2378 1165 2414 artem
1205 2379 1248 2414 et
1276 2372 1412 2414 facul—

65 2431 199 2467 tatem
227 2427 354 2471 Plato
381 2430 548 2472 censuit
578 2445 674 2472 esse
704 2430 984 2472 dialecticam.
1054 2429 1124 2471 De
1156 2429 1278 2472 cuius
1316 2429 1412 2484 qui-

67 2481 165 2546 dem
196 2485 359 2546 caussis
388 2492 431 2528 et
450 2487 691 2544 originibus
721 2487 796 2529 ubi
818 2487 1076 2542 quaerimus,
1108 2492 1204 2528 orta
1230 2491 1296 2528 est
1317 2486 1413 2542 ipsa

65 2551 168 2603 ltem
196 2554 241 2580 m
269 2540 359 2583 vita
388 2543 564 2586 coelesti
592 2559 679 2586 una
709 2559 807 2586 cum
829 2542 1021 2585 idearum
1040 2543 1323 2600 spectatione,
1355 2542 1412 2584 si-

67 2602 157 2637 cuti
194 2597 419 2660 perspicue
460 2599 639 2642 docetur
677 2599 865 2642 Phaedr.
905 2615 948 2657 p.
980 2602 1076 2642 249.
1106 2599 1158 2642 Β.
1190 2615 1304 2655 sqq.,
1337 2598 1413 2640 ubi

66 2651 164 2709 lege
195 2652 342 2696 dlvina
369 2655 431 2697 ita
458 2657 741 2700 constitutum
772 2671 866 2699 esse
895 2656 1125 2711 iudicatur,
1159 2663 1209 2699 ut
1233 2672 1321 2699 non
1339 2655 1410 2697 alii
