1687 2969
560 143 889 183 -lex—

62 273 165 302 usus
196 265 299 300 erat.
369 256 623 300 Accedebat
664 256 781 312 quod
821 272 908 299 una
946 272 1043 299 cum
1080 259 1175 316 ipso
1214 258 1267 301 ab
1299 259 1411 315 opti·

59 316 236 358 matium
264 315 461 372 partibus
489 320 669 357 steterat
696 329 861 370 neque,
894 313 1007 357 sicut
1036 314 1211 371 Lysias,
1243 315 1412 358 faverat

58 372 199 430 plebis
229 371 552 429 cupiditatibus.
611 371 815 426 Denique
854 371 949 413 fieri
987 386 1075 413 non
1104 379 1277 428 poterat
1306 374 1411 428 quin

58 429 143 486 ipsi
188 429 466 471 vehementer
506 427 762 485 probaretur
814 427 1023 470 iudicium
1080 427 1289 471 Isocratis
1354 429 1407 472 de

61 485 229 543 vulgari
278 485 520 539 rhetorica,
573 485 733 541 quippe
783 499 911 541 quam
974 492 1018 527 et
1064 485 1158 542 ipse
1219 493 1409 541 putaret,

60 542 268 598 quamdiu
306 558 358 585 ea
384 558 411 585 a
457 541 734 598 philosophia
771 552 887 584 esset
915 541 1117 596 alienior,
1158 542 1264 583 nihil
1294 543 1411 585 aliud

60 615 155 642 esse
190 600 273 642 nisi
311 599 556 656 speciosam
586 597 801 653 quandam
830 597 1032 641 fraudum
1065 614 1115 640 ac
1146 599 1411 642 fallaciarum

60 655 356 699 administram
395 662 525 711 atque
564 670 691 698 usum
740 671 858 697 mera
897 656 1207 698 exercitatione
1256 657 1412 699 collec-

59 719 174 768 tum,
215 729 343 756 verae
384 714 488 755 artis
526 711 654 754 laude
695 711 823 769 plane
857 710 1135 766 destitutum,
1169 713 1222 754 de
1254 728 1340 769 quo
1370 731 1410 756 v.

60 768 265 812 Phaedr..
293 787 336 827 p.
378 771 490 813 266..
514 768 568 811 C.
611 771 705 811 270.
749 769 801 811 Β.
835 767 973 827 Gorg.
1014 786 1055 826 p.
1094 772 1191 812 463.
1220 770 1274 811 B.
1306 771 1411 813 Phi-

59 826 145 869 leb.
182 842 225 884 p.
258 827 326 870 55.
356 826 411 870 E.
462 826 588 869 Haec
617 826 751 884 igitur
779 827 923 868 omnia
953 842 1085 881 quum
1114 827 1176 869 ita
1202 843 1249 869 se
1280 828 1412 870 habe-

60 890 171 938 rent,
195 890 238 926 et
267 899 399 939 quum
428 883 501 926 illo
531 884 626 940 ipso
648 890 858 940 tempore,
880 898 966 939 quo
997 884 1041 925 in
1061 884 1244 941 patriam
1274 885 1411 926 redux

60 939 202 983 factus
222 939 541 997 philosophiam
560 939 730 982 tradere
763 939 878 996 apud
904 941 1090 982 animum
1111 941 1409 996 constituerat,

60 996 405 1040 laudatissimum
436 1003 650 1040 oratorem
676 996 845 1039 videret
872 997 975 1039 item
1011 998 1251 1054 sapientiae
1281 998 1410 1041 disci-

60 1053 205 1110 plinae
225 1055 414 1097 tribuere
434 1054 679 1111 plurimum,
700 1060 830 1109 atque
851 1052 959 1096 adeo
989 1053 1034 1096 id
1066 1054 1258 1109 studere,
1290 1063 1341 1097 ut
1369 1063 1413 1098 et

60 1111 274 1153 oratoriae
305 1112 410 1153 artis
431 1111 541 1153 ratio
563 1109 912 1167 philosophando
933 1112 1221 1168 corrigeretur
1241 1119 1284 1154 et
1305 1127 1410 1155 usus

60 1167 255 1210 eiusdem
285 1167 517 1223 aliquando
548 1167 603 1209 ad
636 1183 705 1210 res
743 1167 878 1209 multo
909 1168 1092 1210 maiores
1131 1175 1174 1210 et
1203 1169 1412 1212 excelsio—

60 1239 146 1278 res,
170 1239 298 1279 quam
321 1225 513 1267 minutae
544 1223 771 1267 caussulae
794 1231 955 1279 essent,
974 1224 1294 1280 'traduceretur3
1325 1243 1411 1268 non

59 1280 276 1323 dubitavit
305 1281 511 1324 continuo
542 1297 663 1325 suam
703 1296 754 1323 ea
796 1280 848 1323 de
887 1296 932 1323 re
971 1282 1230 1324 sententiam
1271 1284 1413 1339 palam

61 1337 297 1393 declarare,
328 1344 372 1380 et
401 1338 506 1394 quid
538 1349 831 1394 quantumque
864 1345 994 1392 esset,
1028 1339 1146 1394 quod
1175 1341 1327 1381 merito
1361 1340 1414 1382 de

60 1395 155 1437 istis
186 1394 396 1438 Isocratis
430 1395 584 1438 studiis
616 1410 790 1451 sperare
818 1395 985 1449 liceret,
1015 1396 1207 1438 breviter
1237 1397 1413 1452 quidem

59 1450 139 1494 sed
169 1452 274 1495 satis
311 1452 502 1509 graviter
537 1452 798 1510 significare.
867 1451 1000 1506 Quod
1047 1452 1221 1508 quidem
1263 1461 1413 1496 nostro

58 1508 220 1551 iudicio
253 1509 572 1567 elegantissime
610 1510 672 1551 ita
701 1509 827 1563 feeit,
860 1516 933 1564 ut,
967 1525 1099 1565 quum
1129 1525 1268 1553 sermo
1299 1512 1414 1553 intra

61 1563 237 1622 Olymp.
269 1567 335 1608 9'2.
373 1569 406 1608 1.
437 1574 480 1608 et
512 1565 688 1623 Olymp.
720 1568 788 1609 93.
821 1567 862 1607 3.
893 1566 1065 1610 habitus
1095 1567 1299 1624 fingatur,
1331 1568 1412 1611 So-

59 1629 222 1664 cratem
250 1638 329 1678 per
358 1623 521 1680 dialogi
551 1624 740 1680 speciem
770 1630 814 1665 et
830 1623 1248 1666 verisimilitudinem
1276 1626 1412 1667 iusse-

61 1679 117 1720 rit
146 1678 199 1721 de
226 1680 552 1735 illo,*quamvis
584 1679 748 1721 dudum
786 1680 950 1722 virilem
980 1687 1166 1722 aetatem
1196 1682 1411 1737 ingresso,

61 1742 206 1777 tamen
235 1743 454 1792 tamquam
486 1736 539 1779 de
569 1737 725 1779 iuvene
757 1737 921 1793 optima
950 1752 1147 1793 quaeque
1168 1739 1410 1792 vaticinari,

61 1807 199 1847 eoque
236 1793 365 1836 modo
406 1793 680 1850 praedicere,
723 1795 898 1849 quinam
939 1809 991 1836 ex
1028 1796 1412 1851 praestantissimis

61 1849 153 1892 eius
184 1849 340 1892 studiis
381 1850 436 1892 ad
474 1857 608 1892 artem
639 1852 870 1893 oratoriam
901 1858 1028 1906 atque
1062 1852 1191 1893 vitam
1223 1868 1412 1894 commu-

58 1921 157 1947 nem
183 1906 351 1950 fructus
379 1906 662 1950 redundaturi
681 1914 839 1950 essent.
891 1908 1107 1950 Nimirum
1127 1909 1414 1966 philosophus

60 1978 193 2017 quum
220 1971 409 2006 veterem
439 1965 624 2007 amicum
653 1965 788 2007 nollet
818 1964 995 2006 laudare
1024 1966 1251 2021 rusticius,
1284 1967 1413 2009 urba-

59 2020 234 2063 nissime
272 2022 490 2077 praesenti
529 2037 671 2064 rerum
714 2021 962 2064 conditione
1003 2038 1052 2065 ac
1097 2023 1272 2064 fortuna
1308 2039 1413 2065 usus

61 2091 158 2118 eum
186 2077 313 2120 iussit
353 2079 488 2120 veluti
522 2094 829 2134 repuerascere
857 2085 987 2135 atque
1019 2079 1071 2121 ab
1102 2080 1199 2136 ipso
1232 2079 1411 2123 Socrate

60 2133 112 2175 iis
138 2135 286 2176 >ornari
314 2135 534 2190 laudibus,
568 2135 725 2191 quibus
755 2142 861 2189 tum,
884 2151 1016 2190 quum
1042 2136 1149 2178 haec
1179 2137 1409 2190 scribebat,

60 2190 211 2245 utique
241 2191 400 2249 dignus
433 2207 528 2235 esse
558 2192 797 2235 videbatur.
854 2193 908 2235 In
950 2208 1035 2247 quo
1078 2192 1183 2247 quid
1212 2193 1317 2235 insit
1345 2194 1411 2234 in-

62 2246 169 2288 sulsi
197 2254 272 2290 aut
306 2249 530 2303 inurbani,
559 2250 815 2306 praesertim
843 2264 975 2304 quum
1004 2250 1065 2290 ita
1094 2250 1310 2292 Isocrates
1341 2266 1412 2292 ae-

62 2307 150 2344 tate
195 2305 333 2347 minor
371 2305 533 2362 Lysiae
573 2306 732 2348 seniori
784 2312 1050 2362 opponatur,
1102 2322 1182 2348 nos
1237 2307 1412 2362 quidem

64 2358 246 2402 fatemur
268 2361 376 2404 adeo
407 2379 494 2405 non
525 2363 784 2420 intelligere,
813 2369 863 2404 ut
892 2362 997 2403 nihil
1018 2363 1155 2420 magis
1187 2365 1293 2406 scite
1325 2364 1412 2406 ele-

65 2421 298 2471 ‹ranterque
329 2420 566 2476 excogitari
606 2420 802 2476 potuisse
843 2419 1112 2461 arbitremur.
1171 2420 1265 2462 Iam
1307 2437 1409 2463 vero

64 2451 132 2514 fais
146 2472 207 2513 ita
225 2473 456 2530 disputatis
476 2476 670 2519 effecisse
691 2476 901 2529 videmur,
934 2482 981 2518 ut-
999 2477 1074 2530 qui
1093 2477 1185 2519 fieri
1205 2479 1408 2534 potuerit,

63 2535 115 2570 ut
130 2529 258 2571 Plato
287 2531 370 2573 ista
399 2532 452 2574 de
480 2533 675 2576 Isocrate
706 2533 901 2588 quamvis
934 2540 1074 2575 aetate
1108 2534 1280 2591 longius
1311 2551 1411 2590 pro-

63 2601 212 2655 gresso
249 2587 400 2630 litteris
434 2591 737 2645 perscriberet,
777 2590 895 2631 nullo
925 2591 1100 2647 negotio
1131 2591 1409 2648 intelligatur.

64 2643 124 2684 ht
164 2644 443 2686 confirmatur
484 2647 592 2689 haec
631 2647 740 2688 ratio
780 2652 929 2688 nostra
967 2648 1142 2704 egregie
1179 2649 1258 2703 iis,
1298 2663 1408 2703 quae

66 2698 264 2742 Cicero
288 2700 384 2744 loco
399 2699 520 2745 Orat.
545 2719 581 2746 c.
607 2706 670 2747 13.
691 2705 728 2758 ξ.
744 2705 811 2745 41.
833 2704 1020 2760 scripsit,
1045 2705 1167 2747 cuius
1188 2706 1317 2748 verba
1339 2721 1411 2747 su-
