1687 2969
371 133 784 180 PHAEDRUS.
819 135 865 175 P.
901 136 980 176 225>
1013 134 1078 176 St.
1345 136 1394 175 17

0 270 3 309 ᾗ
45 273 131 300 σαν
165 257 386 312 λεχθῆναι
420 252 507 300 ὑπὸ,
546 256 625 298 τοῦ
644 255 815 310 Βορέου
836 251 1126 308 ἀνάρπαστον
1149 255 1393 305 γεγονέναι·

0 366 2 373 ,
40 322 67 378 ἢ
105 323 148 376 ἐξ
178 322 348 380 Ἀρείου
385 319 552 377 πάγου·
590 323 756 376 λέγεται
790 318 875 375 γὰρ
911 312 967 361 αὖ
1002 321 1074 361 καὶ
1112 313 1243 370 οὗτος
1272 318 1295 363 ὁ
1320 319 1395 363 λό-

0 387 1 444 ζ
38 408 137 446 γος,
173 388 232 440 ὡς
263 392 458 439 ἐκεῖθεν,
494 387 593 431 αλλ’
646 386 727 431 οὐκ
763 388 970 437 ἐνθένδε,
1008 383 1243 441 ἡρπάσθη.
1313 385 1392 441 ἐμὴ

0 447 3 498 ἶ
39 463 98 514 δέ,
134 450 164 500 ὦ
214 459 394 512 Φαῖδρε,
430 453 569 505 άλλως
602 458 682 511 μὲν
720 471 774 496 τα
811 455 998 496 τοιαῦτα
1014 455 1225 509 χαρίεντα
1262 452 1394 508 ἡγοῦ-

0 538 1 574 3
38 542 134 580 μαι,
171 527 272 568 λίαν
306 527 351 568 δὲ
387 525 531 566 δεινοῦ
566 540 639 565 και
674 520 885 564 ἐπιπόνου
921 522 993 563 καὶ
1030 518 1081 563 οὐ
1117 517 1234 563 ποὶνυ
1270 520 1393 564 εὐτυ-

0 594 142 648 ξχοῦς
160 591 336 647 ανὺρός,
373 588 470 634 κατ’
513 586 622 632 ἄλλο
643 591 724 645 μὲν
748 587 887 637 οὐδὲν,
924 586 1050 631 ὅτιὸ
1077 585 1198 641 αὐτῷ
1218 586 1391 642 ἀνάγκη

0 653 2 699 ζ
40 657 149 715 μετὰ
188 661 320 702 τοῦτο
358 656 407 700 τὸ
446 658 532 699 τῶν
564 653 942 709 Ἱπποκενταύρων
972 654 1085 705 εἶδος
1102 657 1393 709 ἐπανορθοῦ-

0 741 4 791 i
41 729 178 776 σθαι,
222 728 294 769 καὶ
339 718 480 775 αὖθις
528 721 578 767 τὸ
628 726 706 776 τῆς
741 726 982 779 Χιμαίρας·
1029 724 1100 764 καὶ
1145 720 1314 781 ἐπιρρεῖ
1346 725 1391 766 δὲ

0 795 6 841 i
41 789 168 848 ὄχλος
202 791 414 836 τοιούτων
448 789 686 846 Γοργόνων
731 793 802 833 καὶ
837 787 1084 845 [[ηγάσων,
1132 791 1204 831 καὶ
1248 787 1394 833 ἄλλων

0 843 4 876 Ι
41 858 280 916 ἀμηχάνων
314 858 474 912 πλήθη
517 875 562 901 τε
598 861 669 901 καὶ.
703 856 886 900 ἀτοπιάι
921 855 1226 913 τερατολόγων
1259 860 1391 901 τινῶν

133 991 171 1024 D.
221 989 241 1031 ἢ
269 990 315 1028 fg}
342 990 515 1034 ’Λρείου
547 988 686 1031 πιὲγου
712 1007 751 1012 —
781 987 1019 1031 ἡρπάσθη]
1057 989 1151 1020 Haec
1188 988 1291 1019 verba
1327 988 1394 1020 Ba-

40 1037 124 1069 stius
159 1036 307 1078 Specim.
344 1037 417 1070 crit.
452 1037 482 1068 in
516 1035 635 1079 Symp.
663 1046 695 1074 p.
721 1034 775 1068 21.
804 1037 920 1076 spuria
952 1035 1138 1072 censebat,
1174 1034 1393 1067 assentienti-

40 1082 104 1115 bus
132 1081 289 1114 Krischio
314 1093 345 1125 p.
374 1082 425 1117 19.
452 1086 486 1114 et
510 1081 548 1113 C.
574 1081 629 1113 Fr
657 1081 868 1114 Hermanno.

130 1141 272 1170 αμνιχα
288 1140 365 1160 νων
389 1126 470 1168 πλη
484 1130 541 1168 θη
567 1138 609 1158 τε
636 1126 705 1157 καὶ
729 1126 933 1168 ἀτοπίαι]
966 1127 1014 1159 Ita
1040 1125 1141 1158 codd.
1168 1134 1300 1165 Omnes,
1326 1136 1393 1158 uno

7 1207 9 1211 ,
38 1173 67 1206 Ε
101 1178 267 1216 excepto,
301 1173 357 1215 qui
397 1183 474 1206 cum
501 1171 743 1214 Step11.habet
769 1170 900 1211 πλήθει
923 1184 959 1203 τε
983 1185 1040 1203 και
1064 1171 1212 1209 ἀτοπίᾳ,
1242 1172 1333 1212 quod
1361 1173 1393 1204 in

37 1219 66 1251 F
93 1224 145 1252 est
163 1220 447 1262 superscriptum.
472 1229 502 1252 v.
519 1222 633 1250 annot.
659 1217 854 1250 Athenaeus
875 1217 913 1250 V.
928 1229 959 1260 p.
978 1218 1057 1252 265.
1071 1218 1112 1251 T.
1134 1215 1191 1249 ΙΗ.
1213 1217 1267 1249 ed.
1285 1216 1395 1251 Seiiw.

39 1265 159 1297 scribit
183 1266 428 1308 τερατολογιῶν
453 1276 553 1296 τινων
577 1275 719 1306 φυσεως.

39 1356 292 1403 superioribus·
317 1360 450 1397 πιεῦμα
465 1356 600 1395 Βορέου
615 1353 679 1386 αὗ-

36 1401 99 1443 τὴν
131 1405 227 1436 aiom.
288 1402 447 1434 Liberius
483 1402 569 1434 enim
595 1400 680 1433 haee

36 1449 246 1490 antegressis
277 1458 407 1481 annexa
438 1452 526 1481 sunt.
581 1446 680 1480 Quae

37 1498 151 1526 tamen
183 1503 242 1526 cur
274 1493 436 1527 eiicienda
467 1503 680 1533 censeamus,

36 1549 194 1573 caussam
219 1539 375 1572 idoneam
407 1540 531 1572 nullam
557 1539 680 1571 inteili-

36 1595 159 1628 gimus.

83 1655 124 1689 D.
172 1652 261 1686 κατ’
289 1651 396 1684 ἄλλο
424 1654 494 1695 μὲν
521 1650 672 1692 οὐδέν,

39 1698 110 1732 ὅτι
128 1699 352 1743 ὄὲ-Πὶεεῖε
372 1699 541 1731 Astius:
566 1697 674 1730 hanc

40 1756 165 1779 unam
214 1746 351 1778 solam
393 1745 444 1776 ob
480 1754 674 1783 causam,

39 1802 92 1834 qu
103 1791 152 1825 od
177 1796 254 1832 etc„
275 1794 355 1833 apte
369 1800 570 1832 comparans
585 1789 676 1822 Tim.

40 1849 74 1881 p.
90 1837 146 1874 48.
163 1838 203 1870 C.
219 1837 365 1879 Apolog.
401 1836 499 1870 Soet.
515 1847 546 1878 p.
563 1834 618 1870 32.
640 1838 678 1868 A.

40 1884 131 1926 Reip
135 1884 201 1916 ubi.
217 1883 296 1925 li.p
301 1882 409 1917 ‚352
426 1882 465 1916 D.
489 1884 640 1924 Xenop
650 1880 680 1914 h.

41 1929 216 1964 Anab.IV.
231 1929 264 1969 5,
275 1893 331 1962 32.
340 1928 379 1962 V.
389 1929 422 1968 5,
431 1928 487 1963 20.
499 1927 569 1961 Vll.
580 1928 612 1968 6,
629 1926 684 1962 39

43 1976 117 2008 Atia
148 1975 287 2017 collegit
323 1974 482 2007 Jacobs
522 1973 564 2006 ad
606 1972 687 2006 Phi-

45 2021 141 2054 lostr.
171 2021 300 2062 lmagg.
325 2031 358 2063 p.
385 2020 463 2054 502.
520 2019 688 2052 Addimus

43 2065 202 2109 Reipubi.
231 2066 270 2100 V.
292 2077 324 2108 p.
343 2065 420 2100 449.
441 2066 480 2099 Β.
511 2065 595 2096 ἄλλο
626 2066 688 2109 μὲν

47 2110 148 2145 οὐδὲν
186 2110 463 2153 κατηκούσαμεν,
514 2111 594 2142 τάδε
642 2111 687 2143 δέ.

48 2156 402 2200 Legg.1v.p.710.c.
437 2157 518 2190 Mox
544 2158 688 2199 ἐπανορ-

48 2205 212 2234 θοῦσθαι
227 2203 337 2236 facete
357 2203 484 2235 dictum
503 2206 537 2234 et
560 2203 689 2235 ironice

47 2257 109 2290 pro
132 2247 338 2292 ἑρμηνεύειν,
362 2250 574 2292 ἐξηγεῖσθαι.

94 2315 164 2346 καὶ
194 2315 365 2359 ἒπιῤῥεῖ
392 2317 436 2349 δὲ
462 2315 594 2357 ὄχλος
623 2315 683 2358 -]

47 2360 152 2393 Hunc
176 2362 286 2394 iocum
301 2363 466 2404 plurimos
484 2362 688 2404 posterioris

46 2406 170 2438 aetatis
205 2407 387 2448 scriptores
412 2409 467 2440 vel
491 2409 689 2450 respexisse

47 2452 100 2484 vei
141 2451 302 2484 imitando
341 2454 552 2496 expressisse
588 2453 689 2486 docte

47 2497 298 2530 demonstravit
321 2499 469 2531 Astius
496 2500 689 2532 Comment.

45 2542 89 2576 T.
104 2541 264 2585 X.p.233
279 2553 343 2584 δᾳ,
368 2545 419 2576 cui
444 2545 529 2577 viam
548 2545 691 2586 praeivit

47 2587 690 2633 Wyttenbach.Epist.Crit.p.237.

48 2633 102 2668 ed.
115 2634 331 2676 Lips.s.ann.
347 2635 388 2666 ad
406 2635 557 2669 iuliau.
573 2648 604 2678 p.
618 2635 693 2670 127.

49 2679 92 2712 Β.
132 2680 254 2721 Ὀχλος
280 2679 322 2712 de
347 2680 448 2712 turba
473 2686 508 2713 et
531 2683 691 2714 multitu-

46 2724 124 2758 dine
148 2725 360 2772 asflueutium
394 2724 519 2759 dictum
545 2728 693 2760 illustra-

101 2792 190 2824 Piat.
216 2793 305 2833 Opp.
336 2792 411 2826 Voi.
436 2793 489 2825 lv.
520 2794 562 2826 P.
586 2795 613 2825 Ι.

749 1359 826 1386 runt
860 1353 1119 1386 Boissonad.
1154 1356 1198 1388 ad
1234 1355 1396 1389 Piiiiostr.

748 1400 834 1434 Her.
873 1411 905 1442 p.
946 1398 1024 1433 414.
1066 1400 1280 1443 Wyttenb.
1315 1404 1335 1436 Ι.
1369 1415 1398 1436 c,

748 1465 791 1469 ——-
828 1444 1048 1478 τοιοιίτων
1072 1447 1304 1490 Γοργόνων
1327 1450 1402 1480 καὶ

748 1490 973 1534 Πηγάσων,
999 1492 1047 1523 sic
1071 1493 1258 1536 inteiligas:
1285 1495 1398 1527 simi-

749 1538 848 1571 lium
882 1541 1116 1579 praeterea
1141 1550 1168 1573 s,
1202 1540 1398 1574 eiusdem

747 1584 922 1626 generis
948 1588 1263 1626 monstrorum,
1288 1586 1400 1618 Gor-

748 1639 899 1671 gonum
934 1633 973 1661 et
1007 1629 1293 1671 Pegasorum.
1343 1632 1400 1664 Si-

742 1675 865 1708 militer
889 1673 975 1706 ὀὶλλο
1001 1677 1155 1717 usurpari
1180 1681 1326 1717 constat,
1354 1677 1398 1710 de

743 1731 811 1762 quo
844 1720 989 1753 diximus
1023 1720 1108 1754 iufra
1140 1722 1182 1755 ad
1205 1722 1397 1756 Phaedrum

744 1779 764 1810 p
798 1813 873 1844 καὶ
924 1811 1061 1844 ἄλλων
1110 1811 1398 1855 ἀμηχάνων

747 1858 898 1900 πλήθη
931 1870 977 1890 τε
1000 1858 1071 1890 καὶ
1098 1858 1284 1891 &fontan
1308 1872 1338 1893 τ.
1365 1872 1396 1894 τ,

754 1909 818 1947 q).]
854 1904 1011 1938 Nondum
1045 1905 1199 1947 poenitet
1228 1916 1283 1938 me
1313 1904 1398 1937 hanc

757 1953 916 1984 librorum
958 1961 1039 1983 mSS.
1085 1951 1268 1983 lectionem
1318 1951 1397 1983 oiim

755 2008 832 2030 cum
859 1996 1019 2029 Bekkero
1045 1998 1252 2037 suscepisse,
1277 2006 1400 2038 quam-

755 2043 806 2075 vis
847 2043 1009 2075 Astius
1054 2044 1160 2075 semel
1208 2043 1400 2083 iterumque

754 2089 853 2121 unice
903 2098 1020 2120 verum
1069 2098 1147 2120 esse
1183 2088 1401 2120 contenderit

754 2134 847 2177 quod
872 2134 904 2166 in
930 2134 1026 2167 editt.
1051 2138 1133 2166 vett.
1169 2130 1402 2166 circumfertur

755 2180 887 2220 πλήθει
903 2191 938 2211 τε
956 2180 1011 2210 καὶ
1027 2178 1165 2218 ἀτοπίᾳ.
1213 2179 1400 2210 Enimvero

756 2226 893 2258 nomina
915 2225 1088 2257 abstracta
1121 2230 1264 2266 apparet
1289 2224 1401 2267 posita

757 2283 834 2305 esse
858 2281 919 2313 pro
946 2270 1133 2309 cunerem,
1170 2280 1233 2302 nec
1264 2269 1401 2312 praedi-

757 2322 909 2350 catorum
947 2316 1169 2357 complurium
1203 2325 1402 2357 concursuS‚

757 2363 800 2395 de
816 2373 882 2403 quo
897 2372 927 2395 v,
948 2361 1164 2394 Matthiae
1182 2362 1244 2395 Gr.
1262 2361 1290 2403 ἕ.
1308 2360 1401 2402 444„

756 2408 939 2450 quidquam
966 2407 1065 2439 affert
1089 2408 1279 2442 molestiae.
1313 2408 1402 2440 Sen-

758 2454 863 2486 tentia
889 2452 971 2485 haec
996 2457 1069 2487 est:
1105 2457 1236 2494 atque
1267 2454 1403 2486 etiam

760 2499 960 2532 affluunt
988 2499 1240 2540 Gorgonum
1267 2503 1310 2540 et
1328 2499 1404 2531 Pe—

760 2554 986 2587 gasorum‚
1039 2548 1173 2586 atque
1219 2545 1403 2577 aliarum

762 2590 1036 2623 mirabiiium
1123 2594 1404 2632 portentosa-

763 2646 908 2668 rumve
955 2641 1200 2668 naturarum
1250 2636 1407 2668 turbae

763 2687 895 2722 atque
957 2686 1162 2715 monstra.
1240 2681 1406 2714 Nimirum

763 2725 984 2769 ἀμήχανοι
1025 2726 1185 2770 φύσεις
1232 2733 1309 2760 sunt
1357 2725 1407 2759 ad

1046 2784 1069 2823 ‘2
