1687 2969
443 166 683 206 GORGIAS.
714 168 757 204 P.
790 170 881 204 500.
912 168 969 204 ed.
1003 167 1057 205 St.
1347 168 1424 203 257

78 279 338 328 ἄνθρωπος,
376 275 403 328 ἢ
442 260 594 324 τοῦτο.
638 271 784 316 ὅντινα
812 275 889 328 χρὴ
920 275 1082 326 τρόπον
1112 276 1207 327 ζῆν,
1247 274 1429 325 πότερον

79 340 146 382 ἐπὶ
181 341 233 381 ὃν
270 340 323 380 σὺ
363 343 621 392 παρακαλεῖς
662 338 755 391 ἐμὲ,
797 339 847 380 τὰ
888 343 966 379 τοῦ
1006 339 1162 390 ἀνδρὸς
1204 339 1255 392 δὴ
1294 343 1428 379 ταῦτα

78 406 344 458 πράττοντα,
394 405 572 458 λέγοντά
618 420 660 446 τε
714 404 759 445 ἐν
810 409 867 457 τῲ
918 405 1037 458 δήμῳ
1087 403 1157 444 καὶ
1200 402 1429 457 ῥητορικὴν

81 467 298 512 ἀσκοῦντα
319 470 390 511 καὶ
409 471 738 549 πολιτευόμενον
760 484 914 509 τουτον
937 471 1012 509 τὸν
1034 469 1205 520 τρόπον,
1237 484 1288 509 ον
1314 469 1430 521 ὑμεῖς

80 543 163 577 νῦν
183 536 469 585 πολιτεύεσθε,
497 535 522 588 ἢ
549 533 616 576 ἐπι
638 535 759 575 τόνδε
782 533 858 575 τὸν
880 535 978 585 βίον
1000 549 1074 574 τον
1105 533 1150 574 ἐν
1179 534 1428 588 φιλοσοφίᾳ,

80 601 153 643 καὶ
189 601 229 642 τί
267 601 359 642 ποτ’
402 599 514 641 ἐστὶν
558 593 682 648 οὗτος
725 599 889 641 ἐκείνου
929 598 1165 651 διιιφέρων;
1210 599 1310 647 ἴσως
1350 602 1430 639 οὐν

80 665 297 718 βέλτιστόν
326 664 461 716 ἐστιν,
505 665 562 713 ὡς
600 668 695 717 ἄρτι
735 665 817 718 ἐγὼ
859 663 1118 717 ἐπεχείρησα
1162 664 1432 715 διαιρεῖσθαι,
1464 664 1504 704 D

80 729 350 784 διελομένους
402 729 446 771 δὲ
497 730 568 771 καὶ
619 730 966 783 ὁμολογήσαντας
1009 726 1223 782 αλλήλοις,
1275 729 1310 768 εἰ
1348 726 1432 768 ε’στι»

79 797 217 837 τούτω
246 795 369 837 διττὼ
397 795 455 836 τὼ
485 796 578 849 βίω,
621 792 863 844 σκέψασθαι
890 795 929 835 τί
958 809 1000 835 τε
1030 792 1281 846 διαφέρετον
1311 789 1430 846 ἀλλη-

79 864 173 903 λοιν
213 860 283 903 καὶ
319 860 527 912 ὁπότερον
565 861 741 914 βιωτέον
782 861 943 901 αὐτοῖν.
984 859 1084 908 ἴσως
1114 862 1193 900 οὐν
1223 861 1343 899 οὔπω
1373 875 1430 899 οι-

80 931 193 976 σθα,
237 927 277 967 τί
315 925 434 979 λέγω.
494 926 738 967 ΚΑΛ.οὐ
777 926 891 978 δῆτα.
952 926 1051 965 ΣΩ.
1085 920 1200 965 'AM'
1243 923 1324 977 ἐγώ
1364 934 1431 964 σοι

81 1034 843 1093 Bodl.Meer1n.Aug.est·12¹71·‚1.1=1caeyecnm¹71
867 1034 1118 1077 o'nortowsrcm'p
1145 1035 1338 1077 ἐαῖτειριάν,
1364 1033 1431 1067 ἀλλ’

81 1081 124 1115 οὐ
151 1082 289 1125 τέχνην,
315 1083 375 1114 ubi
399 1080 648 1124 όψοποιητικὴι
673 1093 692 1114 a
716 1082 906 1124 glossatore
931 1083 1129 1123 profectum.

151 1127 169 1159 ὅ
195 1140 229 1160 τι
254 1126 305 1160 ἂν
331 1126 467 1171 τύχῃς]
494 1129 534 1159 V.
554 1126 674 1169 τίχοις,
696 1127 785 1168 quod
806 1132 996 1159 eorzrectum
1022 1138 1063 1158 ex
1082 1126 1201 1157 Clark.
1225 1127 1303 1158 Vat.
1329 1126 1432 1159 CoisL

81 1174 169 1206 Ven.
196 1172 268 1207 ΞΣ.
303 1173 405 1204 Vind.
432 1173 462 1205 1.
485 1171 516 1205 2.
541 1172 572 1206 6.
599 1172 629 1205 7.
653 1172 878 1212 Florentinis,
910 1172 998 1203 aliis.
1046 1172 1218 1203 Continuo
1252 1182 1329 1202 011111
1355 1171 1433 1202 Ald.

81 1220 159 1252 Bas.
185 1218 215 1250 1.
240 1217 272 1250 2.
312 1218 426 1250 Clark
454 1218 559 1250 Coisl.
586 1218 686 1249 Vind.
711 1218 742 1249 ).
776 1219 850 1249 Par.
876 1218 977 1249 BCE
989 1218 1029 1248 V.
1062 1218 1152 1248 1101.
1179 1218 1199 1247 f.
1227 1227 1251 1247 5.
1277 1228 1309 1247 x.
1337 1217 1431 1247 Bodl.

82 1265 171 1317 Aug.
196 1265 336 1296 Meerm.
368 1263 522 1295 dedimus
553 1261 624 1305 μήτ’
658 1256 701 1294 αὖ
736 1262 772 1294 τὰ
804 1259 883 1302 παρ’
916 1261 1009 1293 έιιοῦ

83 1306 168 1341 αὐτὰ
194 1306 271 1350 παρ’
299 1308 398 1347 ἐμοι

151 1353 189 1388 C.
237 1353 360 1385 εἰσὶν

1050 1262 1164 1303 Steph
1200 1263 1338 1303 scripsit
1363 1258 1432 1303 μήτ’

392 1351 494 1396 ἡμῖν
526 1365 562 1384 οι
597 1351 736 1396 λόγοι]
779 1353 819 1383 V.
853 1350 935 1394 ἡιιῖν
967 1363 1059 1383 εισιν
1092 1352 1212 1383 invitis
1237 1352 1325 1384 Ven.
1358 1352 1382 1369 ⁷
1403 1351 1425 1369 ⁸¹

82 1398 185 1431 vind.
211 1398 241 1431 1.
265 1397 297 1431 2.
322 1397 352 1431 6.
380 1397 410 1430 7.
442 1399 516 1430 Par.
541 1399 696 1430 FIVW.
722 1399 810 1440 Aug.

1354 1372 1433 1382 —ra-a.

836 1399 931 1429 Mee1
933 1409 976 1428 m

150 1442 170 1486 ἢ
197 1443 265 1476 ἐπὶ
294 1442 364 1475 τόν
355 1443 418 1475 δε
443 1441 514 1475 τὸν
540 1442 592 1486 β.]
620 1442 675 1474 ἐπὶ
702 1443 842 1475 seclusit
866 1443 1040 1485 Hirschig.

149 1490 192 1521 D.
241 1484 362 1521 διττώ
388 1501 436 1520 τω
463 1488 564 1530 βίω]
592 1486 634 1520 τώ
659 1489 694 1520 in
720 1488 834 1530 Steph.
860 1488 1000 1520 excidit.

82 1589 181 1631 plior.
207 1589 238 1628 ἓ.
254 1587 332 1622 450.
370 1588 445 1630 Ipse
469 1588 592 1620 addam
616 1599 724 1620 unum

83 1635 271 1667 alterumve
287 1634 411 1674 locum,
426 1634 517 1665 unde
533 1638 724 1666 structurae

82 1681 170 1712 ratio
202 1683 437 1722 cognoscatur.
482 1679 589 1712 Plat.
619 1680 723 1721 legg.

83 1725 221 1767 V11.p.
255 1724 332 1757 811.
363 1725 412 1756 D:
455 1721 519 1756 ot'u
553 1722 597 1756 ἂι
622 1724 724 1765 ἔχοιιιι

85 1768 240 1802 τούτου
259 1769 392 1811 βέλτιον
411 1768 568 1810 φράζειν,
587 1767 606 1811 ἢ
622 1781 682 1800 ται
688 1767 724 1800 τά

83 1826 117 1847 τε
136 1813 315 1847 διδάσκειν
335 1813 635 1855 παρακελεύεσθαι
660 1815 723 1846 κτλ.

83 1860 249 1902 Lysias
271 1860 346 1892 adv.
367 1861 588 1892 Theomnest.
605 1870 637 1901 p.
650 1858 724 1892 140.

84 1906 135 1940 ed.
160 1906 294 1937 Bremi.
330 1907 363 1937 τί
388 1903 453 1948 γὰρ
488 1903 533 1937 ἂι
565 1903 639 1936 τοί
652 1916 723 1936 τοι]

82 1948 314 1992 ἀνιαρότερον
344 1949 477 2005 γένοιτο
512 1947 604 1992 αι’τῳ
629 1948 649 1991 ἢ
675 1961 724 1981 τε-

84 1995 219 2027 θνάιαι
256 1995 319 2034 μὲν
359 1993 425 2027 ὑπὸ
459 1999 528 2027 τῶν
561 1994 724 2036 ἐχθιιῶι;

85 2041 239 2072 Pertinet
274 2041 341 2072 huc
380 2041 483 2072 etiam
522 2040 609 2072 Plat.
642 2041 724 2074 Crit.

84 2096 116 2127 p.
141 2084 195 2118 44.
220 2085 265 2117 C:
300 2086 408 2116 καίτοι
439 2087 488 2118 τίς
512 2083 556 2116 ἂν
581 2085 726 2126 αισχίωι·

85 2131 141 2172 εἰή
165 2128 318 2171 ταύτης
344 2128 439 2170 δόξα,
459 2128 479 2172 ἢ
505 2130 622 2162 δοκεῖν
645 2128 725 2171 χρή-

86 2187 171 2215 ματα
208 2175 289 2216 περὶ
332 2176 492 2208 πλείονος
531 2176 725 2212 ποιεῖσθαι,-

85 2222 138 2252 De
178 2220 310 2252 Latinis
347 2231 380 2251 v.
418 2220 648 2252 Heindorf.
685 2219 727 2251 ad

87 2265 240 2298 Ciceron.
276 2266 328 2297 De
360 2265 439 2298 Nat.
474 2266 576 2298 Deor.
608 2266 642 2306 1,
675 2264 728 2298 15.

87 2311 176 2343 conf.
202 2322 281 2343 ann.
307 2310 350 2343 ad
373 2321 404 2352 p.
431 2309 506 2343 519.
534 2310 570 2343 C.

133 2398 322 2441 πότερον
353 2399 423 2432 ἐπὶ
457 2398 505 2432 ὃν
541 2397 587 2441 σ.]
629 2400 672 2430 H.
698 2410 727 2430 e.

88 2443 236 2486 πότερον
262 2448 400 2483 τοῦτον,
435 2444 490 2476 ἐπὶ
517 2443 560 2477 ὃν
586 2455 613 2476 σ.
662 2444 728 2475 Ita-

88 2501 153 2531 que
186 2490 308 2521 deinde
343 2491 477 2531 proprie
512 2489 729 2521 scribendum

88 2536 166 2567 fuit:
210 2533 229 2577 ἣ
262 2533 363 2566 Τόνδε
396 2533 454 2566 τὸν
485 2535 568 2575 βίον
602 2532 661 2566 τὸν
693 2534 730 2565 ἐν

91 2581 291 2622 φιλοσοφίᾳ,
323 2579 383 2611 ubi
407 2583 520 2611 tamen
546 2579 602 2611 ἐπὶ
628 2580 730 2611 infer-

89 2629 154 2664 tur,
179 2625 278 2666 quasi
298 2626 553 2666 praecessisset:
580 2623 729 2664 πότερον

91 2669 150 2708 ἐμὲ
186 2671 394 2709 παρακαλεῖς
430 2668 485 2701 ἐπὶ
522 2673 644 2701 τοῦτον
674 2688 728 2700 ——.

90 2715 291 2747 Cuiusmodi
354 2715 584 2746 anacoluthon
642 2715 728 2746 nihil

123 2782 193 2807 Plnt.
212 2782 283 2813 Opp.
304 2782 364 2806 Vol.
383 2783 419 2807 II.
439 2781 511 2807 Sect.
532 2783 552 2806 Ι.

792 1589 912 1628 habet,
954 1598 1015 1619 cur
1044 1597 1218 1620 removere
1250 1587 1336 1620 illud
1368 1592 1436 1620 stu-

793 1634 945 1666 deamus.

840 1677 881 1709 τὰ
917 1681 986 1710 τοῦ
1011 1675 1180 1718 ἀνδρὸς
1208 1675 1257 1719 δὴ
1283 1677 1433 1720 ταῦτα]

793 1724 985 1765 Perstringi
1016 1724 1203 1754 orationem
1237 1723 1334 1754 illam
1360 1723 1435 1754 Cal-

793 1769 882 1800 110115
924 1780 954 1810 p.
991 1767 1066 1800 485.
1108 1769 1149 1803 A,
1190 1779 1282 1809 seqq.
1337 1779 1436 1799 nemo

793 1819 843 1846 est
875 1815 956 1855 quin
992 1813 1126 1845 sentiat.
1175 1813 1293 1854 Itaque
1320 1812 1363 1855 δή
1386 1814 1436 1845 in-

793 1860 920 1891 dicium
967 1858 1051 1890 facit
1087 1859 1236 1898 ironiae,
1287 1863 1325 1890 ut
1362 1859 1435 1890 Lat.

795 1905 996 1943 scilicet,
1027 1914 1093 1935 usu
1117 1904 1297 1944 frequenti.
1345 1904 1436 1935 Illud

795 1953 896 1982 ταῦτα
930 1947 1119 1989 πράττοντα
1153 1949 1346 1980 declaratur
1382 1949 1436 1980 de-

793 1995 873 2026 inde
904 1995 1099 2026 accuratius
1129 1993 1260 2025 verbis:
1297 1992 1437 2035 λέγοντά

796 2052 828 2072 τε
862 2039 901 2071 ἐι·
927 2043 971 2070 τῶ
998 2038 1092 2081 δήμω
1118 2051 1145 2070 κ.
1173 2051 1196 2069 τ.
1223 2040 1266 2075 λ.,
1304 2039 1344 2070 (le
1370 2050 1437 2080 qua

794 2075 1050 2127 palticipioiilin
1086 2084 1328 2116 coniunctione
1365 2095 1436 2116 sac-

795 2131 872 2172 pius
896 2130 1024 2161 dictum
1050 2134 1111 2160 est.

843 2173 861 2217 ἢ
895 2174 962 2206 ἐπὶ
992 2172 1120 2206 τόιδε
1146 2173 1217 2205 τὰ]
1242 2174 1340 2214 βίον
1365 2186 1437 2204 τοι

798 2218 844 2251 ἐν
880 2218 1146 2261 φιλοσοφία]
1186 2219 1226 2249 111
1262 2230 1329 2250 11110
1362 2219 1436 2251 cod.

797 2264 941 2296 alterum
975 2262 1034 2295 τὸν
1065 2265 1170 2296 abest.
1219 2264 1322 2295 Male.
1370 2264 1435 2295 Sed

797 2311 932 2351 saepius
966 2309 1031 2340 hoc
1061 2310 1096 2340 in
1129 2319 1253 2351 genere
1277 2313 1435 2340 erratum.

796 2355 1073 2395 Xenophont.
1100 2355 1239 2386 Hieron.
1269 2355 1295 2385 Ι.
1327 2355 1356 2393 ἓ.
1383 2354 1436 2386 18.

797 2401 995 2431 etiamnunc
1041 2400 1298 2431 circumfertur:
1354 2398 1436 2430 ὥςτε

798 2443 897 2485 ταύτῃ
921 2448 1060 2485 πρῶτον
1085 2448 1121 2486 τῇ
1145 2442 1355 2485 εὐφροσύνῃ
1382 2448 1437 2485 τῆς

798 2489 935 2522 ἐλπίδος
949 2493 1182 2527 μειονεκτοῦσι
1197 2493 1264 2521 τῶν
1278 2489 1436 2522 ἰδιωτῶν.

797 2535 856 2565 ubi
895 2535 1012 2575 procul
1048 2535 1151 2566 dubio
1183 2534 1435 2576 reponendum:

800 2582 835 2620 τῇ
873 2577 1080 2621 εὐφροσύνῃ
1122 2583 1158 2621 τῇ
1198 2583 1252 2621 τῆς
1289 2578 1435 2610 ἐλπίδος.

799 2624 931 2655 Deinde
967 2623 1063 2655 ἐστὶν
1099 2624 1279 2664 διαφέρων
1310 2623 1435 2654 (lictum

798 2680 857 2710 pro
884 2668 1050 2710 διαφέρει.
1081 2681 1113 2700 v.
1139 2669 1182 2700 ad
1208 2669 1379 2699 Phaedon,
1405 2679 1435 2708 p.

799 2713 873 2746 158.
900 2715 979 2747 coll.
1004 2716 1089 2746 Ast.
1115 2714 1157 2745 ad
1182 2714 1287 2755 Legg.
1314 2713 1435 2754 11212.

1128 2779 1168 2813 17
