1687 2969
478 214 720 254 GORGIAS.
750 215 794 253 P.
826 217 919 252 449.
951 214 1009 252 ed.
1041 213 1097 252 St.
1414 208 1464 246 87

113 327 156 366 Γ
151 324 286 378 οργία,
317 323 454 376 ὥςπερ
483 327 568 366 νῦν
595 323 898 376 διαλεγόμεθα,
929 320 1160 362 διατελέσαι
1187 319 1235 361 τὸ
1264 318 1340 372 μὲν
1368 315 1465 369 ἐρω-

111 392 212 439 τῶν,
240 391 288 431 τὸ
317 387 354 432 δ’
384 390 728 443 ἀποκρινόμενος,
757 388 804 429 τὸ
834 386 878 428 δὲ
905 392 1039 439 μῆκος
1058 389 1144 426 τῶν
1167 385 1306 437 λόγων
1324 389 1464 432 τοῦτο,

109 450 205 496 οἷον
233 455 303 497 καὶ
333 457 486 503 Πῶλος
514 455 678 508 ἤρξατο,
711 454 898 501 εἰςαῦθις
927 450 1199 500 οἷποθέσθαις
1229 445 1329 499 ἀλλ’,
1360 444 1463 499 ὅπερ

110 520 315 574 ὑπισχνεῖ,
345 519 401 574 μὴ
431 521 594 573 ψεύσῃ,
625 518 728 560 ἀλλὰ
758 516 963 570 ἐθέλησον
992 516 1096 557 κατὰ
1126 516 1262 569 βραχὺ
1287 514 1335 555 τὸ
1366 512 1463 565 ἐρω-

107 585 299 637 τώμενον
339 586 659 638 ἀποκρίνεσθαι.
718 585 842 625 ΓΟΡ.
881 581 978 623 Εἰσὶ
1016 581 1117 635 μέν,
1162 576 1195 624 ὦ
1226 582 1461 632 Σώκρατες,

108 648 216 692 ἔνιαι
242 653 329 692 τῶν
351 651 617 703 αποκρίσεων
642 645 868 703 ἀναγκαῖαι
889 648 959 689 διὰ
980 650 1155 701 μακρῶν
1184 647 1283 694 τοὺς
1307 646 1464 698 λόγους

106 719 351 757 ποιεῖσθαι·
393 717 445 757 οὐ
486 715 571 770 μὴν
601 715 704 756 αλλὰ
744 715 997 792 πειρασομαί
1034 728 1081 767 γε
1111 713 1167 761 ὡς
1203 711 1272 753 δια
1309 712 1462 764 βραχυ-

106 796 255 822 τατων.
285 780 357 822 καὶ
384 781 466 835 γὰρ
496 784 549 822 αὐ
579 781 649 822 καὶ
679 787 805 821 τοῦτο
836 795 882 821 εν
911 779 1022 820 ἐστιν
1052 779 1113 820 ὡν
1142 793 1272 831 φημι,
1303 773 1463 829 μηδένα

106 862 160 888 αν
191 846 237 888 ἐν
265 846 541 921 βραχυτέροις
580 845 684 898 ἐμοῦ
722 845 772 886 τὰ
813 844 927 886 αὐτὰ
963 845 1104 885 εἰπεῖν.

674 911 748 952 καί
786 926 858 964 μοι
898 909 1094 960 ἐπίδειξιν
1132 904 1266 950 αὐτοῦ
1305 907 1462 949 τούτου

104 910 190 966 μὴν
226 912 311 963 δεῖ,
365 913 398 952 ὼ
439 912 617 965 Γοργία·

1162 845 1256 884 Σῼ.
1294 842 1462 883 Τούτου

105 978 306 1031 ποίησαι,
357 983 431 1031 τῆς
480 977 791 1030 βραχυλογίας,
846 975 1131 1030 μακρολογίας
1171 974 1215 1015 δὲ
1261 974 1460 1021 εἰςαὺθις.

170 1102 210 1133 Β.
257 1098 532 1138 ἀποθέσθαι;
557 1097 649 1136 ἀλλ’,
676 1098 782 1141 ὅπερ
807 1098 862 1142 —]
888 1100 970 1131 Post
994 1097 1199 1131 ἀποθέσθαι
1223 1096 1326 1129 Vind.
1339 1095 1371 1129 6.
1395 1107 1462 1133 rec

106 1147 195 1189 Aug.
219 1146 359 1178 Meerm.
386 1149 419 1177 et
443 1145 585 1178 Routhii
610 1145 707 1177 Bodl.
732 1145 862 1177 addunt
887 1143 966 1177 Ναι.
1016 1144 1083 1176 Sed
1106 1155 1138 1175 v.
1163 1154 1243 1175 ann.

174 1190 217 1223 τὸ
250 1188 542 1232 ἐρωτώμενοι
576 1187 773 1232 ἀποκριί
784 1189 933 1233 εσθαι]

979 1190 1020 1221 V.
1046 1188 1308 1231 αποκριιασθαι
1343 1187 1461 1219 invitis

105 1236 202 1269 codd.
250 1238 349 1269 Unus
373 1237 451 1268 Par.
474 1237 514 1268 E.
540 1237 703 1268 aoristum
730 1240 844 1268 tuetur
868 1246 944 1267 cum
968 1236 1056 1277 Aug.

171 1282 208 1315 C.
257 1281 303 1314 δὲ
326 1280 552 1325 είςαῦθπς]
580 1281 632 1315 ec’s
658 1274 763 1315 αὖθις
790 1281 918 1322 Clark„
944 1284 982 1312 ut
1005 1280 1102 1313 solet.

103 1396 172 1428 καὶ
198 1392 353 1429 ἄλλους
380 1413 425 1419 --
449 1399 614 1432 ποιεῖν,
639 1394 750 1427 intell.

105 1438 249 1484 ῥήτορας
274 1437 444 1483 ἀγαθούς.

150 1508 189 1540 Β.
236 1505 338 1540 ἀλλὰ
371 1508 440 1540 καὶ
474 1505 648 1550 ἄλλοθι]
697 1507 749 1539 Ita

106 1553 252 1595 Gorgias
284 1554 423 1585 Menon.
455 1563 486 1594 p.
512 1551 565 1585 70.
590 1553 631 1584 A.
657 1563 749 1594 seqq.

105 1599 141 1630 in
181 1598 364 1630 Thessalia
408 1601 634 1630 commoratus
674 1608 748 1629 esse

106 1644 231 1675 dicitur
254 1643 371 1685 ibique
394 1653 521 1685 magna
545 1653 623 1675 cum
648 1642 749 1674 laude

106 1689 312 1731 sapientiam
344 1699 440 1721 suam
472 1688 558 1720 alios
581 1687 749 1720 docuisse.

107 1734 256 1767 Omnino
274 1734 332 1766 ille
350 1733 477 1765 multas
495 1733 630 1765 videtur
646 1733 750 1765 Grae-

106 1780 178 1812 ciae
209 1779 366 1822 regiones
397 1789 607 1821 peragrasse.
640 1789 671 1809 v.
705 1779 748 1810 H.

104 1826 145 1857 E.
163 1825 191 1857 F
201 1835 219 1856 o
230 1835 245 1856 s
256 1835 282 1857 s.
307 1825 359 1857 De
380 1824 509 1867 Gorgia
522 1825 641 1856 Leont.
651 1834 684 1866 p.
694 1822 749 1856 24.

151 1889 194 1924 τὸ
235 1891 280 1924 δὲ
321 1894 454 1934 μῆκος
495 1895 573 1923 τῶν
609 1889 749 1934 λόγων

107 1949 135 1970 κ.
169 1949 193 1969 τ.
225 1936 272 1979 λ.]
325 1937 425 1969 Ridet
462 1936 651 1978 sophistas,
691 1936 749 1977 qui

104 1985 274 2024 quum-et
304 1982 533 2024 βραχυλογίας
563 1986 596 2013 et
619 1992 748 2022 μακρο-

104 2029 221 2071 λογίας
259 2037 296 2059 se
334 2027 461 2069 peritos
501 2026 749 2069 profiterentur,

104 2076 220 2104 tamen
256 2072 371 2115 longis
409 2072 638 2112 orationibus,
679 2082 750 2103 una

105 2118 329 2160 perpetuitate
360 2116 636 2157 decurrentibus,
677 2122 748 2148 ute-

106 2162 244 2202 bantur,
269 2173 335 2204 quo
354 2163 491 2194 facilius
515 2166 655 2204 possent
678 2162 750 2194 ani-

105 2219 179 2240 mos
219 2208 432 2240 audientium
471 2207 615 2239 delinire
649 2212 750 2249 atque

105 2253 235 2285 fallere.
260 2253 347 2285 conf.
371 2253 516 2285 Phaedr.
543 2263 574 2294 p.
599 2251 675 2284 267.
700 2253 750 2292 B„

107 2298 168 2329 ubi
202 2298 283 2330 item
315 2297 356 2330 de
390 2299 520 2340 Gorgia
552 2308 662 2329 sermo
688 2301 750 2337 est,

107 2344 283 2398 Prqtagor.
323 2353 355 2397 p.
387 2341 465 2375 334.
495 2343 534 2374 Ε.
575 2361 617 2366 -
660 2343 750 2374 Ante

106 2384 187 2425 ἀλλ’,
212 2387 298 2427 ὅπερ
325 2398 450 2429 υπισχι
453 2399 481 2419 ει
506 2387 596 2429 quod
620 2388 656 2418 in
689 2387 750 2419 ali-

108 2436 191 2474 quot
207 2432 303 2464 codd
332 2431 406 2464 Ναι
426 2433 665 2474 interpositum
689 2437 750 2472 est,

107 2481 197 2509 recte
230 2477 394 2509 iudicavit
422 2478 645 2510 Routhius
678 2488 750 2509 ora-

108 2523 237 2554 tionem
271 2522 345 2554 sine
375 2522 483 2554 ullius
513 2523 669 2564 responsi
700 2523 751 2553 in-

109 2567 308 2599 teriectione
331 2566 419 2599 bene
439 2568 631 2609 procedere.
662 2568 751 2599 Nam

109 2613 172 2645 etsi
206 2612 352 2654 Gorgias
382 2612 535 2644 nondum
566 2613 751 2655 respondit,

108 2662 222 2690 tamen
264 2657 441 2697 Socrates,
479 2658 640 2699 quoniam
674 2668 751 2689 eum

108 2702 267 2746 precibus
281 2703 353 2735 suis
368 2702 623 2735 satisfacturum
637 2703 751 2742 sumit,

110 2748 284 2782 hominem
313 2758 391 2781 cum
423 2748 580 2781 irrisione
605 2747 751 2790 quadam

820 1393 1001 1426 admonere
1016 1395 1137 1434 potest,
1162 1402 1204 1423 ne
1228 1391 1329 1423 fidem
1353 1391 1461 1424 fallat.

819 1440 916 1479 Quae
933 1439 1019 1470 ratio
1035 1439 1150 1470 nescio
1170 1448 1229 1470 cur
1248 1437 1462 1479 displicuerit

818 1485 1091 1516 Buttmanno.
1150 1484 1293 1514 Prorsus
1340 1482 1460 1513 eodem

818 1530 917 1561 modo
957 1540 1018 1561 nos
1055 1529 1242 1570 loquimur:
1296 1527 1461 1559 M‘belztest

817 1575 865 1606 du
895 1574 997 1615 wohl,
1036 1572 1201 1614 Gorqias,
1239 1584 1274 1604 so
1304 1573 1364 1604 wie
1399 1572 1461 1604 wir

810 1619 891 1661 jem
935 1620 995 1650 mit
1036 1619 1200 1650 einander
1239 1617 1359 1657 reden,
1407 1617 1461 1649 die

821 1663 932 1697 Saclze
964 1664 1143 1705 beendiyen
1169 1683 1209 1688 —
1219 1687 1229 1704 ,
1261 1663 1314 1694 die
1339 1663 1461 1703 lanyen

819 1710 936 1742 Beden
950 1710 1030 1740 aber
1039 1710 1108 1751 fiir
1130 1709 1184 1741 ein
1209 1707 1389 1740 avzdermal
1411 1708 1462 1739 bei

820 1753 910 1787 Seite
926 1753 1039 1796 leyen?
1056 1773 1098 1778 -—
1129 1754 1219 1786 Aber
1236 1753 1316 1785 dass
1330 1753 1377 1784 du
1395 1753 1462 1784 mir

818 1800 935 1841 hactst,
971 1811 1053 1831 was
1084 1800 1138 1831 du
1162 1811 1180 1830 υ
1191 1810 1316 1840 ersp7
1325 1798 1461 1829 iclzst!

818 1857 845 1877 s.
878 1845 987 1887 quod
1019 1845 1259 1887 profiteris
1285 1844 1461 1875 etc.1ta-

818 1902 883 1932 que
915 1889 1019 1931 ὅπερ
1054 1888 1124 1922 ὑπι
1139 1893 1260 1930 σχνεῐ
1281 1889 1364 1920 dicit
1387 1899 1462 1930 pro-

817 1942 950 1978 pterea,
982 1935 1073 1977 quod
1096 1934 1268 1977 significat
1291 1933 1461 1966 confidere

818 1992 854 2013 se
887 1982 1049 2024 Gorgiam
1090 1980 1256 2012 desiderio
1298 1990 1360 2011 suo
1392 1980 1461 2010 iam

818 2027 1032 2065 satisfacere,
1064 2036 1175 2067 neque
1200 2035 1285 2067 opus
1310 2028 1361 2055 est
1384 2035 1462 2056 cum

818 2072 944 2104 Astio
976 2072 1143 2113 corrigere
1168 2071 1267 2111 εἴπερ
1296 2067 1462 2110 ὑπισχινεῖ.

818 2118 972 2149 Alteram
1002 2116 1097 2148 illam
1133 2116 1314 2147 lectionem
1339 2115 1381 2146 iis
1406 2114 1462 2146 de-

818 2162 901 2202 beri,
937 2162 995 2204 qui
1020 2161 1107 2193 hanc
1131 2160 1294 2202 loquendi
1318 2160 1461 2191 formam

818 2218 887 2239 non
911 2207 1177 2248 perspexissent,
1201 2216 1270 2236 non
1296 2209 1348 2236 est
1371 2204 1462 2246 quod

819 2252 963 2284 dubites.
983 2270 1025 2275 —
1051 2250 1272 2292 ἐθέλησον
1295 2267 1339 2274 —-
1363 2248 1461 2281 α’πο-

820 2298 1080 2338 κρίνεσθαι,
1119 2299 1286 2338 promto
1326 2299 1369 2327 et
1399 2306 1462 2337 pa—

818 2346 913 2375 rato
939 2343 1082 2373 animo
1108 2340 1338 2383 responde.
1363 2351 1394 2372 v.
1420 2340 1463 2372 ad

820 2389 975 2441 Sympos.
1001 2397 1033 2428 p.
1059 2385 1131 2418 183.
1148 2387 1188 2418 A.

866 2433 902 2464 C.
929 2429 981 2465 ais
1002 2428 1070 2463 διὰ
1091 2428 1389 2473 βραχυτάτων]
1417 2427 1462 2463 ὥς

819 2477 1030 2519 iungendum
1066 2480 1118 2508 est
1150 2486 1229 2508 cum
1253 2475 1462 2517 superlativo

820 2520 1060 2564 βραχυτάτων,
1103 2522 1151 2553 ita
1189 2525 1227 2553 ut
1267 2531 1388 2553 sensus
1420 2521 1464 2552 sit

820 2568 926 2605 idem,
963 2577 1004 2598 ac
1029 2568 1058 2598 si
1083 2566 1227 2598 dixisset
1250 2578 1297 2599 ως
1325 2562 1406 2597 οἰόι
1431 2576 1464 2596 τε

823 2610 877 2644 διὰ
902 2609 1142 2654 βραχυτάτωι,
1176 2616 1214 2643 ut
1245 2622 1324 2642 mox
1356 2609 1464 2664 loqui-

820 2662 875 2689 tur
900 2658 1065 2689 Socrates.
1097 2676 1141 2680 —
1176 2655 1348 2689 Τούτου
1381 2652 1464 2697 μὴν

822 2702 906 2738 δεῖ,
932 2703 1012 2734 hoo
1035 2713 1153 2743 vcro,
1178 2701 1464 2743 breviloquentia,

820 2757 930 2790 opus
955 2750 1031 2780 est.
