1687 2969
437 177 681 216 GORGIAS.

128 293 209 327 οῦν
244 287 387 339 σώσῃ,
435 283 519 327 ἀλλ’
562 281 700 336 οἶδεν,

127 355 332 405 μοχθηρῷ
384 352 623 405 ἄνθρώπῳ·

712 179 754 215 P.
789 180 879 215 511.
914 181 1005 215 512.
1036 179 1095 215 ed.
1128 178 1183 216 St.

1400 181 1478 215 293

743 282 807 326 ὅτι
845 286 925 327 οὐκ
963 286 1141 339 ἄμεινόν
1183 284 1270 326 ἐστι
1307 288 1383 339 ζῆν
1422 290 1480 338 τῷ
1511 288 1548 329 Β

680 351 821 398 κακῶς
877 350 959 403 γὰρ
1015 351 1180 403 α’νάγκη

1246 349 1331 390 ἐστὶ
1392 353 1479 404 ζῆν.

131 417 237 475 Cap.
267 417 482 459 LXVIII.
540 419 625 458 Διὰ
663 424 796 458 ταῦτα
825 418 877 458 οὐ
917 419 1049 471 νόμος
1078 417 1162 458 ἐστὶ
1192 418 1479 470 σεμνύνεσθαι

126 483 201 524 τὸν
229 484 508 537 κυβερνήτην,
538 483 688 535 καίπερ
716 484 904 533 σώζοντα
932 483 1053 535 ἡμᾶς.
1085 482 1183 523 οὐδὲ
1212 497 1278 534 γε,
1309 477 1342 524 ὦ
1371 486 1477 523 θαυ-

127 549 263 602 μάσιε,
290 549 367 589 τὸν
394 548 704 601 μηχανοποιό-ν,
734 545 781 596 ὃς
810 550 905 589 οὔτε
934 555 1194 625 στρατηγοῦ.
1225 547 1282 601 μὴ
1312 544 1376 588 ὅτι
1405 563 1476 588 κυ-

127 615 361 667 βερνήτου,
413 615 509 654 οὔτε
546 615 679 654 ἄλλον
718 614 894 662 οίδενὸς
932 612 1086 654 ἐλάττω
1126 612 1259 654 ἐνίοτε
1297 614 1478 654 δύναται

128 680 294 730 σώζειν·
334 679 476 727 πόλεις
503 677 586 731 γὰρ
622 676 734 719 ἔστιν
771 676 838 719 ὅτε
879 675 980 727 ὅλας
1008 678 1137 729 σώζει.
1179 679 1236 732 μή
1268 688 1334 719 σοι
1363 678 1479 719 δοκεῖ

125 743 233 786 κατὰ
260 744 336 785 τὸν
364 744 584 785 δικανικὸν
614 740 742 792 &ivam
781 745 918 785 καίτοι
956 744 991 784 εἰ
1021 744 1219 795 βούλοιτο
1249 742 1403 795 λέγειν

1444 738 1477 783 ὦ

129 809 390 860 Καλλικλεις,
420 809 527 861 ἅπερ
557 809 699 862 ὑμεῖς,
729 810 953 862 σεμνύνων
981 809 1028 850 τὸ
1057 816 1257 861 πρᾶγμα,
1294 809 1478 861 καταχώ-

126 885 236 915 σειεν
265 873 318 915 ἂν
345 873 456 927 ὑμᾶς
494 877 583 923 τοῖς
622 874 786 926 λόγοις,
827 874 962 926 λέγων
999 873 1069 914 καὶ
1108 875 1367 925 παρακαλῶν
1410 872 1562 930 {nito

126 1013 218 1046 Flor.
243 1025 273 1046 a.
297 1025 324 1046 e.
350 1013 372 1045 f.
397 1025 440 1045 m.
465 1025 491 1047 s.
517 1014 616 1046 male.

126 1070 157 1090 v.
184 1059 226 1091 ad
251 1058 396 1091 Phaedr.
421 1069 452 1101 p.
477 1058 554 1091 244.
580 1060 622 1091 D.
648 1063 681 1091 et
711 1059 801 1091 infra

662 1014 782 1055 Neque
807 1014 897 1045 enim
922 1013 979 1046 hie
1004 1011 1041 1048 ὃς
1066 1023 1125 1055 pro
1152 1010 1226 1047 οἶος
1251 1013 1332 1055 poni
1356 1014 1477 1056 potuit.

825 1070 857 1101 p.
881 1057 957 1091 516.
984 1059 1020 1091 C.
1069 1059 1210 1091 Censuit
1240 1063 1355 1091 tamen
1381 1060 1476 1091 Win-

127 1105 321 1137 ckelmann.
347 1104 390 1150 ad
414 1104 619 1146 Euthydem.
652 1115 684 1146 p.
709 1103 762 1137 46.
788 1105 827 1135 02·
847 1115 965 1137 verum
998 1115 1090 1144 esse,
1124 1104 1256 1136 seilicet
1280 1103 1318 1137 ὅς
1350 1105 1478 1147 simpli-

127 1151 209 1182 citer
232 1161 293 1192 pro
319 1152 394 1183 οίος
418 1150 501 1192 poni
525 1155 618 1182 ratus
643 1154 677 1182 et
700 1150 863 1182 insistens
887 1151 988 1181 unice
1013 1150 1168 1182 codicum
1192 1150 1358 1192 vestigiis.

194 1240 231 1272 P.
257 1238 334 1272 512.
359 1237 621 1271 ὁποθενοῦν
647 1237 774 1282 σώσῃ]
808 1240 865 1271 sic
891 1239 1008 1271 Clark.
1032 1240 1108 1270 Vat.
1135 1239 1239 1272 Coisl.
1264 1238 1367 1271 Vind.
1392 1238 1422 1272 1.
1447 1239 1477 1273 6.

126 1286 202 1318 Par.
228 1285 422 1318 CEIVW.
446 1285 539 1317 Flor.
564 1296 594 1317 a.
618 1285 650 1317 b.
675 1295 703 1319 e.
730 1284 762 1317 d.
786 1285 807 1316 f.
834 1296 860 1317 s.
885 1296 918 1317 Χ.
966 1284 1160 1327 Legebatur
1185 1285 1268 1317 olim
1295 1283 1397 1326 σώζῃ.

126 1413 322 1454 laboret,
355 1424 438 1445 non
471 1417 678 1455 oportere
708 1413 766 1444 vi-

126 1470 228 1492 vere
258 1469 397 1501 neque
427 1469 448 1490 a
486 1469 530 1490 se
561 1459 656 1490 ullo
689 1469 765 1490 mo-

127 1504 175 1537 do
222 1505 390 1544 iuvari,
438 1504 536 1536 sive
581 1503 708 1535 illum
748 1514 765 1535 e

126 1551 234 1582 mari
265 1552 503 1582 conservet
533 1549 625 1580 sive
654 1559 675 1580 a
704 1549 766 1579 iu-

126 1595 236 1626 dicii
291 1594 512 1636 periculo,
566 1594 661 1625 sive
716 1593 764 1624 ab

126 1640 217 1672 alia
272 1649 535 1681 quacunque
591 1638 766 1670 calami-

126 1690 217 1717 tate
261 1684 435 1718 liberet.
507 1683 608 1723 Quod
652 1688 765 1715 autem

126 1730 290 1762 transitur
320 1729 363 1761 ab
388 1728 573 1761 indicativo
605 1728 648 1760 ad
673 1733 766 1770 opta-

126 1776 252 1815 tivum,
292 1785 333 1806 ea
372 1784 425 1806 res
458 1772 765 1806 Heindorfium

125 1824 215 1853 certe
246 1831 316 1852 non
340 1818 486 1851 debebat
522 1818 605 1850 adeo
630 1823 766 1851 contur-

126 1866 225 1904 bare,
273 1870 313 1897 ut
350 1863 589 1919 corrigendum
630 1868 766 1906 putaret

125 1909 288 1954 ὀιήσειεν
319 1907 363 1942 ἄν
391 1910 448 1941 vel
484 1906 620 1951 ὀνήσει,
659 1907 701 1940 α”ν
733 1921 765 1941 τε

126 1956 257 1988 κτ..λ
305 1954 382 1986 Vid.
409 1952 764 1996 '1im....p.18CD

125 2003 314 2042 Menex.p
293 2010 325 2042 p.
350 1998 428 2032 240.
457 2000 500 2032 D.
534 1998 707 2030 Charmid.
733 2011 764 2041 p.

127 2045 202 2080 156.
227 2046 267 2077 Ε.
299 2044 491 2086 Xenoph.
522 2044 633 2076 Anab.
665 2045 708 2083 II,
735 2044 764 2084 1,

125 2090 156 2124 3.
205 2089 272 2122 Sed
311 2090 400 2122 conf.
438 2089 586 2121 Matth.
626 2090 656 2129 ἓ.
687 2088 764 2123 529.

127 2139 212 2169 extr.

173 2181 256 2222 Cap.
279 2178 440 2212 LXVIII.
470 2178 508 2210 B.
547 2175 598 2210 οὐ
636 2176 765 2217 νόμος

130 2225 221 2258 ἐστὶ
250 2223 480 2267 σεμν.]11011
506 2228 570 2255 est
593 2233 679 2254 mos
705 2234 766 2254 su-

129 2270 315 2313 perbire.
354 2269 516 2301 Proxima.
538 2268 617 2299 illa:
644 2266 681 2301 ὃς
706 2266 764 2299 οὔ·

132 2327 164 2348 τε
183 2318 374 2357 στρατηγοῦ
398 2326 426 2346 κ.
452 2326 476 2345 τ.
503 2314 541 2351 λ.,
566 2314 765 2355 interpreta-

129 2371 206 2393 mur
229 2361 295 2392 sic:
333 2360 403 2401 qui
434 2369 515 2390 nec
547 2357 669 2398 duce,
702 2370 765 2390 ne-

131 2406 223 2438 dum
241 2403 552 2447 gubernatore,
576 2414 651 2435 nee
669 2414 765 2444 quo-

131 2461 252 2493 quam
279 2449 367 2481 alio
391 2449 531 2481 minus
550 2448 766 2480 interdum

131 2506 308 2527 servare
361 2498 516 2536 potest.
585 2494 673 2526 Nam
720 2491 764 2536 μὴ

130 2539 198 2579 ὅτι,
229 2551 278 2572 ne
308 2539 466 2579 dicam,
504 2538 676 2578 nedum,
706 2540 767 2570 mi·

131 2586 206 2618 nuit
243 2595 284 2617 ac
322 2583 479 2626 deprimit
507 2584 578 2615 vim
617 2587 677 2615 τοῦ
708 2596 766 2615 κυ-

129 2628 321 2673 βερνήτου,
361 2630 460 2661 ouius
495 2639 550 2673 ars
580 2640 650 2661 non
679 2630 768 2660 tanti

129 2676 344 2714 aestimatur,
368 2673 489 2715 quanti
512 2685 566 2706 ars
589 2674 768 2715 imperato-

130 2722 188 2753 ris.
212 2721 254 2753 ef.
278 2719 428 2753 Matth.
455 2720 485 2759 ἓ.
510 2717 586 2751 624.
610 2718 642 2752 4.
666 2720 769 2752 Intel-

835 1413 956 1455 ligitur
995 1416 1109 1445 autem
1149 1411 1382 1455 μηχανοποιός
1421 1425 1477 1446 ex-

835 1459 915 1490 imie
934 1457 1058 1490 faber
1074 1459 1374 1490 machinarum
1393 1459 1476 1491 bel-

835 1504 1041 1544 licarum,
1082 1508 1119 1535 ut
1158 1504 1354 1546 Xenoph
1394 1505 1477 1537 Hel-

834 1548 901 1582 len.
927 1547 1105 1589 11‚4‚15.
1130 1549 1175 1580 al.

880 1591 932 1635 μή
974 1603 1039 1625 σοι
1088 1592 1217 1625 δοκεῖ
1260 1593 1364 1625 κατὰ
1406 1592 1475 1626 τὸν

837 1637 1068 1670 δικαιικὸι
1092 1634 1231 1681 εἶιαι]
1259 1639 1364 1671 Num
1390 1639 1475 1670 tibi

834 1683 1016 1715 videtur
1050 1694 1142 1715 cum
1175 1688 1343 1716 oratore
1368 1684 1475 1715 iudi-

836 1728 946 1760 ciali
1001 1739 1096 1760 esse
1149 1729 1474 1771 comparandus

834 1783 974 1815 neque
1023 1774 1167 1815 pluris
1204 1774 1474 1817 jaciendus‘?

834 1819 1072 1860 Exspectabas
1102 1818 1146 1861 μὴ
1177 1819 1250 1850 σὺν.
1299 1819 1365 1851 Sed
1397 1825 1474 1861 apte

835 1864 982 1895 contulit
1028 1864 1326 1896 Heindorfius
1373 1864 1473 1906 Apol.

835 1909 966 1942 Socrat.
998 1919 1029 1950 p.
1061 1907 1113 1941 28.
1147 1910 1210 1949 D.,
1244 1909 1304 1941 ubi
1335 1920 1474 1950 prorsus

834 1954 924 1985 idem
955 1959 1006 1985 est
1036 1954 1237 1996 asyndeton.
1295 1955 1348 1986 De
1379 1965 1474 1996 prae-

833 1999 1003 2041 positione
1027 1997 1110 2030 κατά
1139 1999 1399 2031 similitudinem
1424 2001 1474 2032 in-

835 2045 969 2076 dicante
1000 2055 1032 2075 v.
1069 2044 1113 2076 ad
1143 2044 1301 2086 Sympos.
1332 2055 1364 2086 p.
1395 2043 1472 2077 211.

834 2090 876 2121 D.
902 2089 1128 2121 Matthiae.
1156 2090 1212 2121 Gr.
1234 2089 1334 2131 ampl.
1351 2091 1380 2128 ξ.
1396 2089 1472 2125 581,

835 2146 866 2177 p.
893 2132 981 2166 1153
1006 2144 1076 2175 seq.

881 2179 917 2212 C.
957 2177 1254 2220 καταχώσειεν
1286 2176 1335 2210 ἂν
1367 2176 1472 2218 ὑμᾶς

836 2223 889 2267 —]
915 2224 1111 2256 Dictionem
1140 2223 1328 2264 καταχῶσαι
1349 2222 1472 2266 λόγοις,

838 2269 965 2308 τῖ’μιοις,
985 2268 1139 2302 ἔσται’·ςιοι
1149 2270 1472 2311 attigeruntHeus-

835 2314 883 2346 de
907 2314 952 2355 Sp
957 2325 1002 2346 ec.
1051 2312 1137 2347 .42.
1163 2318 1196 2345 et
1220 2315 1333 2346 Bast.
1364 2315 1470 2367 Epist.

835 2360 908 2391 crit.
923 2370 953 2400 p.
965 2357 1041 2391 230.
1055 2358 1206 2401 ed.Lips.
1220 2359 1354 2391 Deinde
1365 2360 1472 2391 anim-

835 2404 990 2436 advertes
1026 2404 1346 2445 breviloquentiam.
1396 2404 1472 2436 Ple-

835 2461 878 2481 ne
910 2449 1000 2481 enim
1031 2449 1211 2481 dicendum
1242 2451 1324 2481 fuit:
1363 2449 1472 2492 λέγων

837 2494 911 2526 δεῖν
933 2495 1117 2536 γίγνεσθαι
1141 2492 1393 2536 μηχανοποιοὺς
1415 2495 1470 2526 καὶ

837 2540 1044 2580 παρακαλῶν
1083 2538 1138 2570 ἐπὶ
1178 2542 1274 2571 τοῦτο
1316 2538 1364 2581 (τὸ
1397 2538 1472 2571 δεῖν

836 2597 865 2627 γ.
905 2585 972 2625 μ.);
1024 2595 1100 2616 vos
1143 2584 1347 2617 obrueret
1391 2595 1471 2616 ser-

837 2628 1054 2670 monibus,
1089 2629 1238 2660 dicens
1269 2633 1470 2672 oportere

837 2685 912 2706 vos
937 2674 1043 2705 fieri
1067 2674 1394 2706 machinatores
1419 2680 1470 2706 at-

837 2730 918 2762 que
949 2719 998 2751 ad
1030 2719 1071 2751 id
1103 2729 1178 2751 vos
1217 2720 1471 2761 cohortans,
