1687 2969
397 139 810 184 PHAEDRUS.
844 140 892 180 P.
927 142 1006 182 228
1040 138 1103 181 St.
1387 141 1432 179 ll

87 259 236 314 ἥσθη,
273 257 343 302 ὅτι
378 259 457 311 ἕξει
494 256 571 301 τὸν
605 258 1072 313 συγκορυβαιντιῶντα,
1117 257 1187 297 καὶ
1228 254 1440 310 προάγειν

86 330 265 372 ἐκέλευε·
308 328 511 382 δεομένου
552 327 595 367 δὲ
632 327 767 378 λέγειν
804 326 881 366 τοῦ
923 325 1006 365 τῶν
1042 322 1184 377 λόγων
1221 326 1422 377 ἐραστοῦ,
1463 319 1501 362 C

82 392 358 448 ἐθρύπτετο,
392 391 451 443 ὡς
486 389 537 444 δὴ
572 391 651 434 οὐκ
687 393 919 445 ἐπιθυμῶν
954 392 1112 444 λέγειν·
1151 392 1358 432 τελευτῶν
1392 392 1436 433 δὲ

88 463 232 516 ἔμελλε
269 463 340 502 καὶ
376 465 411 504 εἰ
445 459 504 516 μή
540 475 604 509 τις
638 456 746 502 ἑκών
783 456 942 502 ἀκούοι
985 459 1063 513 βίᾳ
1096 463 1219 513 ἐρεῖν.
1255 455 1309 499 σὺ
1345 451 1438 508 οὖν,

97 522 115 540 ’5

88 613 175 651 σει,
212 598 293 638 νῦν
327 592 409 648 1ἤδη
447 602 602 638 ποιεῖν.

88 727 244 770 plurimis
269 725 476 769 optimisque
502 723 692 757 codicibus.

87 547 118 572 ω
160 529 352 584 Φαῖδρε,
390 525 530 570 αὐτοῦ
559 524 771 590 δεήθηφτι,
807 523 913 582 ὅπερ
952 524 1062 581 τάχα
1101 522 1276 574 πάντως
1311 524 1441 578 ποιή-

741 722 942 755 Tenuerunt
974 727 1086 754 tamen
1127 724 1313 764 optativum
1341 725 1442 757 Turi-

88 783 222 814 cense5‚
246 772 375 805 scilicet
398 773 477 813 quia
504 781 546 803 ex
571 780 639 803 uno
666 770 778 803 Clark.
805 767 868 804 ἕξει
893 779 958 800 non
986 773 1038 800 est
1063 773 1248 803 enotatum.

180 819 219 853 C,
268 821 340 849 νῦν
371 816 449 858 ἤδη
484 816 656 858 ποιεῖν]
685 816 735 848 Ab
762 815 822 846 bac
848 825 931 846 voce
958 814 1102 847 Phaedri
1132 817 1323 849 orationem
1349 817 1442 849 ordi-

87 869 144 898 tur
168 863 382 907 Stephanus,
409 873 508 904 quem
536 862 696 902 Lonzius,
724 860 955 901 Heindorfius‚
987 860 1181 901 BekkeruS,
1208 863 1323 894 Astius
1349 867 1443 896 recte

89 909 328 949 emendarunt,
355 909 638 951 adstipulantibus
664 907 763 941 codd.
791 917 873 938 mss.

91 1001 178 1034 enim
215 1000 365 1039 Astio,
401 999 663 1031 Buttmanno
697 1001 732 1030 et

90 1047 129 1081 C.
156 1045 219 1080 Fr.
244 1046 492 1079 Hermanno
521 1044 731 1084 accedimus,

88 1093 147 1134 qui
173 1092 238 1125 vim
258 1092 404 1133 aliquam
429 1091 461 1123 in
483 1091 630 1132 repetito
655 1089 732 1122 ἰδὼν

88 1139 202 1171 inesse
226 1141 388 1179 negantes
405 1138 549 1168 alterum
574 1141 730 1177 tanquam

89 1193 206 1217 errore
236 1188 347 1216 ortum
381 1182 558 1214 delendum
587 1192 732 1214 censue-

88 1234 177 1262 runt.
237 1228 516 1272 Quippelimago
554 1227 732 1260 exhibetur

88 1275 329 1315 adolescentis,
354 1275 429 1316 ipso
455 1275 619 1315 adspectu
645 1273 731 1313 eius,

89 1321 144 1364 qui
185 1331 302 1352 secum
342 1319 465 1361 Lysiae
512 1319 731 1361 scriptionem

90 1370 184 1400 esset
215 1367 327 1399 denuo
360 1369 639 1407 pertractaturus‚
669 1365 731 1397 mi-

90 1422 166 1446 rum
207 1413 240 1445 iu
279 1411 417 1444 modum
449 1411 667 1451 exsultantis,
698 1414 736 1442 ut

95 1468 173 1492 eum
207 1459 312 1491 veluti
342 1459 584 1490 exclamantem
617 1456 734 1489 audia-

91 1514 188 1538 mus:
228 1503 337 1544 εἶὸον,
363 1503 452 1534 eidone
484 1502 611 1543 αὐτόν,
643 1501 735 1544 quod

91 1550 256 1583 Socrates
282 1549 343 1582 hac
366 1549 558 1581 narratione
576 1559 635 1581 sua
662 1549 737 1580 imi-

91 1599 196 1629 tatur.
259 1595 324 1628 Est
363 1595 463 1636 igitur
510 1594 592 1626 baec
631 1594 738 1626 rarior

93 1640 261 1683 quaedam
292 1640 402 1672 sorma
433 1640 597 1672 orationis
627 1639 737 1672 mimi-

95 1697 170 1728 cae,
198 1697 264 1728 qua
287 1686 390 1718 verba
409 1686 494 1726 eius,
521 1686 574 1727 qui
595 1687 738 1726 loquens

94 1731 359 1766 introducendus
378 1736 461 1772 erat,
488 1731 659 1763 narrando
684 1741 740 1763 re-

93 1779 249 1812 feruntur
282 1782 384 1810 recto
410 1787 569 1809 sermone
603 1777 634 1809 in
659 1787 739 1808 ora-

94 1825 223 1857 tionem
250 1823 421 1864 obliquam
447 1833 624 1855 converso.
678 1822 741 1854 Cui

96 1869 313 1912 explicationi
347 1873 485 1901 nostrae
519 1869 609 1910 quod
636 1878 741 1910 nuper

99 1915 371 1957 Voegelinus
402 1914 482 1947 illud
517 1916 656 1947 officere
689 1914 739 1946 iu-

98 1961 241 2001 dicavit,
266 1960 359 2002 quod
384 1961 464 1992 talis
488 1961 646 2003 repetitio
673 1970 739 1992 non

98 2006 221 2040 habeat
245 2007 357 2038 locum
384 2007 445 2039 nisi
471 2007 649 2038 interiecto
678 2006 740 2038 ali-

97 2062 164 2094 quo
204 2053 362 2084 vocativo
402 2056 461 2084 aut
493 2053 593 2084 simili
635 2062 739 2083 voca-

74 2099 206 2138 ,bulo‚
248 2097 337 2130 istud
375 2097 510 2140 quidem
550 2098 636 2130 nihili
674 2102 738 2137 est,

99 2145 224 2186 quippe
259 2143 351 2185 quod
401 2145 451 2176 vel
498 2144 740 2176 Anacreonteis

99 2189 180 2222 illis:
215 2191 301 2222 θέλω
337 2191 428 2221 θέλω
454 2193 603 2230 μανῆναι
630 2200 668 2221 ac
693 2190 740 2222 Sl·

102 2234 235 2267 milibus
262 2235 346 2267 satis
379 2235 554 2269 refellitur.
603 2235 740 2267 Similli—

102 2289 177 2313 mus
220 2281 292 2312 huic
325 2282 420 2313 locus
456 2282 641 2313 Horatii
689 2284 741 2312 est

103 2325 226 2359 Od.1.
265 2325 325 2366 35,
355 2327 405 2361 15.
447 2337 525 2360 neu
559 2328 741 2369 populus

103 2370 309 2412 frequens
332 2371 390 2408 Ad
419 2380 542 2408 arma,
569 2381 741 2404 cessan-

103 2421 191 2456 tes,
247 2417 303 2453 ad
349 2416 475 2454 arma
523 2419 739 2456 concitet,

103 2462 420 2504 imperiumque
456 2465 654 2506 frangat:
687 2464 742 2495 ubi

103 2509 184 2540 item
221 2512 333 2540 rectae
372 2511 534 2542 orationis
574 2511 745 2542 exclama-

104 2554 230 2586 tionem
274 2554 489 2588 intertextam
526 2557 624 2589 vides
665 2566 743 2587 ora-

105 2600 187 2631 tioni
215 2599 348 2631 aliunde
378 2610 577 2642 suspensae.
629 2602 742 2632 Veris-

104 2645 190 2677 sime
225 2647 312 2677 enim
347 2645 586 2679 Lambinus
622 2647 665 2679 ibi
688 2656 744 2678 re-

106 2691 269 2732 petitione
303 2692 485 2725 verborum
532 2693 579 2725 ad
615 2702 744 2733 arma,

108 2736 158 2771 ad
188 2748 303 2772 arma
340 2738 453 2780 populi
489 2739 648 2772 concitati
682 2738 744 2771 im-

798 1001 913 1040 petum
939 1000 973 1029 et
996 996 1148 1029 furorem
1174 998 1339 1032 declarari
1364 1010 1445 1032 cen-

800 1047 864 1077 set.
913 1043 1212 1083 Similiter,igitnr
1242 1045 1293 1077 hic
1334 1045 1445 1078 Phae-

800 1090 850 1122 dri
884 1089 1031 1129 impetus
1066 1092 1167 1130 atque
1199 1090 1294 1123 furor
1325 1091 1446 1133 depin-

798 1136 888 1177 gitur
912 1135 1095 1167 commixta
1129 1141 1221 1169 recta
1250 1142 1283 1169 et
1308 1138 1445 1179 obliqua

800 1182 965 1213 oratione.
1011 1180 1196 1214 Rationem
1214 1193 1278 1215 non
1306 1185 1444 1216 multum

800 1227 972 1268 disparem
1022 1236 1103 1259 mox
1152 1229 1191 1262 D.
1240 1229 1444 1263 notabimus.

801 1277 914 1314 Atque
940 1272 1002 1304 boc
1028 1273 1054 1304 si
1084 1279 1178 1306 recte
1206 1275 1444 1316 iudicavimus,

800 1318 879 1351 illud
905 1328 1044 1360 quoque
1070 1319 1199 1360 liquere
1225 1320 1445 1361 arbitramur,

801 1365 953 1407 optativo
989 1364 1055 1398 ἕξοι
1091 1368 1232 1398 multum
1271 1372 1448 1408 praestare

801 1410 891 1453 quod
917 1421 957 1443 ex
984 1410 1082 1444 codd.
1109 1412 1277 1446 nonnullis
1303 1423 1448 1445 revoca-

802 1467 913 1489 vimus
939 1456 1029 1492 ἕξει.
1253 1473 1255 1479 ·

876 1503 914 1536 C.
978 1501 1264 1544 ἐθρύπτετο,
1306 1502 1357 1540 ὡς
1397 1503 1445 1544 δὴ

805 1546 889 1580 οὔκ
921 1551 988 1587 -]
1042 1548 1293 1593 (θρύπτεσθαι,
1344 1550 1449 1582 dell-

806 1595 898 1626 cias
920 1593 957 1625 fa
972 1605 1083 1634 cere,
1109 1595 1199 1636 quod
1228 1595 1334 1627 estin
1352 1606 1451 1628 amo-

805 1651 841 1673 re.
875 1641 1069 1682 proprium,
1103 1641 1313 1672 illustrarunt
1348 1642 1451 1673 Dora

806 1686 893 1719 vill.
914 1686 954 1717 ad
967 1686 1090 1719 Clnarit.
1105 1697 1136 1728 p.
1151 1686 1228 1720 447.
1253 1687 1450 1721 ssoisson.

806 1731 848 1764 ad
878 1731 1034 1763 Philostr.
1061 1733 1144 1765 Her.
1172 1743 1202 1775 p.
1231 1732 1308 1767 337.
1344 1733 1451 1764 Bor-

807 1789 906 1811 nem.
949 1777 990 1809 ad
1023 1777 1179 1820 Xenoph.
1214 1778 1329 1820 Symp.
1365 1778 1451 1811 Vlll.

811 1824 873 1857 alii.
923 1824 1008 1856 Dein
1034 1823 1087 1854 καὶ
1113 1834 1155 1856 ne
1178 1824 1299 1866 iungas
1324 1834 1400 1856 cum
1426 1823 1454 1855 εἰ

807 1868 856 1912 μή
880 1882 933 1905 τις
957 1870 1000 1904 ἑκ,
1025 1868 1165 1910 ἀκούοι,
1202 1871 1287 1902 scite
1321 1869 1454 1902 Hein-

808 1916 984 1949 dorfius
1012 1916 1206 1948 observavit
1223 1917 1381 1948 voculam
1409 1914 1450 1947 ad

806 1964 865 2004 βίᾳ
894 1963 979 2003 ἐρεῖν
1012 1963 1202 2004 pertinere,
1238 1966 1276 1994 ut
1307 1962 1374 1994 vel
1409 1962 1455 1992 si—

807 2008 956 2050 gnificet.
1014 2008 1188 2041 Quocirca
1229 2011 1308 2049 post
1342 2007 1455 2049 ἔμελλε

808 2064 884 2085 cum
926 2052 1047 2086 eodem
1089 2054 1161 2085 viro
1195 2054 1298 2085 docto
1327 2052 1456 2085 delevi-

809 2110 884 2131 mus
902 2099 1227 2141 interpunctionem:
1255 2099 1458 2130 sustulimus

809 2147 888 2178 item
925 2150 1003 2187 post
1029 2144 1162 2178 ἀκούοι.
1216 2144 1297 2176 Mox
1324 2142 1458 2179 πάντως

809 2195 860 2223 est
916 2192 1119 2230 omnino⁷
1184 2192 1268 2229 auf
1317 2189 1458 2230 jeden

809 2237 929 2277 Fan,
963 2237 1050 2267 sicut
1077 2236 1218 2273 l‘rotafz.
1253 2247 1284 2277 p.
1311 2235 1388 2269 313.
1415 2235 1456 2268 Β.

809 2283 916 2323 Gorg.
946 2293 978 2323 p.
1000 2282 1077 2315 472.
1099 2281 1137 2315 E.
1166 2281 1297 2315 Pliileb.
1325 2282 1378 2316 39.
1408 2281 1456 2320 E3

809 2328 897 2368 τάχα
924 2332 1036 2359 autem
1064 2332 1117 2359 est
1142 2327 1353 2361 fortasse.
1387 2327 1456 2358 Ce-

809 2379 917 2406 terum
956 2373 1148 2415 Stephano,
1188 2372 1221 2404 id
1258 2373 1349 2415 quod
1388 2373 1456 2405 iam

811 2419 978 2460 Lenzius,
1016 2419 1238 2451 Heindorfius
1278 2419 1330 2451 alii
1380 2429 1456 2451 mo-

811 2469 966 2504 nuerunt,
994 2465 1116 2497 eximie
1134 2464 1242 2497 fraudi
1261 2465 1337 2504 fuit,
1363 2464 1455 2506 quod

812 2512 976 2542 Socrates
1021 2510 1062 2543 de
1102 2510 1263 2543 Phaedro
1295 2515 1456 2551 tanquam

812 2556 945 2587 bomine
971 2557 1081 2588 alieno
1118 2561 1152 2588 et
1177 2557 1320 2588 absente
1347 2556 1457 2596 loqui-

811 2606 881 2633 tur:
916 2602 1150 2644 corrigendum
1186 2603 1274 2634 enim
1300 2603 1357 2634 ille
1388 2608 1459 2632 sta-

811 2647 876 2678 tuit
897 2646 1047 2688 ποιήσεις
1078 2649 1131 2680 vel
1165 2646 1312 2691 ποιήσῃ,
1349 2656 1459 2686 neque

812 2691 905 2724 istud
930 2692 1041 2725 αὐτοῦ
1080 2692 1228 2735 δεήθητι
1253 2694 1457 2725 intentatum

813 2739 956 2780 reliquit.
1006 2739 1161 2772 Similem
1189 2738 1352 2772 orationis
1378 2747 1458 2779 spe·
