1687 2969
419 166 662 206 GORGIAS.
692 168 735 205 P.
769 169 859 205 513.
892 170 984 205 514.
1014 168 1074 207 ed.
1106 168 1162 206 St.
1389 169 1465 205 301

120 270 279 324 αὐτοὺς
317 275 389 317 καὶ
427 273 636 326 ἐξετάσαι,
687 277 858 327 πρῶτον
898 275 975 329 μὲν
1016 276 1052 316 εἰ
1100 274 1360 328 ἐπιστάμεθα
1394 274 1472 328 τὴν
1503 277 1540 320 Β

119 339 270 395 τέχνην
297 340 323 395 ἢ
354 337 433 382 οὐκ
473 340 755 393 ἐπιστάμεθα,
791 340 871 394 τὴν
909 341 1207 394 οἰκοδομικήν,
1247 338 1318 381 καὶ
1355 338 1470 391 παρὰ

119 409 196 447 τοῦ
227 404 466 460 ἐμάθομεν;
507 403 587 446 ἔδει
616 408 692 454 ἄν,
736 401 763 458 ἢ
792 408 867 454 οὒς
910 407 1058 449 ΚΑΛ..
1090 407 1218 446 Πάνυ
1245 419 1305 457 γε.
1363 407 1466 448 ΣΩ.

124 468 299 512 Οὐκοῦν
343 471 544 524 δεύτερον
586 466 640 511 αὖ
680 470 798 519 τόδε,
847 470 886 511 εἴ
923 486 962 511 τι
1002 471 1171 511 πώποτε
1208 470 1472 524 οἰκοδόμημα

119 531 454 592 ᾧκοδομήκαμεν
484 536 569 590 ἰδία
597 531 625 588 ἢ
652 538 738 576 τῶν
767 536 906 588 φίλων
927 534 1010 575 τινὶ
1038 532 1066 588 ἦ
1086 534 1291 589 [ἡμέτερον
1312 529 1470 581 αὐτῶν,

118 600 190 641 καὶ
218 607 346 642 τοῦτο
388 601 436 641 τὸ
477 600 742 654 οἰκοδόμημα
778 600 911 641 καλὸν
940 596 967 652 ἢ
996 601 1171 653 αἰσχρόν
1200 600 1296 641 ἐστι.
1338 600 1408 641 καὶ
1437 601 1472 641 εἰ

118 665 197 718 μὲν
228 665 477 718 εὑρίσκομεν
506 666 794 718 σκοπούμενοι
833 665 1115 714 διδασκάλους
1152 680 1194 706 τε
1225 665 1345 719 ἡμῶν
1373 666 1471 718 άγα-

119 729 229 777 &obs
258 730 327 770 καὶ
356 730 605 783 ἐλλογίμους
633 730 863 782 γεγονότας
892 729 963 770 καὶ
992 731 1310 784 οἰκοδομήματα
1336 730 1470 770 πολλὰ
1504 732 1539 775 C

119 795 196 848 μὲν
224 794 294 835 καὶ
322 795 430 836 καλὰ
458 795 560 848 μετὰ
590 798 676 836 τῶν
714 795 979 836 διδασκάλων
1019 794 1330 852 ᾠκοδομημένα
1357 795 1472 848 ἡμῖν,

118 859 254 901 πολλὰ
282 859 326 901 δὲ
354 861 424 901 καὶ
454 860 539 915 ἰδίᾳ
566 860 708 914 ἡμῶν,
755 860 896 914 ἐπειδὴ
933 863 1020 901 τῶν
1050 861 1316 902 διδασκάλων
1344 860 1471 913 άπηλ-

187 1000 225 1031 Β.
263 1000 331 1032 καὶ
359 999 400 1031 εί
433 999 514 1039 μὲν
547 997 841 1042 εὑρίσκομεν]
874 1000 1033 1032 Fortasse
1059 1000 1159 1033 scrib.
1185 997 1409 1042 ηὑρίσκομεν.
1440 1010 1473 1031 v.

118 1045 209 1076 infra
234 1046 276 1077 D.
302 1048 387 1078 extr.

188 1134 225 1167 C.
253 1133 346 1177 ἰδίᾳ
372 1132 505 1178 ἡμῶν]
542 1133 615 1177 ἰδίᾳ
641 1132 699 1175 ὑφ’
727 1132 825 1177 ἡμῶν
850 1135 1030 1168 Bekkerus
1056 1146 1098 1167 ex
1123 1146 1191 1167 uno
1217 1135 1294 1167 Par.
1319 1135 1359 1167 V.
1410 1135 1472 1167 Ce-

119 1180 183 1212 teri
207 1180 287 1212 libri
313 1178 385 1212 ἴδια
408 1184 468 1212 aut
494 1179 567 1222 ἰδίᾳ
592 1178 698 1222 ἡμῶν.

120 1312 200 1351 gato
227 1307 418 1351 πράξοντες
442 1308 532 1351 quod
550 1310 761 1341 restituimus

122 1353 334 1395 πράξαντες,
376 1354 493 1386 eodem
531 1354 631 1387 modo
670 1355 761 1386 infra

122 1399 152 1438 ἓ.
177 1400 228 1431 D:
253 1397 319 1431 κᾶν
342 1399 377 1431 εί
399 1398 676 1442 ἐπιχειρήσαντες
702 1398 761 1441 δη-

122 1443 298 1483 μοσιεύειν
346 1446 608 1486 παρεκαλοῦμεν
663 1442 761 1486 ἀλλή-

123 1491 215 1527 λους,
240 1489 299 1521 ubi
324 1490 618 1522 Heindorfius
643 1490 762 1521 invitis

123 1534 222 1566 libris
268 1533 544 1578 ἐπιχειρήσοντες
599 1535 761 1576 reposuit.

123 1580 329 1612 Fieinus:
363 1580 430 1619 „Si
463 1590 564 1622 ergo
597 1590 673 1611 nos
706 1580 763 1611 in-

124 1625 280 1665 vicem,
307 1636 325 1657 o
351 1625 593 1665 Callicles,
619 1625 763 1657 cohor-

123 1673 331 1710 taremur,
380 1670 558 1712 publice
598 1670 763 1702 civilia

124 1715 529 1757 pertractantes‚ad
549 1725 764 1747 murorum

124 1760 194 1792 vel
227 1761 452 1792 navalium
481 1760 554 1792 vel
585 1760 764 1802 templo-

123 1816 214 1837 rum
268 1806 476 1848 ingentia
528 1804 765 1837 aedificia''

126 1855 189 1882 etc.
237 1851 343 1882 Vides
381 1861 445 1883 nee
481 1850 575 1882 hune
613 1852 765 1882 futurum

125 1895 270 1938 legisse,
317 1896 408 1938 quod
449 1895 567 1928 dubito
618 1907 660 1928 an
706 1906 766 1937 per

127 1941 231 1973 totius
271 1941 340 1973 loci
369 1942 535 1973 rationem
576 1945 665 1974 stare
696 1951 765 1972 non

126 1987 244 2027 possit.
304 1987 474 2018 Nimirum
520 1986 666 2018 aoristus
712 1985 767 2017 de-

126 2035 222 2062 notat
251 2030 303 2070 id,
337 2031 428 2072 quod
456 2032 532 2072 quis
560 2032 628 2063 iam
654 2032 767 2063 facere

128 2076 286 2107 instituit.
313 2075 355 2107 Si
380 2086 467 2116 nos,
491 2077 613 2118 inquit,
638 2087 767 2118 quum

129 2121 179 2153 ad
202 2121 385 2163 negotia
414 2121 596 2163 publica
627 2131 767 2153 acces-

128 2167 348 2205 sissemus,
372 2166 562 2198 invicem
579 2166 767 2198 hortare-

128 2222 217 2242 mur
241 2210 291 2243 ad
317 2210 603 2252 suscipienda
633 2212 768 2244 arehi-

130 2260 329 2288 tecturae
354 2266 486 2298 opera
509 2261 573 2288 ete.

175 2302 215 2332 B.
239 2304 410 2342 πρῶτον
435 2300 575 2340 μὲνει
598 2298 767 2333 ἐπιστά-

131 2346 244 2384 μεθα
267 2345 322 2388 —-—]
348 2347 521 2377 Accurata
544 2346 630 2377 ratio
655 2346 769 2398 exige-

134 2390 191 2422 bat
228 2391 346 2432 utique
386 2388 601 2433 ἠπιστάμεθα
626 2409 667 2414 -
693 2387 769 2432 ἠπι-

134 2434 298 2474 στάμεθα.
353 2435 418 2467 Sed
450 2436 537 2468 nihil
568 2435 771 2468 mutandum

132 2491 206 2512 esse
231 2480 356 2512 docent
377 2482 554 2522 proxima:
591 2481 628 2512 εἷ’
649 2492 675 2512 τι
701 2478 770 2512 πιά-

135 2536 216 2556 ποτε
235 2537 300 2556 οικ.
329 2522 672 2568 ω’κοδομήκαμεν
698 2524 771 2567 ι”διᾳ

133 2588 187 2606 -,
213 2570 269 2601 καὶ
302 2573 399 2601 ἴΟῦϊΟ
423 2588 466 2594 ·-
490 2571 637 2612 αἰσχρΟΓ
669 2569 771 2613 eorl:

133 2615 220 2646 Nam
260 2615 303 2646 ad
341 2612 482 2647 Οὖκοῦι
522 2614 689 2655 δεύτεροι
726 2609 771 2646 αὖ

135 2658 212 2691 τόδε
243 2664 382 2701 apparet
413 2671 430 2691 e
464 2660 696 2701 superioribus
721 2660 771 2690 in-

134 2705 357 2746 telligendum
397 2715 471 2736 esse
507 2704 575 2737 ἔδει
606 2703 651 2736 ἂν
685 2702 772 2746 ἡμᾶς

833 1309 1052 1349 σκέψασθαιε
1089 1312 1127 1340 ut
1158 1309 1215 1340 hic
1250 1319 1388 1351 prorsus
1420 1318 1472 1340 ea-

830 1354 906 1387 dem
946 1355 990 1386 sit
1028 1355 1210 1386 verborum
1250 1354 1471 1386 constructio.

831 1401 1001 1440 Quocirca
1032 1400 1073 1431 ab
1114 1400 1268 1431 oratione
1306 1409 1473 1441 suspensa

830 1445 994 1477 transitur
1031 1449 1169 1486 repente
1199 1444 1241 1476 ad
1282 1454 1472 1476 sermonem

831 1495 959 1522 rectum
993 1500 1103 1531 neque
1139 1490 1353 1522 extrinsecus
1392 1500 1473 1530 pen—

831 1535 986 1567 dentem:
1028 1546 1130 1576 quam
1169 1535 1336 1566 rationem
1371 1534 1474 1566 Grae-

832 1590 890 1612 oos
914 1591 974 1622 pro
1008 1590 1047 1612 eo
1081 1591 1147 1621 quo
1177 1579 1356 1621 pollebant
1379 1579 1473 1621 inge-

831 1626 881 1656 nii
905 1625 1022 1667 vigore
1046 1628 1079 1656 et
1109 1625 1288 1657 alacritate
1318 1625 1475 1666 frequen-

833 1675 883 1702 ter
906 1680 1090 1712 usurpasse
1108 1670 1210 1702 hodie
1231 1671 1313 1702 satis
1331 1673 1474 1701 constat.

879 1715 916 1747 C.
972 1713 1104 1746 πολλὰ
1159 1714 1206 1746 δὲ
1261 1714 1329 1747 καὶ
1381 1714 1474 1756 ἰδίᾳ

833 1758 896 1802 ἡμ.
922 1759 984 1803 -]
1011 1760 1107 1791 Libri
1122 1759 1175 1791 vel
1202 1759 1275 1803 ἰδίᾳ
1299 1757 1396 1802 ἡμῶν
1418 1758 1475 1791 vel

835 1806 907 1837 ι”δια
932 1803 1029 1847 ἡμῶν
1053 1804 1226 1846 praebent.
1258 1806 1474 1837 Postremum

834 1855 948 1882 tuetur
972 1850 1280 1890 Heffldorfius,
1312 1850 1371 1891 qm·
1404 1849 1475 1881 ἴδια

834 1894 932 1938 ἡμῶν
963 1895 1093 1926 dictum
1129 1899 1228 1937 putat
1262 1899 1299 1927 ut
1330 1892 1475 1937 ἡμέτερα

835 1938 959 1972 αὐτῶν.
985 1942 1030 1972 At
1054 1941 1144 1973 enim
1162 1951 1243 1972 vero
1268 1951 1372 1982 quum
1390 1940 1476 1972 haee

835 1990 1053 2028 opponantur
1083 1985 1170 2017 illis:
1215 1984 1295 2024 μετὰ
1326 1987 1394 2016 τῶν
1427 1984 1476 2017 δι-

837 2030 1018 2062 δασκάλων
1033 2028 1292 2073 ᾠκοδομημένα,
1317 2029 1398 2071 quid
1411 2031 1477 2071 pri-

835 2080 989 2107 vatarum
1026 2075 1162 2107 aedium
1201 2075 1476 2107 commemoratio

836 2131 929 2152 nunc
958 2120 1059 2160 velit,
1102 2120 1259 2162 equidem
1299 2130 1367 2151 non
1403 2130 1477 2161 per—

836 2166 954 2208 spicio.
1006 2165 1112 2197 Liber
1141 2175 1231 2197 unus
1260 2165 1368 2197 Paris.
1404 2164 1477 2207 ἰδίᾳ

839 2208 900 2249 ὑφ’
942 2208 1060 2252 ἡμῶν,
1097 2211 1189 2242 unde
1225 2209 1306 2241 olim
1344 2210 1477 2242 conieci

839 2255 912 2297 ἰδίᾳ
937 2253 992 2295 ἐφ’
1020 2252 1133 2296 ἡμῶν,
1165 2256 1256 2296 ipsi
1288 2266 1363 2297 per
1386 2265 1478 2295 nos,

838 2304 990 2332 nostra
1006 2300 1202 2341 ipsorum
1222 2310 1369 2341 opera:
1389 2311 1478 2342 quae

838 2344 943 2377 verba
973 2355 1135 2386 quorsum
1169 2349 1340 2387 spectent,
1381 2355 1477 2377 aceu-

839 2390 949 2422 ratius
987 2389 1183 2422 declaratur
1220 2389 1312 2422 istis:
1359 2389 1479 2432 ἐπειδὴ

840 2438 908 2466 τῶν
951 2434 1015 2466 διδ.
1061 2432 1321 2477 ἀπηλλάγημεν,
1369 2438 1479 2477 post-

839 2490 960 2521 quam
1009 2480 1247 2522 magistros
1290 2480 1477 2521 relique-

840 2534 993 2556 ramus.
1025 2525 1222 2557 Dietionem
1254 2522 1311 2565 ἐφ’
1338 2524 1476 2562 ἑαυτοῦ,

840 2566 891 2601 ἐπ’
925 2568 1027 2607 ἐμοῦ,
1061 2567 1116 2610 ἐφ’
1145 2567 1259 2608 ὑμῶν,
1292 2569 1480 2601 illustravit

840 2615 1067 2648 Hermann,
1106 2614 1148 2646 ad
1178 2615 1292 2655 Viger.
1323 2625 1355 2655 p.
1389 2613 1478 2654 859„

840 2659 937 2700 tetigi
961 2659 1033 2700 ipse
1059 2659 1101 2690 ad
1117 2659 1274 2700 Sympos.
1291 2669 1323 2700 p.
1340 2657 1417 2691 201.
1435 2660 1476 2690 D.

840 2705 911 2736 Nec
935 2713 1015 2735 vero
1039 2714 1102 2736 nos
1125 2704 1278 2745 poenitet
1291 2704 1359 2735 iam
1375 2704 1478 2736 huius
