1687 2969
603 80 887 117 ᾖΧν-

77 198 138 252 (p.
173 196 266 237 265.
301 194 355 235 D.
388 219 440 224 ——
474 195 571 235 266.
609 193 680 250 C.)
715 194 820 235 haee
864 195 949 234 sere
989 193 1270 235 disseruntur.
1332 194 1426 235 Du-

76 250 174 309 plex
206 257 287 304 est,
318 251 458 306 inquit
488 250 704 305 Socrates,
739 251 842 292 artis
871 251 996 303 ratio,
1029 265 1138 303 quae
1169 251 1211 291 in
1244 266 1427 308 cognos-

76 308 225 351 cendis
273 306 603 362 iudicandisque
655 308 781 349 rebus
838 307 967 364 longe
1022 308 1135 349 valet
1184 308 1424 363 plurimum.

77 367 267 407 Primum
309 365 419 406 enim
450 365 509 405 ita
559 364 651 406 fieri
686 370 843 421 potest,
875 371 922 405 ut
953 364 1049 419 quis
1081 364 1135 404 ad
1166 379 1293 405 unam
1327 381 1425 421 spe-

76 423 184 464 ciem
215 429 344 477 atque
390 422 568 463 formam
601 437 625 462 a
657 437 703 463 se
733 421 951 477 cognitam
982 431 1025 462 et
1055 429 1327 477 perspectam
1358 438 1424 462 re-

77 480 187 521 ferat
217 485 260 521 et
290 478 505 520 conducat
536 493 646 532 quae
677 478 951 519 multifariam
983 477 1179 533 dispersa
1210 486 1334 532 sunt,
1365 479 1425 520 ita

75 536 266 591 quidem,
297 542 344 577 ut
375 534 623 576 definiendo
649 535 839 577 declaret
859 549 909 575 ac
938 534 1184 591 patefaciat,
1219 535 1423 589 quidnam

74 592 180 634 illud
198 593 268 646 sit,
302 591 354 633 de
395 607 478 646 quo
507 591 651 633 dicere
683 592 871 633 animum
904 591 1134 632 induxerit.
1196 591 1328 645 Quod
1359 593 1424 648 ip—

73 665 168 691 sum
198 656 326 691 antea
356 649 400 690 in
431 663 575 690 amore
601 648 997 701 animadvertimus,
1027 649 1148 690 euius
1172 648 1423 690 definitione

72 706 242 748 demum
277 706 467 748 exhibita
497 705 590 747 fieri
620 712 813 762 poterat,
844 713 891 747 ut
921 706 1057 747 oratio
1090 705 1133 746 in
1166 706 1257 748 eius
1288 706 1424 747 virtu-

73 764 189 805 tibus
221 762 500 806 aestimandis
530 761 858 817 iudicandisque
891 769 1007 803 reete
1040 777 1088 804 ac
1112 763 1308 805 sollerter
1327 779 1424 804 ver-

72 827 252 862 saretur.
323 818 412 863 Sed
452 821 644 876 suppetit
683 820 810 861 etiam
849 821 928 863 alia
958 819 1028 860 via
1070 827 1112 860 et
1151 820 1260 860 ratio
1288 835 1424 874 eaque

72 877 135 918 illi
165 877 383 919 contraria
413 883 456 918 et
486 876 681 920 adversa.
744 876 868 929 Quae
888 875 1062 932 quidem
1092 875 1236 917 locum
1269 877 1416 929 habet,

75 949 207 988 quum
238 934 335 988 quis
366 933 496 986 illud,
538 933 654 988 quod
694 934 737 974 iu
768 949 901 974 unum
933 934 1209 974 coniunctum
1241 940 1320 987 est,
1357 949 1423 975 sc-

74 989 263 1032 cundum
304 990 472 1046 species
513 997 642 1045 atque
686 991 843 1032 formas
885 990 966 1031 rite
1006 990 1218 1046 disiungit
1246 997 1289 1032 et
1321 991 1423 1032 arti-

73 1046 249 1088 culatim
291 1046 470 1100 dividit,
513 1062 593 1088 nec
640 1062 742 1089 vero
782 1047 988 1089 malorum
1031 1062 1267 1101 eoquorum
1305 1063 1422 1089 more

72 1103 284 1145 violenter
322 1102 550 1160 diffringit.
618 1102 754 1146 Cuius
795 1103 1017 1145 dividendi
1058 1104 1238 1145 rationis
1279 1120 1422 1145 exem-

72 1160 192 1216 plum
224 1175 356 1217 supra
385 1161 467 1216 ipsi
500 1161 826 1217 proposuimus,
871 1175 957 1216 quo
988 1161 1086 1202 loco
1117 1161 1235 1201 varia
1265 1161 1422 1202 furoris

73 1233 234 1272 genera
283 1217 659 1271 enumerabamus,
709 1232 847 1272 usque
901 1217 1001 1258 dum
1053 1217 1252 1269 tandem,
1294 1233 1421 1272 quem

75 1274 401 1328 quaerebamus,
424 1274 707 1330 reperiremus
729 1275 917 1315 furorem
938 1274 1143 1316 divinum.
1202 1275 1299 1316 Hae
1318 1290 1421 1316 vero

75 1331 310 1373 divisiones
353 1337 395 1372 et
425 1331 734 1373 conductiones
776 1338 863 1372 tam
894 1331 948 1372 ad
980 1331 1259 1387 cogitandum
1291 1347 1419 1387 quam

75 1387 130 1428 ad
152 1387 381 1429 dicendum
402 1388 531 1444 plane
553 1394 655 1430 sunt
675 1389 966 1439 necessariae;
999 1404 1049 1429 ae
1070 1389 1105 1430 si
1129 1390 1225 1443 quis
1256 1405 1419 1430 unum

73 1443 180 1485 illud
222 1451 264 1486 et
304 1445 474 1486 multa
511 1446 578 1501 (ἓν
610 1449 679 1487 καὶ
714 1445 876 1500 πολλά)
920 1445 959 1487 h.
1000 1460 1035 1486 e.
1068 1461 1227 1501 genera
1259 1452 1302 1487 et
1331 1447 1420 1487 for—

73 1516 164 1543 mas
204 1501 396 1543 idearum
435 1517 467 1544 s.
500 1503 744 1556 notionum,
777 1510 893 1544 recte
924 1509 1069 1558 potest
1099 1502 1342 1544 discernere
1377 1510 1418 1544 et

72 1558 360 1614 coniungere,
401 1558 437 1600 is
466 1560 619 1601 merito
652 1559 952 1601 dialectici
983 1560 1154 1601 nomine
1185 1559 1418 1615 insignitur

73 1621 118 1656 et
147 1620 365 1669 tamquam
415 1615 587 1670 sapiens
636 1631 737 1658 vere
786 1615 959 1657 divinus
1000 1617 1176 1657 summis
1215 1616 1417 1659 laudibus

73 1671 216 1712 ornari
249 1671 389 1713 debet.
457 1672 581 1714 Haec
619 1672 752 1729 igitur
793 1672 995 1715 Socrates
1037 1674 1100 1728 (p.
1134 1674 1229 1714 ²265.
1272 1674 1330 1715 I).
1361 1699 1415 1704 -—

74 1729 169 1769 266.
203 1727 276 1782 C.)
317 1727 370 1770 de
411 1728 659 1782 dialectica,
704 1730 860 1784 quibus
903 1736 1097 1785 apertum
1145 1736 1210 1771 est
1249 1730 1416 1772 metho-

71 1784 176 1826 dum
215 1784 455 1826 disserendi
487 1786 746 1843 analyticam
777 1793 908 1840 atque
938 1786 1252 1842 synthcticam,
1287 1802 1414 1841 quam

73 1840 205 1883 hodie
234 1849 407 1895 vocant,
443 1842 761 1899 elegantissime
798 1843 1016 1885 illustrari.
1080 1844 1310 1899 Expositis
1342 1860 1417 1886 au-

74 1903 161 1939 tem
192 1898 259 1940 his
291 1898 527 1941 dialecticis
599 1901 943 1956 raeceptionibus
974 1900 1041 1941 vir
1071 1901 1416 1956 sapientissimus

72 1969 222 1996 rursus
260 1956 491 1997 revertitur
530 1916 596 1998 ari)
623 1963 756 1998 artem
801 1957 1043 2011 rhetorum,
1094 1973 1201 2012 quos
1242 1959 1416 2012 quidem

73 2011 251 2066 copiosa
291 2011 586 2068 disputatione
639 2014 876 2069 eademque
926 2014 1109 2055 festivae
1158 2015 1416 2057 urbanitatis

70 2068 231 2110 salibus
268 2070 451 2111 maxime
491 2072 649 2112 referta
688 2071 877 2113 ostendit
917 2086 941 2112 a
988 2070 1238 2112 dialecticae
1287 2072 1415 2113 laude

70 2124 180 2166 adeo
212 2140 306 2167 esse
336 2127 516 2179 alienos,
549 2134 598 2169 ut
626 2128 752 2170 unice
784 2128 989 2169 haereant
1019 2129 1062 2168 in
1094 2128 1287 2169 artificiis
1319 2129 1414 2170 istis

71 2182 160 2224 suis
180 2197 297 2223 mero
318 2198 401 2224 usu
421 2184 613 2226 collectis
636 2192 713 2226 eta
732 2186 899 2226 ratione
929 2185 1200 2226 alienissimis
1233 2186 1294 2240 (p.
1318 2187 1413 2228 266.

70 2237 122 2280 C.
153 2264 207 2269 —
239 2240 335 2281 268.
366 2239 447 2295 ff).
509 2239 682 2297 Quippe
716 2247 955 2298 arguuntur
995 2241 1055 2282 illi
1095 2257 1180 2282 non
1221 2242 1417 2284 dialecti-

74 2309 193 2348 cam,
237 2311 325 2338 non
360 2297 448 2338 veri
479 2298 724 2353 reperiendi
755 2306 906 2351 artem,
939 2314 1024 2339 non
1057 2297 1242 2353 denique
1272 2315 1415 2341 rerum

74 2351 301 2393 seientiam
341 2360 383 2394 et
413 2355 706 2410 cognitionem
744 2361 907 2408 tenere,
941 2355 1017 2397 sed
1048 2355 1174 2397 unice
1204 2372 1416 2412 usurpare

73 2408 255 2450 artificia
293 2410 504 2464 quaedam
559 2427 610 2452 ex
651 2412 764 2453 vitae
814 2412 1051 2453 communis
1092 2427 1175 2453 usu
1214 2414 1413 2469 repetita,

74 2478 182 2518 quae
223 2465 324 2508 licet
354 2467 409 2508 ad
440 2468 786 2523 persuadendum
827 2468 1008 2511 subinde
1040 2469 1204 2523 aliquid
1243 2471 1416 2512 valeant

72 2527 224 2577 utpote
273 2522 328 2564 ad
377 2525 592 2580 opinionis
635 2526 823 2581 speeiem
862 2531 1131 2581 comparata,
1173 2533 1317 2568 tamen
1359 2527 1414 2568 ad

74 2578 165 2619 veri
205 2578 427 2622 scientiam
467 2590 509 2622 et.
540 2583 833 2638 cognitionem
862 2583 968 2624 nihil
1001 2581 1236 2637 quidquam
1268 2585 1415 2626 confe-

73 2640 182 2676 rant.
253 2633 471 2688 Quorsum
514 2639 758 2681 referuntur
796 2654 906 2693 quae
948 2640 1080 2696 vulgo
1120 2640 1163 2680 in
1196 2641 1414 2682 rhetorum
