<?xml version="1.0" encoding="UTF-8"?>
<!DOCTYPE html PUBLIC "-//W3C//DTD XHTML 1.0 Transitional//EN"
    "http://www.w3.org/TR/xhtml1/DTD/xhtml1-transitional.dtd">
<html xmlns="http://www.w3.org/1999/xhtml" xml:lang="en" lang="en">
 <head>
  <title>
</title>
<meta http-equiv="Content-Type" content="text/html;charset=utf-8" />
  <meta name='ocr-system' content='tesseract 3.04.00' />
  <meta name='ocr-capabilities' content='ocr_page ocr_carea ocr_par ocr_line ocrx_word'/>
</head>
<body>
  <div class='ocr_page' id='page_1' title='image "./n1operaomniarecens04platuoft/n1operaomniarecens04platuoft_0031.png"; bbox 0 0 1687 2969; ppageno 0'>
   <div class='ocr_carea' id='block_1_1' title="bbox 569 118 889 157">
    <p class='ocr_par' dir='ltr' id='par_1_1' title="bbox 569 118 889 157">
     <span class='ocr_line' id='line_1_1' title="bbox 569 118 889 157; baseline -0.006 0"><span class='ocrx_word' id='word_1_1' title='bbox 569 138 611 142; x_wconf 82' lang='lat'>-</span> <span class='ocrx_word' id='word_1_2' title='bbox 682 118 775 157; x_wconf 80' lang='lat' dir='ltr'>xvn</span> <span class='ocrx_word' id='word_1_3' title='bbox 848 139 889 142; x_wconf 89' lang='lat'><em>-</em></span> 
     </span>
    </p>
   </div>
   <div class='ocr_carea' id='block_1_2' title="bbox 51 229 1418 2736">
    <p class='ocr_par' dir='ltr' id='par_1_2' title="bbox 51 229 1418 2736">
     <span class='ocr_line' id='line_1_2' title="bbox 51 229 1407 290; baseline -0.006 -12"><span class='ocrx_word' id='word_1_4' title='bbox 51 251 200 278; x_wconf 78' lang='lat' dir='ltr'>verum</span> <span class='ocrx_word' id='word_1_5' title='bbox 243 233 496 276; x_wconf 85' lang='lat' dir='ltr'>intuendum</span> <span class='ocrx_word' id='word_1_6' title='bbox 536 233 681 290; x_wconf 89' lang='lat' dir='ltr'>potius</span> <span class='ocrx_word' id='word_1_7' title='bbox 721 232 961 289; x_wconf 80' lang='lat' dir='ltr'>exemplum</span> <span class='ocrx_word' id='word_1_8' title='bbox 1002 231 1182 273; x_wconf 79' lang='lat' dir='ltr'>Periclis</span> <span class='ocrx_word' id='word_1_9' title='bbox 1225 229 1407 272; x_wconf 81' lang='lat' dir='ltr'>oratoris</span> 
     </span>
     <span class='ocr_line' id='line_1_3' title="bbox 52 288 1406 349; baseline -0.006 -14"><span class='ocrx_word' id='word_1_10' title='bbox 52 292 368 349; x_wconf 77' lang='lat' dir='ltr'>perfectissimi.</span> <span class='ocrx_word' id='word_1_11' title='bbox 449 290 623 347; x_wconf 81' lang='lat' dir='ltr'>Quippe</span> <span class='ocrx_word' id='word_1_12' title='bbox 664 290 826 331; x_wconf 86' lang='lat' dir='ltr'>habent</span> <span class='ocrx_word' id='word_1_13' title='bbox 871 303 1019 330; x_wconf 87' lang='lat' dir='ltr'>omnes</span> <span class='ocrx_word' id='word_1_14' title='bbox 1069 288 1242 329; x_wconf 90' lang='lat' dir='ltr'>omnino</span> <span class='ocrx_word' id='word_1_15' title='bbox 1294 293 1406 328; x_wconf 81' lang='lat' dir='ltr'>artes</span> 
     </span>
     <span class='ocr_line' id='line_1_4' title="bbox 53 342 1407 406; baseline -0.006 -15"><span class='ocrx_word' id='word_1_16' title='bbox 53 349 299 406; x_wconf 85' lang='lat' dir='ltr'>praeclarae</span> <span class='ocrx_word' id='word_1_17' title='bbox 339 354 470 402; x_wconf 83' lang='lat' dir='ltr'>atque</span> <span class='ocrx_word' id='word_1_18' title='bbox 519 362 699 403; x_wconf 77' lang='lat' dir='ltr'>magnae</span> <span class='ocrx_word' id='word_1_19' title='bbox 742 347 824 388; x_wconf 88' lang='lat' dir='ltr'>hoe</span> <span class='ocrx_word' id='word_1_20' title='bbox 866 345 948 388; x_wconf 83' lang='lat' dir='ltr'>sibi</span> <span class='ocrx_word' id='word_1_21' title='bbox 992 345 1238 400; x_wconf 79' lang='lat' dir='ltr'>proprium,</span> <span class='ocrx_word' id='word_1_22' title='bbox 1290 342 1407 398; x_wconf 86' lang='lat' dir='ltr'>quod</span> 
     </span>
     <span class='ocr_line' id='line_1_5' title="bbox 53 401 1408 461; baseline -0.007 -12"><span class='ocrx_word' id='word_1_23' title='bbox 53 407 135 449; x_wconf 93' lang='lat' dir='ltr'>sibi</span> <span class='ocrx_word' id='word_1_24' title='bbox 165 406 291 461; x_wconf 90' lang='lat' dir='ltr'>quasi</span> <span class='ocrx_word' id='word_1_25' title='bbox 313 405 557 460; x_wconf 85' lang='lat' dir='ltr'>deposcunt</span> <span class='ocrx_word' id='word_1_26' title='bbox 584 404 892 446; x_wconf 85' lang='lat' dir='ltr'>abstrusiorem</span> <span class='ocrx_word' id='word_1_27' title='bbox 923 401 1219 458; x_wconf 82' lang='lat' dir='ltr'>philosophiae</span> <span class='ocrx_word' id='word_1_28' title='bbox 1253 415 1408 455; x_wconf 85' lang='lat' dir='ltr'>quaes-</span> 
     </span>
     <span class='ocr_line' id='line_1_6' title="bbox 52 460 1408 516; baseline -0.005 -12"><span class='ocrx_word' id='word_1_29' title='bbox 52 464 213 505; x_wconf 79' lang='lat' dir='ltr'>tionem</span> <span class='ocrx_word' id='word_1_30' title='bbox 255 463 610 515; x_wconf 73' lang='lat' dir='ltr'>subtilioremque</span> <span class='ocrx_word' id='word_1_31' title='bbox 641 460 1055 516; x_wconf 73' lang='lat' dir='ltr'>pervestigationem</span> <span class='ocrx_word' id='word_1_32' title='bbox 1107 465 1302 507; x_wconf 82' lang='lat' dir='ltr'>naturae,</span> <span class='ocrx_word' id='word_1_33' title='bbox 1357 472 1408 498; x_wconf 85' lang='lat' dir='ltr'>ex</span> 
     </span>
     <span class='ocr_line' id='line_1_7' title="bbox 54 514 1408 575; baseline -0.005 -14"><span class='ocrx_word' id='word_1_34' title='bbox 54 535 140 575; x_wconf 88' lang='lat' dir='ltr'>qua</span> <span class='ocrx_word' id='word_1_35' title='bbox 180 534 266 561; x_wconf 86' lang='lat' dir='ltr'>una</span> <span class='ocrx_word' id='word_1_36' title='bbox 309 518 481 560; x_wconf 86' lang='lat' dir='ltr'>demum</span> <span class='ocrx_word' id='word_1_37' title='bbox 525 518 716 559; x_wconf 83' lang='lat' dir='ltr'>nascitur</span> <span class='ocrx_word' id='word_1_38' title='bbox 771 517 933 558; x_wconf 83' lang='lat' dir='ltr'>celsum</span> <span class='ocrx_word' id='word_1_39' title='bbox 972 515 1093 568; x_wconf 84' lang='lat' dir='ltr'>illud,</span> <span class='ocrx_word' id='word_1_40' title='bbox 1133 514 1408 571; x_wconf 77' lang='lat' dir='ltr'>magnificum</span> 
     </span>
     <span class='ocr_line' id='line_1_8' title="bbox 54 571 1409 632; baseline -0.005 -14"><span class='ocrx_word' id='word_1_41' title='bbox 54 584 185 632; x_wconf 76' lang='lat' dir='ltr'>atque</span> <span class='ocrx_word' id='word_1_42' title='bbox 226 575 394 629; x_wconf 67' lang='lat' dir='ltr'>efficax,</span> <span class='ocrx_word' id='word_1_43' title='bbox 439 574 557 630; x_wconf 89' lang='lat' dir='ltr'>quod</span> <span class='ocrx_word' id='word_1_44' title='bbox 604 574 878 629; x_wconf 70' lang='lat' dir='ltr'>eloquentiae</span> <span class='ocrx_word' id='word_1_45' title='bbox 930 587 1101 628; x_wconf 87' lang='lat' dir='ltr'>quoque</span> <span class='ocrx_word' id='word_1_46' title='bbox 1140 571 1409 627; x_wconf 84' lang='lat' dir='ltr'>propositum</span> 
     </span>
     <span class='ocr_line' id='line_1_9' title="bbox 53 627 1410 686; baseline -0.007 -10"><span class='ocrx_word' id='word_1_47' title='bbox 53 649 148 676; x_wconf 88' lang='lat' dir='ltr'>esse</span> <span class='ocrx_word' id='word_1_48' title='bbox 180 632 322 674; x_wconf 85' lang='lat' dir='ltr'>debet.</span> <span class='ocrx_word' id='word_1_49' title='bbox 393 631 525 685; x_wconf 82' lang='lat' dir='ltr'>Quod</span> <span class='ocrx_word' id='word_1_50' title='bbox 564 646 696 686; x_wconf 86' lang='lat' dir='ltr'>quum</span> <span class='ocrx_word' id='word_1_51' title='bbox 735 630 927 672; x_wconf 88' lang='lat' dir='ltr'>Pericles</span> <span class='ocrx_word' id='word_1_52' title='bbox 970 635 1094 671; x_wconf 87' lang='lat' dir='ltr'>acute</span> <span class='ocrx_word' id='word_1_53' title='bbox 1136 627 1410 684; x_wconf 70' lang='lat' dir='ltr'>pervidisset,</span> 
     </span>
     <span class='ocr_line' id='line_1_10' title="bbox 54 684 1409 745; baseline -0.006 -13"><span class='ocrx_word' id='word_1_54' title='bbox 54 691 260 732; x_wconf 83' lang='lat' dir='ltr'>continuo</span> <span class='ocrx_word' id='word_1_55' title='bbox 290 689 372 731; x_wconf 88' lang='lat' dir='ltr'>sibi</span> <span class='ocrx_word' id='word_1_56' title='bbox 402 689 617 745; x_wconf 81' lang='lat' dir='ltr'>persuasit</span> <span class='ocrx_word' id='word_1_57' title='bbox 640 687 693 729; x_wconf 90' lang='lat' dir='ltr'>ad</span> <span class='ocrx_word' id='word_1_58' title='bbox 715 688 982 744; x_wconf 84' lang='lat' dir='ltr'>praeclaram</span> <span class='ocrx_word' id='word_1_59' title='bbox 1003 692 1182 728; x_wconf 89' lang='lat' dir='ltr'>naturae</span> <span class='ocrx_word' id='word_1_60' title='bbox 1204 684 1409 736; x_wconf 87' lang='lat' dir='ltr'>indolem,</span> 
     </span>
     <span class='ocr_line' id='line_1_11' title="bbox 54 741 1409 802; baseline -0.004 -14"><span class='ocrx_word' id='word_1_61' title='bbox 54 763 141 802; x_wconf 85' lang='lat' dir='ltr'>qua</span> <span class='ocrx_word' id='word_1_62' title='bbox 170 747 252 788; x_wconf 81' lang='lat' dir='ltr'>fuit</span> <span class='ocrx_word' id='word_1_63' title='bbox 297 754 499 799; x_wconf 84' lang='lat' dir='ltr'>ornatus,</span> <span class='ocrx_word' id='word_1_64' title='bbox 544 745 751 787; x_wconf 83' lang='lat' dir='ltr'>accedere</span> <span class='ocrx_word' id='word_1_65' title='bbox 796 750 995 800; x_wconf 88' lang='lat' dir='ltr'>oportere</span> <span class='ocrx_word' id='word_1_66' title='bbox 1027 743 1154 784; x_wconf 87' lang='lat' dir='ltr'>ctiam</span> <span class='ocrx_word' id='word_1_67' title='bbox 1187 741 1409 783; x_wconf 87' lang='lat' dir='ltr'>doctrinae</span> 
     </span>
     <span class='ocr_line' id='line_1_12' title="bbox 55 797 1413 856; baseline -0.004 -11"><span class='ocrx_word' id='word_1_68' title='bbox 55 810 98 845; x_wconf 84' lang='lat' dir='ltr'>et</span> <span class='ocrx_word' id='word_1_69' title='bbox 126 803 305 845; x_wconf 80' lang='lat' dir='ltr'>rationis</span> <span class='ocrx_word' id='word_1_70' title='bbox 359 802 757 844; x_wconf 83' lang='lat' dir='ltr'>conformationem.</span> <span class='ocrx_word' id='word_1_71' title='bbox 829 801 974 854; x_wconf 59' lang='lat' dir='ltr'>(Quum</span> <span class='ocrx_word' id='word_1_72' title='bbox 1017 800 1149 856; x_wconf 79' lang='lat' dir='ltr'>igitur</span> <span class='ocrx_word' id='word_1_73' title='bbox 1188 797 1413 840; x_wconf 85' lang='lat' dir='ltr'>incidisset</span> 
     </span>
     <span class='ocr_line' id='line_1_13' title="bbox 54 859 1410 916; baseline -0.004 -14"><span class='ocrx_word' id='word_1_74' title='bbox 54 862 97 902; x_wconf 92' lang='lat' dir='ltr'>in</span> <span class='ocrx_word' id='word_1_75' title='bbox 140 862 466 916; x_wconf 75' lang='lat' dir='ltr'>Anaxagoram,</span> <span class='ocrx_word' id='word_1_76' title='bbox 517 865 690 901; x_wconf 86' lang='lat' dir='ltr'>acutum</span> <span class='ocrx_word' id='word_1_77' title='bbox 735 859 885 900; x_wconf 89' lang='lat' dir='ltr'>talium</span> <span class='ocrx_word' id='word_1_78' title='bbox 924 873 1065 898; x_wconf 88' lang='lat' dir='ltr'>rerum</span> <span class='ocrx_word' id='word_1_79' title='bbox 1110 862 1410 909; x_wconf 73' lang='lat' dir='ltr'>scrutatorem,</span> 
     </span>
     <span class='ocr_line' id='line_1_14' title="bbox 54 912 1412 972; baseline -0.003 -14"><span class='ocrx_word' id='word_1_80' title='bbox 54 917 302 959; x_wconf 78' lang='lat' dir='ltr'>istiusmodi</span> <span class='ocrx_word' id='word_1_81' title='bbox 334 916 663 972; x_wconf 81' lang='lat' dir='ltr'>quaestionibus</span> <span class='ocrx_word' id='word_1_82' title='bbox 694 931 744 957; x_wconf 83' lang='lat' dir='ltr'>ae</span> <span class='ocrx_word' id='word_1_83' title='bbox 790 914 1144 956; x_wconf 84' lang='lat' dir='ltr'>meditationibus</span> <span class='ocrx_word' id='word_1_84' title='bbox 1187 912 1412 954; x_wconf 77' lang='lat' dir='ltr'>adsuefac-</span> 
     </span>
     <span class='ocr_line' id='line_1_15' title="bbox 54 970 1413 1029; baseline -0.004 -14"><span class='ocrx_word' id='word_1_85' title='bbox 54 981 124 1016; x_wconf 84' lang='lat' dir='ltr'>tus</span> <span class='ocrx_word' id='word_1_86' title='bbox 157 980 201 1015; x_wconf 84' lang='lat' dir='ltr'>et</span> <span class='ocrx_word' id='word_1_87' title='bbox 242 973 297 1015; x_wconf 89' lang='lat' dir='ltr'>ad</span> <span class='ocrx_word' id='word_1_88' title='bbox 330 973 676 1029; x_wconf 78' lang='lat' dir='ltr'>cognoscendam</span> <span class='ocrx_word' id='word_1_89' title='bbox 715 973 870 1014; x_wconf 88' lang='lat' dir='ltr'>mentis</span> <span class='ocrx_word' id='word_1_90' title='bbox 902 978 945 1013; x_wconf 87' lang='lat' dir='ltr'>et</span> <span class='ocrx_word' id='word_1_91' title='bbox 975 970 1185 1012; x_wconf 83' lang='lat' dir='ltr'>amentiae</span> <span class='ocrx_word' id='word_1_92' title='bbox 1216 976 1413 1011; x_wconf 88' lang='lat' dir='ltr'>naturam</span> 
     </span>
     <span class='ocr_line' id='line_1_16' title="bbox 54 1026 1414 1087; baseline -0.003 -16"><span class='ocrx_word' id='word_1_93' title='bbox 54 1047 134 1087; x_wconf 86' lang='lat' dir='ltr'>per</span> <span class='ocrx_word' id='word_1_94' title='bbox 163 1031 284 1072; x_wconf 86' lang='lat' dir='ltr'>illum</span> <span class='ocrx_word' id='word_1_95' title='bbox 316 1030 529 1072; x_wconf 87' lang='lat' dir='ltr'>deductus</span> <span class='ocrx_word' id='word_1_96' title='bbox 560 1031 663 1072; x_wconf 89' lang='lat' dir='ltr'>fecit</span> <span class='ocrx_word' id='word_1_97' title='bbox 694 1030 889 1086; x_wconf 79' lang='lat' dir='ltr'>protecto</span> <span class='ocrx_word' id='word_1_98' title='bbox 923 1027 1040 1083; x_wconf 88' lang='lat' dir='ltr'>quod</span> <span class='ocrx_word' id='word_1_99' title='bbox 1073 1026 1126 1068; x_wconf 90' lang='lat' dir='ltr'>ad</span> <span class='ocrx_word' id='word_1_100' title='bbox 1160 1041 1414 1082; x_wconf 86' lang='lat' dir='ltr'>comparan-</span> 
     </span>
     <span class='ocr_line' id='line_1_17' title="bbox 56 1083 1413 1142; baseline -0.004 -13"><span class='ocrx_word' id='word_1_101' title='bbox 56 1089 153 1129; x_wconf 83' lang='lat' dir='ltr'>dam</span> <span class='ocrx_word' id='word_1_102' title='bbox 185 1087 458 1142; x_wconf 85' lang='lat' dir='ltr'>eloquentiae</span> <span class='ocrx_word' id='word_1_103' title='bbox 500 1087 670 1128; x_wconf 85' lang='lat' dir='ltr'>laudem</span> <span class='ocrx_word' id='word_1_104' title='bbox 713 1087 804 1128; x_wconf 91' lang='lat' dir='ltr'>sine</span> <span class='ocrx_word' id='word_1_105' title='bbox 847 1085 980 1127; x_wconf 89' lang='lat' dir='ltr'>dubio</span> <span class='ocrx_word' id='word_1_106' title='bbox 1011 1084 1241 1140; x_wconf 89' lang='lat' dir='ltr'>plurimum</span> <span class='ocrx_word' id='word_1_107' title='bbox 1271 1083 1413 1124; x_wconf 79' lang='lat' dir='ltr'>valere</span> 
     </span>
     <span class='ocr_line' id='line_1_18' title="bbox 55 1141 1413 1197; baseline -0.004 -12"><span class='ocrx_word' id='word_1_108' title='bbox 55 1144 238 1185; x_wconf 83' lang='lat' dir='ltr'>iudicari</span> <span class='ocrx_word' id='word_1_109' title='bbox 277 1143 419 1185; x_wconf 84' lang='lat' dir='ltr'>dehet.</span> <span class='ocrx_word' id='word_1_110' title='bbox 489 1144 704 1185; x_wconf 84' lang='lat' dir='ltr'>Traduxit</span> <span class='ocrx_word' id='word_1_111' title='bbox 736 1144 848 1185; x_wconf 89' lang='lat' dir='ltr'>enim</span> <span class='ocrx_word' id='word_1_112' title='bbox 889 1158 941 1183; x_wconf 85' lang='lat' dir='ltr'>ex</span> <span class='ocrx_word' id='word_1_113' title='bbox 975 1141 1253 1197; x_wconf 84' lang='lat' dir='ltr'>philosophia</span> <span class='ocrx_word' id='word_1_114' title='bbox 1294 1141 1413 1181; x_wconf 86' lang='lat' dir='ltr'>Ana-</span> 
     </span>
     <span class='ocr_line' id='line_1_19' title="bbox 55 1197 1414 1258; baseline -0.004 -16"><span class='ocrx_word' id='word_1_115' title='bbox 55 1216 245 1258; x_wconf 77' lang='lat' dir='ltr'>xagorae</span> <span class='ocrx_word' id='word_1_116' title='bbox 293 1200 348 1242; x_wconf 85' lang='lat' dir='ltr'>ad</span> <span class='ocrx_word' id='word_1_117' title='bbox 398 1207 532 1242; x_wconf 88' lang='lat' dir='ltr'>artem</span> <span class='ocrx_word' id='word_1_118' title='bbox 591 1201 825 1242; x_wconf 87' lang='lat' dir='ltr'>oratoriam</span> <span class='ocrx_word' id='word_1_119' title='bbox 883 1213 1169 1253; x_wconf 86' lang='lat' dir='ltr'>quaecunque</span> <span class='ocrx_word' id='word_1_120' title='bbox 1226 1197 1279 1238; x_wconf 85' lang='lat' dir='ltr'>ad</span> <span class='ocrx_word' id='word_1_121' title='bbox 1323 1212 1414 1238; x_wconf 86' lang='lat' dir='ltr'>eam</span> 
     </span>
     <span class='ocr_line' id='line_1_20' title="bbox 58 1254 1412 1312; baseline -0.004 -12"><span class='ocrx_word' id='word_1_122' title='bbox 58 1256 284 1300; x_wconf 85' lang='lat' dir='ltr'>colendam</span> <span class='ocrx_word' id='word_1_123' title='bbox 314 1257 641 1312; x_wconf 88' lang='lat' dir='ltr'>ornandamque</span> <span class='ocrx_word' id='word_1_124' title='bbox 672 1258 854 1299; x_wconf 82' lang='lat' dir='ltr'>maxime</span> <span class='ocrx_word' id='word_1_125' title='bbox 887 1255 1129 1298; x_wconf 81' lang='lat' dir='ltr'>conducere</span> <span class='ocrx_word' id='word_1_126' title='bbox 1150 1254 1412 1295; x_wconf 70' lang='lat' dir='ltr'>viderentur.</span> 
     </span>
     <span class='ocr_line' id='line_1_21' title="bbox 59 1311 1412 1371; baseline -0.004 -14"><span class='ocrx_word' id='word_1_127' title='bbox 59 1315 232 1371; x_wconf 77' lang='lat' dir='ltr'>Quippe</span> <span class='ocrx_word' id='word_1_128' title='bbox 276 1322 343 1356; x_wconf 86' lang='lat' dir='ltr'>est</span> <span class='ocrx_word' id='word_1_129' title='bbox 385 1312 488 1357; x_wconf 80' lang='lat' dir='ltr'>sane</span> <span class='ocrx_word' id='word_1_130' title='bbox 533 1315 636 1356; x_wconf 88' lang='lat' dir='ltr'>artis</span> <span class='ocrx_word' id='word_1_131' title='bbox 676 1315 890 1356; x_wconf 88' lang='lat' dir='ltr'>oratoriae</span> <span class='ocrx_word' id='word_1_132' title='bbox 937 1313 1062 1369; x_wconf 87' lang='lat' dir='ltr'>plane</span> <span class='ocrx_word' id='word_1_133' title='bbox 1104 1311 1256 1353; x_wconf 84' lang='lat' dir='ltr'>eadem</span> <span class='ocrx_word' id='word_1_134' title='bbox 1286 1311 1412 1363; x_wconf 89' lang='lat' dir='ltr'>ratio,</span> 
     </span>
     <span class='ocr_line' id='line_1_22' title="bbox 59 1369 1415 1427; baseline -0.004 -14"><span class='ocrx_word' id='word_1_135' title='bbox 59 1387 168 1427; x_wconf 80' lang='lat' dir='ltr'>quae</span> <span class='ocrx_word' id='word_1_136' title='bbox 210 1378 276 1414; x_wconf 85' lang='lat' dir='ltr'>est</span> <span class='ocrx_word' id='word_1_137' title='bbox 315 1373 420 1414; x_wconf 88' lang='lat' dir='ltr'>artis</span> <span class='ocrx_word' id='word_1_138' title='bbox 462 1371 669 1413; x_wconf 86' lang='lat' dir='ltr'>medicae.</span> <span class='ocrx_word' id='word_1_139' title='bbox 737 1372 790 1413; x_wconf 91' lang='lat' dir='ltr'>In</span> <span class='ocrx_word' id='word_1_140' title='bbox 833 1378 1016 1425; x_wconf 88' lang='lat' dir='ltr'>utraque</span> <span class='ocrx_word' id='word_1_141' title='bbox 1059 1369 1172 1410; x_wconf 86' lang='lat' dir='ltr'>enim</span> <span class='ocrx_word' id='word_1_142' title='bbox 1217 1375 1415 1410; x_wconf 84' lang='lat' dir='ltr'>naturam</span> 
     </span>
     <span class='ocr_line' id='line_1_23' title="bbox 59 1426 1413 1485; baseline -0.004 -14"><span class='ocrx_word' id='word_1_143' title='bbox 59 1429 276 1485; x_wconf 80' lang='lat' dir='ltr'>cognitam</span> <span class='ocrx_word' id='word_1_144' title='bbox 328 1436 688 1485; x_wconf 82' lang='lat' dir='ltr'>perspectamque</span> <span class='ocrx_word' id='word_1_145' title='bbox 738 1428 900 1470; x_wconf 87' lang='lat' dir='ltr'>habeas</span> <span class='ocrx_word' id='word_1_146' title='bbox 946 1426 1074 1483; x_wconf 88' lang='lat' dir='ltr'>plane</span> <span class='ocrx_word' id='word_1_147' title='bbox 1114 1441 1290 1467; x_wconf 85' lang='lat' dir='ltr'>necesse</span> <span class='ocrx_word' id='word_1_148' title='bbox 1333 1432 1413 1472; x_wconf 73' lang='lat' dir='ltr'>est,</span> 
     </span>
     <span class='ocr_line' id='line_1_24' title="bbox 62 1482 1416 1541; baseline -0.004 -13"><span class='ocrx_word' id='word_1_149' title='bbox 62 1485 274 1541; x_wconf 84' lang='lat' dir='ltr'>siquidem</span> <span class='ocrx_word' id='word_1_150' title='bbox 305 1501 374 1528; x_wconf 85' lang='lat' dir='ltr'>ars</span> <span class='ocrx_word' id='word_1_151' title='bbox 394 1486 561 1528; x_wconf 87' lang='lat' dir='ltr'>medica</span> <span class='ocrx_word' id='word_1_152' title='bbox 591 1486 799 1541; x_wconf 81' lang='lat' dir='ltr'>corporis,</span> <span class='ocrx_word' id='word_1_153' title='bbox 832 1499 900 1526; x_wconf 87' lang='lat' dir='ltr'>ars</span> <span class='ocrx_word' id='word_1_154' title='bbox 931 1484 1115 1525; x_wconf 86' lang='lat' dir='ltr'>oratoria</span> <span class='ocrx_word' id='word_1_155' title='bbox 1149 1483 1277 1524; x_wconf 84' lang='lat' dir='ltr'>animi</span> <span class='ocrx_word' id='word_1_156' title='bbox 1304 1482 1416 1523; x_wconf 86' lang='lat' dir='ltr'>noti·</span> 
     </span>
     <span class='ocr_line' id='line_1_25' title="bbox 60 1539 1415 1597; baseline -0.003 -14"><span class='ocrx_word' id='word_1_157' title='bbox 60 1543 163 1583; x_wconf 89' lang='lat' dir='ltr'>tiam</span> <span class='ocrx_word' id='word_1_158' title='bbox 208 1543 517 1585; x_wconf 78' lang='lat' dir='ltr'>accuratiorem</span> <span class='ocrx_word' id='word_1_159' title='bbox 556 1543 749 1597; x_wconf 84' lang='lat' dir='ltr'>requirit.</span> <span class='ocrx_word' id='word_1_160' title='bbox 820 1541 920 1595; x_wconf 81' lang='lat' dir='ltr'>Qua</span> <span class='ocrx_word' id='word_1_161' title='bbox 959 1542 995 1582; x_wconf 90' lang='lat' dir='ltr'>si</span> <span class='ocrx_word' id='word_1_162' title='bbox 1039 1540 1136 1594; x_wconf 85' lang='lat' dir='ltr'>quis</span> <span class='ocrx_word' id='word_1_163' title='bbox 1175 1546 1347 1593; x_wconf 82' lang='lat' dir='ltr'>careat,</span> <span class='ocrx_word' id='word_1_164' title='bbox 1379 1539 1415 1580; x_wconf 85' lang='lat' dir='ltr'>is</span> 
     </span>
     <span class='ocr_line' id='line_1_26' title="bbox 62 1597 1415 1655; baseline -0.003 -15"><span class='ocrx_word' id='word_1_165' title='bbox 62 1607 176 1641; x_wconf 79' lang='lat' dir='ltr'>certe</span> <span class='ocrx_word' id='word_1_166' title='bbox 207 1615 439 1654; x_wconf 88' lang='lat' dir='ltr'>numquam</span> <span class='ocrx_word' id='word_1_167' title='bbox 480 1615 533 1641; x_wconf 84' lang='lat' dir='ltr'>ex</span> <span class='ocrx_word' id='word_1_168' title='bbox 566 1606 657 1640; x_wconf 88' lang='lat' dir='ltr'>arte</span> <span class='ocrx_word' id='word_1_169' title='bbox 689 1605 813 1655; x_wconf 81' lang='lat' dir='ltr'>aget,</span> <span class='ocrx_word' id='word_1_170' title='bbox 859 1598 935 1639; x_wconf 88' lang='lat' dir='ltr'>sed</span> <span class='ocrx_word' id='word_1_171' title='bbox 967 1613 1084 1638; x_wconf 88' lang='lat' dir='ltr'>mero</span> <span class='ocrx_word' id='word_1_172' title='bbox 1116 1611 1197 1638; x_wconf 90' lang='lat' dir='ltr'>usu</span> <span class='ocrx_word' id='word_1_173' title='bbox 1231 1597 1320 1638; x_wconf 84' lang='lat' dir='ltr'>sine</span> <span class='ocrx_word' id='word_1_174' title='bbox 1348 1611 1415 1636; x_wconf 88' lang='lat' dir='ltr'>ra—</span> 
     </span>
     <span class='ocr_line' id='line_1_27' title="bbox 60 1653 1413 1712; baseline -0.004 -15"><span class='ocrx_word' id='word_1_175' title='bbox 60 1657 179 1697; x_wconf 87' lang='lat' dir='ltr'>tione</span> <span class='ocrx_word' id='word_1_176' title='bbox 211 1657 392 1698; x_wconf 82' lang='lat' dir='ltr'>collecto</span> <span class='ocrx_word' id='word_1_177' title='bbox 425 1657 595 1712; x_wconf 84' lang='lat' dir='ltr'>corpori</span> <span class='ocrx_word' id='word_1_178' title='bbox 616 1655 873 1697; x_wconf 76' lang='lat' dir='ltr'>valetudinis</span> <span class='ocrx_word' id='word_1_179' title='bbox 905 1669 1060 1696; x_wconf 79' lang='lat' dir='ltr'>caussa</span> <span class='ocrx_word' id='word_1_180' title='bbox 1084 1653 1413 1704; x_wconf 85' lang='lat' dir='ltr'>medicamenta,</span> 
     </span>
     <span class='ocr_line' id='line_1_28' title="bbox 63 1710 1412 1768; baseline -0.003 -14"><span class='ocrx_word' id='word_1_181' title='bbox 63 1713 203 1754; x_wconf 86' lang='lat' dir='ltr'>animo</span> <span class='ocrx_word' id='word_1_182' title='bbox 235 1719 377 1754; x_wconf 84' lang='lat' dir='ltr'>autem</span> <span class='ocrx_word' id='word_1_183' title='bbox 417 1713 471 1753; x_wconf 90' lang='lat' dir='ltr'>ad</span> <span class='ocrx_word' id='word_1_184' title='bbox 509 1712 780 1755; x_wconf 70' lang='lat' dir='ltr'>efficiendam</span> <span class='ocrx_word' id='word_1_185' title='bbox 828 1712 1151 1768; x_wconf 83' lang='lat' dir='ltr'>persuasionem</span> <span class='ocrx_word' id='word_1_186' title='bbox 1194 1710 1412 1751; x_wconf 87' lang='lat' dir='ltr'>orationes</span> 
     </span>
     <span class='ocr_line' id='line_1_29' title="bbox 63 1767 1410 1826; baseline -0.002 -16"><span class='ocrx_word' id='word_1_187' title='bbox 63 1769 298 1811; x_wconf 83' lang='lat' dir='ltr'>adhibebit.</span> <span class='ocrx_word' id='word_1_188' title='bbox 360 1769 492 1823; x_wconf 73' lang='lat' dir='ltr'>Quod</span> <span class='ocrx_word' id='word_1_189' title='bbox 523 1786 651 1824; x_wconf 84' lang='lat' dir='ltr'>quam</span> <span class='ocrx_word' id='word_1_190' title='bbox 682 1770 738 1811; x_wconf 76' lang='lat' dir='ltr'>sit.</span> <span class='ocrx_word' id='word_1_191' title='bbox 759 1783 1011 1826; x_wconf 84' lang='lat' dir='ltr'>perversum</span> <span class='ocrx_word' id='word_1_192' title='bbox 1033 1774 1073 1808; x_wconf 87' lang='lat' dir='ltr'>et</span> <span class='ocrx_word' id='word_1_193' title='bbox 1098 1767 1410 1819; x_wconf 87' lang='lat' dir='ltr'>calamitosum,</span> 
     </span>
     <span class='ocr_line' id='line_1_30' title="bbox 64 1824 1412 1883; baseline -0.002 -15"><span class='ocrx_word' id='word_1_194' title='bbox 64 1843 188 1868; x_wconf 89' lang='lat' dir='ltr'>nemo</span> <span class='ocrx_word' id='word_1_195' title='bbox 239 1834 305 1868; x_wconf 83' lang='lat' dir='ltr'>cst</span> <span class='ocrx_word' id='word_1_196' title='bbox 366 1827 469 1881; x_wconf 84' lang='lat' dir='ltr'>quin</span> <span class='ocrx_word' id='word_1_197' title='bbox 518 1834 672 1883; x_wconf 87' lang='lat' dir='ltr'>sponte</span> <span class='ocrx_word' id='word_1_198' title='bbox 733 1825 1057 1867; x_wconf 81' lang='lat' dir='ltr'>animadvertat.</span> <span class='ocrx_word' id='word_1_199' title='bbox 1156 1824 1249 1866; x_wconf 89' lang='lat' dir='ltr'>Iam</span> <span class='ocrx_word' id='word_1_200' title='bbox 1308 1839 1412 1865; x_wconf 77' lang='lat' dir='ltr'>vero</span> 
     </span>
     <span class='ocr_line' id='line_1_31' title="bbox 64 1881 1412 1938; baseline -0.003 -13"><span class='ocrx_word' id='word_1_201' title='bbox 64 1884 192 1925; x_wconf 88' lang='lat' dir='ltr'>animi</span> <span class='ocrx_word' id='word_1_202' title='bbox 214 1891 413 1925; x_wconf 88' lang='lat' dir='ltr'>naturam</span> <span class='ocrx_word' id='word_1_203' title='bbox 436 1885 532 1938; x_wconf 89' lang='lat' dir='ltr'>quis</span> <span class='ocrx_word' id='word_1_204' title='bbox 552 1899 712 1938; x_wconf 87' lang='lat' dir='ltr'>quaeso</span> <span class='ocrx_word' id='word_1_205' title='bbox 745 1890 811 1925; x_wconf 85' lang='lat' dir='ltr'>est-</span> <span class='ocrx_word' id='word_1_206' title='bbox 842 1883 915 1938; x_wconf 83' lang='lat' dir='ltr'>qui</span> <span class='ocrx_word' id='word_1_207' title='bbox 937 1882 1018 1923; x_wconf 90' lang='lat' dir='ltr'>sibi</span> <span class='ocrx_word' id='word_1_208' title='bbox 1040 1881 1299 1938; x_wconf 82' lang='lat' dir='ltr'>persuadeat</span> <span class='ocrx_word' id='word_1_209' title='bbox 1320 1881 1412 1921; x_wconf 87' lang='lat' dir='ltr'>sine</span> 
     </span>
     <span class='ocr_line' id='line_1_32' title="bbox 61 1937 1412 1997; baseline -0.004 -15"><span class='ocrx_word' id='word_1_210' title='bbox 61 1941 249 1982; x_wconf 81' lang='lat' dir='ltr'>universi</span> <span class='ocrx_word' id='word_1_211' title='bbox 269 1940 517 1996; x_wconf 79' lang='lat' dir='ltr'>cognitione</span> <span class='ocrx_word' id='word_1_212' title='bbox 538 1956 666 1997; x_wconf 80' lang='lat' dir='ltr'>posse</span> <span class='ocrx_word' id='word_1_213' title='bbox 697 1940 887 1996; x_wconf 87' lang='lat' dir='ltr'>perspici</span> <span class='ocrx_word' id='word_1_214' title='bbox 918 1946 961 1980; x_wconf 87' lang='lat' dir='ltr'>et</span> <span class='ocrx_word' id='word_1_215' title='bbox 989 1938 1200 1995; x_wconf 79' lang='lat' dir='ltr'>intelligi?</span> <span class='ocrx_word' id='word_1_216' title='bbox 1261 1937 1412 1979; x_wconf 85' lang='lat' dir='ltr'>Enim-</span> 
     </span>
     <span class='ocr_line' id='line_1_33' title="bbox 61 1994 1413 2054; baseline -0.004 -15"><span class='ocrx_word' id='word_1_217' title='bbox 61 2013 164 2040; x_wconf 72' lang='lat' dir='ltr'>vero</span> <span class='ocrx_word' id='word_1_218' title='bbox 211 1998 481 2054; x_wconf 86' lang='lat' dir='ltr'>Hippocrate</span> <span class='ocrx_word' id='word_1_219' title='bbox 519 1997 693 2052; x_wconf 87' lang='lat' dir='ltr'>quidem</span> <span class='ocrx_word' id='word_1_220' title='bbox 748 1997 891 2038; x_wconf 88' lang='lat' dir='ltr'>iudice</span> <span class='ocrx_word' id='word_1_221' title='bbox 941 2011 995 2037; x_wconf 90' lang='lat' dir='ltr'>ne</span> <span class='ocrx_word' id='word_1_222' title='bbox 1042 2011 1198 2050; x_wconf 83' lang='lat' dir='ltr'>corpus</span> <span class='ocrx_word' id='word_1_223' title='bbox 1238 1994 1413 2049; x_wconf 86' lang='lat' dir='ltr'>quidem</span> 
     </span>
     <span class='ocr_line' id='line_1_34' title="bbox 62 2051 1413 2108; baseline -0.004 -12"><span class='ocrx_word' id='word_1_224' title='bbox 62 2056 152 2096; x_wconf 81' lang='lat' dir='ltr'>sine</span> <span class='ocrx_word' id='word_1_225' title='bbox 183 2055 297 2096; x_wconf 87' lang='lat' dir='ltr'>illins</span> <span class='ocrx_word' id='word_1_226' title='bbox 339 2054 586 2096; x_wconf 87' lang='lat' dir='ltr'>adiumento</span> <span class='ocrx_word' id='word_1_227' title='bbox 624 2055 728 2096; x_wconf 87' lang='lat' dir='ltr'>satis</span> <span class='ocrx_word' id='word_1_228' title='bbox 765 2054 973 2106; x_wconf 81' lang='lat' dir='ltr'>noscitur,</span> <span class='ocrx_word' id='word_1_229' title='bbox 1002 2059 1051 2094; x_wconf 84' lang='lat' dir='ltr'>ut</span> <span class='ocrx_word' id='word_1_230' title='bbox 1073 2053 1264 2108; x_wconf 82' lang='lat' dir='ltr'>profecto</span> <span class='ocrx_word' id='word_1_231' title='bbox 1296 2051 1413 2092; x_wconf 90' lang='lat' dir='ltr'>nullo</span> 
     </span>
     <span class='ocr_line' id='line_1_35' title="bbox 63 2107 1415 2168; baseline -0.004 -15"><span class='ocrx_word' id='word_1_232' title='bbox 63 2112 237 2168; x_wconf 82' lang='lat' dir='ltr'>negotio</span> <span class='ocrx_word' id='word_1_233' title='bbox 285 2111 567 2168; x_wconf 78' lang='lat' dir='ltr'>intelligatur,</span> <span class='ocrx_word' id='word_1_234' title='bbox 600 2111 780 2153; x_wconf 87' lang='lat' dir='ltr'>eandem</span> <span class='ocrx_word' id='word_1_235' title='bbox 812 2111 866 2152; x_wconf 85' lang='lat' dir='ltr'>ad</span> <span class='ocrx_word' id='word_1_236' title='bbox 894 2111 1024 2151; x_wconf 84' lang='lat' dir='ltr'>animi</span> <span class='ocrx_word' id='word_1_237' title='bbox 1053 2109 1249 2150; x_wconf 85' lang='lat' dir='ltr'>notitiam</span> <span class='ocrx_word' id='word_1_238' title='bbox 1279 2107 1415 2149; x_wconf 88' lang='lat' dir='ltr'>multo</span> 
     </span>
     <span class='ocr_line' id='line_1_36' title="bbox 62 2165 1411 2225; baseline -0.003 -16"><span class='ocrx_word' id='word_1_239' title='bbox 62 2169 189 2210; x_wconf 86' lang='lat' dir='ltr'>etiam</span> <span class='ocrx_word' id='word_1_240' title='bbox 234 2169 371 2225; x_wconf 79' lang='lat' dir='ltr'>magis</span> <span class='ocrx_word' id='word_1_241' title='bbox 409 2169 697 2210; x_wconf 81' lang='lat' dir='ltr'>necessariam</span> <span class='ocrx_word' id='word_1_242' title='bbox 739 2183 846 2211; x_wconf 89' lang='lat' dir='ltr'>esse.</span> <span class='ocrx_word' id='word_1_243' title='bbox 916 2168 984 2208; x_wconf 83' lang='lat' dir='ltr'>Ex</span> <span class='ocrx_word' id='word_1_244' title='bbox 1023 2167 1180 2221; x_wconf 87' lang='lat' dir='ltr'>quibus</span> <span class='ocrx_word' id='word_1_245' title='bbox 1212 2165 1411 2206; x_wconf 87' lang='lat' dir='ltr'>omnibus</span> 
     </span>
     <span class='ocr_line' id='line_1_37' title="bbox 63 2221 1415 2281; baseline -0.004 -14"><span class='ocrx_word' id='word_1_246' title='bbox 63 2233 257 2281; x_wconf 87' lang='lat' dir='ltr'>apertum</span> <span class='ocrx_word' id='word_1_247' title='bbox 287 2240 382 2267; x_wconf 85' lang='lat' dir='ltr'>esse</span> <span class='ocrx_word' id='word_1_248' title='bbox 413 2225 556 2279; x_wconf 88' lang='lat' dir='ltr'>debet,</span> <span class='ocrx_word' id='word_1_249' title='bbox 590 2225 644 2266; x_wconf 89' lang='lat' dir='ltr'>ad</span> <span class='ocrx_word' id='word_1_250' title='bbox 663 2224 1011 2280; x_wconf 83' lang='lat' dir='ltr'>consequendam</span> <span class='ocrx_word' id='word_1_251' title='bbox 1043 2222 1215 2264; x_wconf 83' lang='lat' dir='ltr'>dicendi</span> <span class='ocrx_word' id='word_1_252' title='bbox 1244 2221 1415 2263; x_wconf 87' lang='lat' dir='ltr'>laudem</span> 
     </span>
     <span class='ocr_line' id='line_1_38' title="bbox 64 2278 1417 2338; baseline -0.003 -15"><span class='ocrx_word' id='word_1_253' title='bbox 64 2290 192 2337; x_wconf 86' lang='lat' dir='ltr'>atque</span> <span class='ocrx_word' id='word_1_254' title='bbox 221 2283 424 2324; x_wconf 73' lang='lat' dir='ltr'>virtutem</span> <span class='ocrx_word' id='word_1_255' title='bbox 448 2283 576 2323; x_wconf 89' lang='lat' dir='ltr'>etiam</span> <span class='ocrx_word' id='word_1_256' title='bbox 606 2289 834 2338; x_wconf 88' lang='lat' dir='ltr'>propterea</span> <span class='ocrx_word' id='word_1_257' title='bbox 863 2296 972 2337; x_wconf 85' lang='lat' dir='ltr'>opus</span> <span class='ocrx_word' id='word_1_258' title='bbox 1003 2295 1097 2322; x_wconf 84' lang='lat' dir='ltr'>esse</span> <span class='ocrx_word' id='word_1_259' title='bbox 1127 2278 1417 2335; x_wconf 77' lang='lat' dir='ltr'>philosophia,</span> 
     </span>
     <span class='ocr_line' id='line_1_39' title="bbox 66 2336 1417 2393; baseline -0.002 -14"><span class='ocrx_word' id='word_1_260' title='bbox 66 2339 183 2392; x_wconf 87' lang='lat' dir='ltr'>quod</span> <span class='ocrx_word' id='word_1_261' title='bbox 202 2340 268 2381; x_wconf 77' lang='lat' dir='ltr'>vis</span> <span class='ocrx_word' id='word_1_262' title='bbox 289 2346 331 2380; x_wconf 86' lang='lat' dir='ltr'>et</span> <span class='ocrx_word' id='word_1_263' title='bbox 350 2338 544 2380; x_wconf 78' lang='lat' dir='ltr'>efficacia</span> <span class='ocrx_word' id='word_1_264' title='bbox 574 2339 846 2393; x_wconf 85' lang='lat' dir='ltr'>eloquentiae</span> <span class='ocrx_word' id='word_1_265' title='bbox 865 2337 965 2378; x_wconf 86' lang='lat' dir='ltr'>inde</span> <span class='ocrx_word' id='word_1_266' title='bbox 996 2336 1172 2393; x_wconf 86' lang='lat' dir='ltr'>pendet,</span> <span class='ocrx_word' id='word_1_267' title='bbox 1203 2342 1253 2377; x_wconf 84' lang='lat' dir='ltr'>ut</span> <span class='ocrx_word' id='word_1_268' title='bbox 1272 2343 1417 2378; x_wconf 88' lang='lat' dir='ltr'>orator</span> 
     </span>
     <span class='ocr_line' id='line_1_40' title="bbox 66 2393 1416 2451; baseline -0.001 -17"><span class='ocrx_word' id='word_1_269' title='bbox 66 2395 228 2438; x_wconf 85' lang='lat' dir='ltr'>animos</span> <span class='ocrx_word' id='word_1_270' title='bbox 257 2403 430 2438; x_wconf 83' lang='lat' dir='ltr'>moveat</span> <span class='ocrx_word' id='word_1_271' title='bbox 459 2402 589 2451; x_wconf 86' lang='lat' dir='ltr'>atque</span> <span class='ocrx_word' id='word_1_272' title='bbox 629 2396 798 2447; x_wconf 83' lang='lat' dir='ltr'>flectat3</span> <span class='ocrx_word' id='word_1_273' title='bbox 844 2394 889 2435; x_wconf 88' lang='lat' dir='ltr'>id</span> <span class='ocrx_word' id='word_1_274' title='bbox 934 2393 1051 2449; x_wconf 86' lang='lat' dir='ltr'>quod</span> <span class='ocrx_word' id='word_1_275' title='bbox 1077 2401 1191 2435; x_wconf 87' lang='lat' dir='ltr'>certe</span> <span class='ocrx_word' id='word_1_276' title='bbox 1228 2394 1320 2435; x_wconf 90' lang='lat' dir='ltr'>sine</span> <span class='ocrx_word' id='word_1_277' title='bbox 1351 2393 1416 2433; x_wconf 90' lang='lat' dir='ltr'>in—</span> 
     </span>
     <span class='ocr_line' id='line_1_41' title="bbox 66 2451 1416 2508; baseline -0.001 -16"><span class='ocrx_word' id='word_1_278' title='bbox 66 2452 222 2494; x_wconf 83' lang='lat' dir='ltr'>teriore</span> <span class='ocrx_word' id='word_1_279' title='bbox 246 2454 399 2495; x_wconf 88' lang='lat' dir='ltr'>mentis</span> <span class='ocrx_word' id='word_1_280' title='bbox 419 2453 632 2508; x_wconf 85' lang='lat' dir='ltr'>animique</span> <span class='ocrx_word' id='word_1_281' title='bbox 664 2454 818 2494; x_wconf 89' lang='lat' dir='ltr'>notitia</span> <span class='ocrx_word' id='word_1_282' title='bbox 848 2452 941 2492; x_wconf 88' lang='lat' dir='ltr'>fieri</span> <span class='ocrx_word' id='word_1_283' title='bbox 962 2467 1048 2492; x_wconf 89' lang='lat' dir='ltr'>non</span> <span class='ocrx_word' id='word_1_284' title='bbox 1067 2456 1226 2506; x_wconf 87' lang='lat' dir='ltr'>potest.</span> <span class='ocrx_word' id='word_1_285' title='bbox 1250 2476 1302 2481; x_wconf 85' lang='lat'>——-</span> <span class='ocrx_word' id='word_1_286' title='bbox 1334 2451 1416 2491; x_wconf 89' lang='lat' dir='ltr'>His</span> 
     </span>
     <span class='ocr_line' id='line_1_42' title="bbox 65 2507 1408 2565; baseline -0.002 -16"><span class='ocrx_word' id='word_1_287' title='bbox 65 2524 168 2549; x_wconf 68' lang='lat' dir='ltr'>vero</span> <span class='ocrx_word' id='word_1_288' title='bbox 211 2509 263 2550; x_wconf 88' lang='lat' dir='ltr'>de</span> <span class='ocrx_word' id='word_1_289' title='bbox 307 2509 608 2565; x_wconf 88' lang='lat' dir='ltr'>philosophiae</span> <span class='ocrx_word' id='word_1_290' title='bbox 649 2510 832 2551; x_wconf 85' lang='lat' dir='ltr'>seientia</span> <span class='ocrx_word' id='word_1_291' title='bbox 871 2508 927 2549; x_wconf 87' lang='lat' dir='ltr'>ad</span> <span class='ocrx_word' id='word_1_292' title='bbox 966 2507 1240 2562; x_wconf 83' lang='lat' dir='ltr'>eloquentiae</span> <span class='ocrx_word' id='word_1_293' title='bbox 1282 2522 1408 2549; x_wconf 87' lang='lat' dir='ltr'>usum</span> 
     </span>
     <span class='ocr_line' id='line_1_43' title="bbox 66 2564 1418 2622; baseline -0.002 -16"><span class='ocrx_word' id='word_1_294' title='bbox 66 2566 310 2607; x_wconf 85' lang='lat' dir='ltr'>necessaria</span> <span class='ocrx_word' id='word_1_295' title='bbox 339 2566 568 2622; x_wconf 85' lang='lat' dir='ltr'>disputatis</span> <span class='ocrx_word' id='word_1_296' title='bbox 599 2567 843 2609; x_wconf 87' lang='lat' dir='ltr'>ostenditur</span> <span class='ocrx_word' id='word_1_297' title='bbox 873 2564 1026 2606; x_wconf 87' lang='lat' dir='ltr'>deinde</span> <span class='ocrx_word' id='word_1_298' title='bbox 1057 2564 1199 2617; x_wconf 86' lang='lat' dir='ltr'>etiam,</span> <span class='ocrx_word' id='word_1_299' title='bbox 1233 2580 1317 2618; x_wconf 84' lang='lat' dir='ltr'>qua</span> <span class='ocrx_word' id='word_1_300' title='bbox 1347 2564 1418 2605; x_wconf 77' lang='lat' dir='ltr'>via</span> 
     </span>
     <span class='ocr_line' id='line_1_44' title="bbox 68 2620 1416 2678; baseline -0.001 -16"><span class='ocrx_word' id='word_1_301' title='bbox 68 2630 109 2663; x_wconf 76' lang='lat' dir='ltr'>ct</span> <span class='ocrx_word' id='word_1_302' title='bbox 139 2623 304 2664; x_wconf 86' lang='lat' dir='ltr'>ratione</span> <span class='ocrx_word' id='word_1_303' title='bbox 337 2623 375 2663; x_wconf 88' lang='lat' dir='ltr'>ei</span> <span class='ocrx_word' id='word_1_304' title='bbox 405 2623 662 2665; x_wconf 78' lang='lat' dir='ltr'>versandum</span> <span class='ocrx_word' id='word_1_305' title='bbox 681 2624 753 2675; x_wconf 75' lang='lat' dir='ltr'>sit,</span> <span class='ocrx_word' id='word_1_306' title='bbox 786 2623 859 2678; x_wconf 89' lang='lat' dir='ltr'>qui</span> <span class='ocrx_word' id='word_1_307' title='bbox 891 2623 985 2663; x_wconf 85' lang='lat' dir='ltr'>aliis</span> <span class='ocrx_word' id='word_1_308' title='bbox 1007 2620 1267 2677; x_wconf 81' lang='lat' dir='ltr'>persuadere</span> <span class='ocrx_word' id='word_1_309' title='bbox 1299 2621 1416 2666; x_wconf 69' lang='lat' dir='ltr'>velit,</span> 
     </span>
     <span class='ocr_line' id='line_1_45' title="bbox 69 2679 1417 2736; baseline 0.001 -19"><span class='ocrx_word' id='word_1_310' title='bbox 69 2679 419 2734; x_wconf 77' lang='lat' dir='ltr'>quandoquidem</span> <span class='ocrx_word' id='word_1_311' title='bbox 457 2680 535 2736; x_wconf 69' lang='lat' dir='ltr'>ipsi</span> <span class='ocrx_word' id='word_1_312' title='bbox 569 2696 654 2722; x_wconf 88' lang='lat' dir='ltr'>non</span> <span class='ocrx_word' id='word_1_313' title='bbox 687 2680 814 2721; x_wconf 86' lang='lat' dir='ltr'>modo</span> <span class='ocrx_word' id='word_1_314' title='bbox 852 2686 1030 2721; x_wconf 84' lang='lat' dir='ltr'>naturae</span> <span class='ocrx_word' id='word_1_315' title='bbox 1064 2679 1268 2726; x_wconf 76' lang='lat' dir='ltr'>scientia,</span> <span class='ocrx_word' id='word_1_316' title='bbox 1314 2693 1417 2732; x_wconf 85' lang='lat' dir='ltr'>qua-</span> 
     </span>
    </p>
   </div>
   <div class='ocr_carea' id='block_1_3' title="bbox 1109 2745 1143 2786">
    <p class='ocr_par' dir='ltr' id='par_1_3' title="bbox 1109 2745 1143 2786">
     <span class='ocr_line' id='line_1_46' title="bbox 1109 2745 1143 2786; baseline 0 0"><span class='ocrx_word' id='word_1_317' title='bbox 1109 2745 1143 2786; x_wconf 73' lang='grc' dir='ltr'>Β</span> 
     </span>
    </p>
   </div>
  </div>
 </body>
</html>
