<?xml version="1.0" encoding="UTF-8"?>
<!DOCTYPE html PUBLIC "-//W3C//DTD XHTML 1.0 Transitional//EN"
    "http://www.w3.org/TR/xhtml1/DTD/xhtml1-transitional.dtd">
<html xmlns="http://www.w3.org/1999/xhtml" xml:lang="en" lang="en">
 <head>
  <title>
</title>
<meta http-equiv="Content-Type" content="text/html;charset=utf-8" />
  <meta name='ocr-system' content='tesseract 3.04.00' />
  <meta name='ocr-capabilities' content='ocr_page ocr_carea ocr_par ocr_line ocrx_word'/>
</head>
<body>
  <div class='ocr_page' id='page_1' title='image "./n1operaomniarecens04platuoft/n1operaomniarecens04platuoft_0520.png"; bbox 0 0 1687 2969; ppageno 0'>
   <div class='ocr_carea' id='block_1_1' title="bbox 256 128 1062 167">
    <p class='ocr_par' dir='ltr' id='par_1_1' title="bbox 256 128 1062 167">
     <span class='ocr_line' id='line_1_1' title="bbox 256 128 1062 167; baseline -0.001 -1"><span class='ocrx_word' id='word_1_1' title='bbox 256 132 332 167; x_wconf 88' lang='lat'>128</span> <span class='ocrx_word' id='word_1_2' title='bbox 803 128 1062 167; x_wconf 82' lang='lat' dir='ltr'>PLATONIS</span> 
     </span>
    </p>
   </div>
   <div class='ocr_carea' id='block_1_2' title="bbox 252 234 1602 551">
    <p class='ocr_par' dir='ltr' id='par_1_2' title="bbox 252 234 1602 551">
     <span class='ocr_line' id='line_1_2' title="bbox 252 234 1600 290; baseline -0.001 -12"><span class='ocrx_word' id='word_1_3' title='bbox 252 238 347 290; x_wconf 80' lang='grc' dir='ltr'><em>γίας</em></span> <span class='ocrx_word' id='word_1_4' title='bbox 376 236 422 278; x_wconf 78' lang='grc' dir='ltr'>ἐν</span> <span class='ocrx_word' id='word_1_5' title='bbox 451 240 539 284; x_wconf 85' lang='grc' dir='ltr'><em>τοῖς</em></span> <span class='ocrx_word' id='word_1_6' title='bbox 566 236 709 288; x_wconf 72' lang='grc' dir='ltr'><em>λόγοις</em></span> <span class='ocrx_word' id='word_1_7' title='bbox 740 237 1032 290; x_wconf 77' lang='grc' dir='ltr'><em>σφαλλόμεθα,</em></span> <span class='ocrx_word' id='word_1_8' title='bbox 1071 234 1124 275; x_wconf 76' lang='grc' dir='ltr'>σὺ</span> <span class='ocrx_word' id='word_1_9' title='bbox 1150 235 1301 287; x_wconf 83' lang='grc' dir='ltr'><em>παρὼν</em></span> <span class='ocrx_word' id='word_1_10' title='bbox 1330 235 1600 289; x_wconf 77' lang='grc' dir='ltr'><em>ἐπανόρθου·</em></span> 
     </span>
     <span class='ocr_line' id='line_1_3' title="bbox 253 297 1602 355; baseline 0 -13"><span class='ocrx_word' id='word_1_11' title='bbox 253 304 414 350; x_wconf 75' lang='grc' dir='ltr'><em>δίκαιος</em></span> <span class='ocrx_word' id='word_1_12' title='bbox 443 297 482 342; x_wconf 80' lang='grc' dir='ltr'>δ’</span> <span class='ocrx_word' id='word_1_13' title='bbox 515 297 560 341; x_wconf 79' lang='grc' dir='ltr'>εἶ.</span> <span class='ocrx_word' id='word_1_14' title='bbox 602 300 671 342; x_wconf 79' lang='grc' dir='ltr'>καὶ</span> <span class='ocrx_word' id='word_1_15' title='bbox 713 300 793 354; x_wconf 78' lang='grc' dir='ltr'>ἐγὼ</span> <span class='ocrx_word' id='word_1_16' title='bbox 823 299 979 350; x_wconf 77' lang='grc' dir='ltr'><em>ἐθέλω,</em></span> <span class='ocrx_word' id='word_1_17' title='bbox 1019 302 1104 341; x_wconf 80' lang='grc' dir='ltr'>τῶν</span> <span class='ocrx_word' id='word_1_18' title='bbox 1134 299 1473 355; x_wconf 77' lang='grc' dir='ltr'><em>ὡμολογημένων</em></span> <span class='ocrx_word' id='word_1_19' title='bbox 1503 301 1541 341; x_wconf 79' lang='grc' dir='ltr'>εἴ</span> <span class='ocrx_word' id='word_1_20' title='bbox 1563 301 1602 342; x_wconf 86' lang='grc' dir='ltr'>τί</span> 
     </span>
     <span class='ocr_line' id='line_1_4' title="bbox 253 362 1602 423; baseline -0.001 -15"><span class='ocrx_word' id='word_1_21' title='bbox 253 378 320 408; x_wconf 87' lang='grc' dir='ltr'>σοι</span> <span class='ocrx_word' id='word_1_22' title='bbox 341 368 459 408; x_wconf 81' lang='grc' dir='ltr'><em>δοκεῖ</em></span> <span class='ocrx_word' id='word_1_23' title='bbox 477 367 533 420; x_wconf 79' lang='grc' dir='ltr'><em>μὴ</em></span> <span class='ocrx_word' id='word_1_24' title='bbox 563 369 699 415; x_wconf 76' lang='grc' dir='ltr'><em>καλῶς</em></span> <span class='ocrx_word' id='word_1_25' title='bbox 730 367 1046 420; x_wconf 74' lang='grc' dir='ltr'><em>ὡμολογῆσθαι,</em></span> <span class='ocrx_word' id='word_1_26' title='bbox 1076 365 1318 423; x_wconf 50' lang='grc' dir='ltr'><em>αῗναθέρῇθαι</em></span> <span class='ocrx_word' id='word_1_27' title='bbox 1347 362 1370 407; x_wconf 81' lang='grc' dir='ltr'><em>ὅ</em></span> <span class='ocrx_word' id='word_1_28' title='bbox 1399 382 1438 407; x_wconf 87' lang='grc' dir='ltr'>τι</span> <span class='ocrx_word' id='word_1_29' title='bbox 1466 366 1519 407; x_wconf 80' lang='grc' dir='ltr'>ἂν</span> <span class='ocrx_word' id='word_1_30' title='bbox 1549 366 1602 407; x_wconf 78' lang='grc' dir='ltr'>σὺ</span> 
     </span>
     <span class='ocr_line' id='line_1_5' title="bbox 254 431 1602 485; baseline 0 -13"><span class='ocrx_word' id='word_1_31' title='bbox 254 433 412 485; x_wconf 69' lang='grc' dir='ltr'><em>βούλῃ,</em></span> <span class='ocrx_word' id='word_1_32' title='bbox 455 431 528 472; x_wconf 71' lang='grc' dir='ltr'>ἐάν</span> <span class='ocrx_word' id='word_1_33' title='bbox 570 447 642 485; x_wconf 91' lang='grc' dir='ltr'><em>μοι</em></span> <span class='ocrx_word' id='word_1_34' title='bbox 668 431 716 473; x_wconf 75' lang='grc' dir='ltr'>ἐν</span> <span class='ocrx_word' id='word_1_35' title='bbox 744 433 880 485; x_wconf 86' lang='grc' dir='ltr'><em>μόνον</em></span> <span class='ocrx_word' id='word_1_36' title='bbox 910 431 1136 484; x_wconf 78' lang='grc' dir='ltr'><em>φυλάττῃς.</em></span> <span class='ocrx_word' id='word_1_37' title='bbox 1195 432 1341 471; x_wconf 74' lang='grc' dir='ltr'>ΠΩΛ.</span> <span class='ocrx_word' id='word_1_38' title='bbox 1398 431 1448 471; x_wconf 89' lang='grc' dir='ltr'>Τί</span> <span class='ocrx_word' id='word_1_39' title='bbox 1475 438 1602 472; x_wconf 83' lang='grc' dir='ltr'><em>τοῦτο</em></span> 
     </span>
     <span class='ocr_line' id='line_1_6' title="bbox 253 494 1602 551; baseline -0.001 -14"><span class='ocrx_word' id='word_1_40' title='bbox 253 497 405 550; x_wconf 64' lang='grc' dir='ltr'><em>λέγεις,</em></span> <span class='ocrx_word' id='word_1_41' title='bbox 459 498 559 542; x_wconf 72' lang='grc' dir='ltr'>ΣΩ,</span> <span class='ocrx_word' id='word_1_42' title='bbox 609 497 698 551; x_wconf 74' lang='grc' dir='ltr'>Τὴν</span> <span class='ocrx_word' id='word_1_43' title='bbox 725 497 1027 550; x_wconf 73' lang='grc' dir='ltr'><em>μακρολογιαν,</em></span> <span class='ocrx_word' id='word_1_44' title='bbox 1059 495 1091 536; x_wconf 81' lang='grc' dir='ltr'><strong>ώ</strong></span> <span class='ocrx_word' id='word_1_45' title='bbox 1123 498 1260 545; x_wconf 79' lang='grc' dir='ltr'><em>Πώλε,</em></span> <span class='ocrx_word' id='word_1_46' title='bbox 1299 495 1353 549; x_wconf 80' lang='grc' dir='ltr'>ἢν</span> <span class='ocrx_word' id='word_1_47' title='bbox 1382 494 1602 550; x_wconf 76' lang='grc' dir='ltr'><em>καθέοξης,</em></span> 
     </span>
    </p>
   </div>
   <div class='ocr_carea' id='block_1_3' title="bbox 258 561 1076 616">
    <p class='ocr_par' dir='ltr' id='par_1_3' title="bbox 258 561 1076 616">
     <span class='ocr_line' id='line_1_7' title="bbox 258 561 1076 616; baseline -0.001 -14"><span class='ocrx_word' id='word_1_48' title='bbox 258 564 279 615; x_wconf 73' lang='grc' dir='ltr'>ἡ</span> <span class='ocrx_word' id='word_1_49' title='bbox 309 563 356 603; x_wconf 91' lang='grc' dir='ltr'>τὸ</span> <span class='ocrx_word' id='word_1_50' title='bbox 386 565 557 614; x_wconf 74' lang='grc' dir='ltr'><em>πρῶτον</em></span> <span class='ocrx_word' id='word_1_51' title='bbox 587 561 854 616; x_wconf 76' lang='grc' dir='ltr'><strong><em>ἐπεχείρησας</em></strong></span> <span class='ocrx_word' id='word_1_52' title='bbox 881 565 1076 615; x_wconf 70' lang='grc' dir='ltr'><em>χρῆσθαι.</em></span> 
     </span>
    </p>
   </div>
   <div class='ocr_carea' id='block_1_4' title="bbox 1135 559 1604 611">
    <p class='ocr_par' dir='ltr' id='par_1_4' title="bbox 1135 559 1604 611">
     <span class='ocr_line' id='line_1_8' title="bbox 1135 559 1604 611; baseline 0.002 -10"><span class='ocrx_word' id='word_1_53' title='bbox 1135 562 1280 601; x_wconf 76' lang='grc' dir='ltr'>ΠΩΛ.</span> <span class='ocrx_word' id='word_1_54' title='bbox 1328 562 1494 611; x_wconf 84' lang='grc' dir='ltr'><em>Τίδαί,·</em></span> <span class='ocrx_word' id='word_1_55' title='bbox 1525 559 1604 602; x_wconf 83' lang='grc' dir='ltr'>οὐκ</span> 
     </span>
    </p>
   </div>
   <div class='ocr_carea' id='block_1_5' title="bbox 254 625 1604 746">
    <p class='ocr_par' dir='ltr' id='par_1_5' title="bbox 254 625 1604 746">
     <span class='ocr_line' id='line_1_9' title="bbox 256 625 1604 681; baseline 0 -14"><span class='ocrx_word' id='word_1_56' title='bbox 256 625 413 677; x_wconf 76' lang='grc' dir='ltr'><em>ἐξέσται</em></span> <span class='ocrx_word' id='word_1_57' title='bbox 435 643 506 680; x_wconf 90' lang='grc' dir='ltr'><em>μοι</em></span> <span class='ocrx_word' id='word_1_58' title='bbox 527 627 661 681; x_wconf 80' lang='grc' dir='ltr'><em>λέγειν</em></span> <span class='ocrx_word' id='word_1_59' title='bbox 681 628 818 669; x_wconf 85' lang='grc' dir='ltr'><em>ὁπόσα</em></span> <span class='ocrx_word' id='word_1_60' title='bbox 842 627 895 667; x_wconf 76' lang='grc' dir='ltr'>ἂν</span> <span class='ocrx_word' id='word_1_61' title='bbox 917 627 1157 679; x_wconf 83' lang='grc' dir='ltr'><em>βούλωμαι,</em></span> <span class='ocrx_word' id='word_1_62' title='bbox 1197 628 1296 667; x_wconf 72' lang='grc' dir='ltr'>Σῼ.</span> <span class='ocrx_word' id='word_1_63' title='bbox 1331 625 1466 667; x_wconf 68' lang='lat' dir='ltr'>Am&amp;</span> <span class='ocrx_word' id='word_1_64' title='bbox 1494 625 1604 680; x_wconf 82' lang='grc' dir='ltr'><em>μέντ’</em></span> 
     </span>
     <span class='ocr_line' id='line_1_10' title="bbox 254 687 1604 746; baseline 0 -14"><span class='ocrx_word' id='word_1_65' title='bbox 254 692 307 733; x_wconf 69' lang='grc' dir='ltr'>(ἐν</span> <span class='ocrx_word' id='word_1_66' title='bbox 337 694 504 742; x_wconf 74' lang='grc' dir='ltr'><em>πάθοις,</em></span> <span class='ocrx_word' id='word_1_67' title='bbox 547 695 580 734; x_wconf 83' lang='grc' dir='ltr'><em>ὠ</em></span> <span class='ocrx_word' id='word_1_68' title='bbox 610 690 807 746; x_wconf 75' lang='grc' dir='ltr'><em>βέλτιστε,</em></span> <span class='ocrx_word' id='word_1_69' title='bbox 849 692 882 732; x_wconf 82' lang='grc' dir='ltr'>εἰ</span> <span class='ocrx_word' id='word_1_70' title='bbox 905 687 1110 745; x_wconf 77' lang='grc' dir='ltr'><em>Ἀθήναζε</em></span> <span class='ocrx_word' id='word_1_71' title='bbox 1140 691 1411 744; x_wconf 76' lang='grc' dir='ltr'><em>ἀφικόμενος,</em></span> <span class='ocrx_word' id='word_1_72' title='bbox 1451 693 1502 732; x_wconf 85' lang='grc' dir='ltr'>οὑ</span> <span class='ocrx_word' id='word_1_73' title='bbox 1531 698 1604 745; x_wconf 81' lang='grc' dir='ltr'>τῆς</span> 
     </span>
    </p>
   </div>
   <div class='ocr_carea' id='block_1_6' title="bbox 246 753 1337 810">
    <p class='ocr_par' dir='ltr' id='par_1_6' title="bbox 246 753 1337 810">
     <span class='ocr_line' id='line_1_11' title="bbox 246 753 1337 810; baseline -0.001 -12"><span class='ocrx_word' id='word_1_74' title='bbox 246 753 458 805; x_wconf 45' lang='grc' dir='ltr'><em>(Ελλάδος</em></span> <span class='ocrx_word' id='word_1_75' title='bbox 496 758 665 810; x_wconf 52' lang='lat' dir='ltr'>aristam]</span> <span class='ocrx_word' id='word_1_76' title='bbox 707 756 818 798; x_wconf 78' lang='grc' dir='ltr'><em>ἐστιν</em></span> <span class='ocrx_word' id='word_1_77' title='bbox 857 756 1026 807; x_wconf 76' lang='grc' dir='ltr'>ἐξουσία</span> <span class='ocrx_word' id='word_1_78' title='bbox 1064 763 1141 797; x_wconf 86' lang='grc' dir='ltr'>τοῦ</span> <span class='ocrx_word' id='word_1_79' title='bbox 1181 754 1337 809; x_wconf 74' lang='grc' dir='ltr'><em>λέγειν,</em></span> 
     </span>
    </p>
   </div>
   <div class='ocr_carea' id='block_1_7' title="bbox 1382 757 1603 798">
    <p class='ocr_par' dir='ltr' id='par_1_7' title="bbox 1382 757 1603 798">
     <span class='ocr_line' id='line_1_12' title="bbox 1382 757 1603 798; baseline 0 -1"><span class='ocrx_word' id='word_1_80' title='bbox 1382 771 1522 798; x_wconf 68' lang='grc' dir='ltr'>ἒπειτα</span> <span class='ocrx_word' id='word_1_81' title='bbox 1550 757 1603 797; x_wconf 76' lang='grc' dir='ltr'>σὺ</span> 
     </span>
    </p>
   </div>
   <div class='ocr_carea' id='block_1_8' title="bbox 254 822 1601 876">
    <p class='ocr_par' dir='ltr' id='par_1_8' title="bbox 254 822 1601 876">
     <span class='ocr_line' id='line_1_13' title="bbox 254 822 1601 876; baseline 0 -13"><span class='ocrx_word' id='word_1_82' title='bbox 254 822 444 864; x_wconf 74' lang='grc' dir='ltr'><em>ἐνταῦθα</em></span> <span class='ocrx_word' id='word_1_83' title='bbox 492 823 649 863; x_wconf 87' lang='grc' dir='ltr'><em>τούτου</em></span> <span class='ocrx_word' id='word_1_84' title='bbox 701 823 833 875; x_wconf 82' lang='grc' dir='ltr'><em>μόνος</em></span> <span class='ocrx_word' id='word_1_85' title='bbox 884 823 1123 876; x_wconf 77' lang='grc' dir='ltr'><em>άτυχήσαις.</em></span> <span class='ocrx_word' id='word_1_86' title='bbox 1167 822 1272 863; x_wconf 73' lang='grc' dir='ltr'>ἀλλὰ</span> <span class='ocrx_word' id='word_1_87' title='bbox 1312 823 1482 871; x_wconf 75' lang='grc' dir='ltr'><em>ἀντίθες</em></span> <span class='ocrx_word' id='word_1_88' title='bbox 1518 836 1601 863; x_wconf 88' lang='grc' dir='ltr'><em>τοι·</em></span> 
     </span>
    </p>
   </div>
   <div class='ocr_carea' id='block_1_9' title="bbox 252 942 1605 1078">
    <p class='ocr_par' dir='ltr' id='par_1_9' title="bbox 252 942 1605 1078">
     <span class='ocr_line' id='line_1_14' title="bbox 321 942 1605 987; baseline 0 -11"><span class='ocrx_word' id='word_1_89' title='bbox 321 946 388 976; x_wconf 82' lang='grc' dir='ltr'>καὶ</span> <span class='ocrx_word' id='word_1_90' title='bbox 422 942 501 986; x_wconf 74' lang='grc' dir='ltr'>ἐγώ</span> <span class='ocrx_word' id='word_1_91' title='bbox 536 943 688 987; x_wconf 59' lang='grc' dir='ltr'>ἐθέλω]</span> <span class='ocrx_word' id='word_1_92' title='bbox 724 945 762 975; x_wconf 75' lang='lat' dir='ltr'>V.</span> <span class='ocrx_word' id='word_1_93' title='bbox 788 948 865 987; x_wconf 86' lang='lat' dir='ltr'>post</span> <span class='ocrx_word' id='word_1_94' title='bbox 890 942 955 987; x_wconf 79' lang='grc' dir='ltr'>ἐγώ</span> <span class='ocrx_word' id='word_1_95' title='bbox 981 945 1142 976; x_wconf 85' lang='lat' dir='ltr'>inseritur</span> <span class='ocrx_word' id='word_1_96' title='bbox 1169 955 1239 982; x_wconf 79' lang='grc' dir='ltr'><em>σοι,</em></span> <span class='ocrx_word' id='word_1_97' title='bbox 1272 944 1363 986; x_wconf 88' lang='lat' dir='ltr'>quod</span> <span class='ocrx_word' id='word_1_98' title='bbox 1387 944 1452 977; x_wconf 87' lang='lat' dir='ltr'>soli</span> <span class='ocrx_word' id='word_1_99' title='bbox 1475 944 1605 977; x_wconf 88' lang='lat' dir='ltr'>habent</span> 
     </span>
     <span class='ocr_line' id='line_1_15' title="bbox 252 990 1155 1022; baseline -0.002 0"><span class='ocrx_word' id='word_1_100' title='bbox 252 992 327 1022; x_wconf 88' lang='lat' dir='ltr'>Par.</span> <span class='ocrx_word' id='word_1_101' title='bbox 354 991 378 1022; x_wconf 90' lang='grc' dir='ltr'>Ι.</span> <span class='ocrx_word' id='word_1_102' title='bbox 404 990 504 1022; x_wconf 90' lang='lat' dir='ltr'>Vind.</span> <span class='ocrx_word' id='word_1_103' title='bbox 532 990 561 1022; x_wconf 93' lang='grc'>1.</span> <span class='ocrx_word' id='word_1_104' title='bbox 585 990 615 1022; x_wconf 89' lang='lat'>2.</span> <span class='ocrx_word' id='word_1_105' title='bbox 641 990 730 1022; x_wconf 85' lang='lat' dir='ltr'>Flor.</span> <span class='ocrx_word' id='word_1_106' title='bbox 757 1000 799 1021; x_wconf 86' lang='lat' dir='ltr'>m.</span> <span class='ocrx_word' id='word_1_107' title='bbox 825 1002 857 1021; x_wconf 84' lang='lat' dir='ltr'>x.</span> <span class='ocrx_word' id='word_1_108' title='bbox 884 990 981 1021; x_wconf 85' lang='lat' dir='ltr'>Bodl.</span> <span class='ocrx_word' id='word_1_109' title='bbox 1006 990 1155 1022; x_wconf 84' lang='lat' dir='ltr'>Routhii.</span> 
     </span>
     <span class='ocr_line' id='line_1_16' title="bbox 319 1033 1602 1078; baseline 0 -11"><span class='ocrx_word' id='word_1_110' title='bbox 319 1036 365 1067; x_wconf 71' lang='grc' dir='ltr'>ἕν</span> <span class='ocrx_word' id='word_1_111' title='bbox 396 1033 530 1074; x_wconf 79' lang='grc' dir='ltr'><em>μόνον</em></span> <span class='ocrx_word' id='word_1_112' title='bbox 563 1033 803 1078; x_wconf 71' lang='grc' dir='ltr'><em>φυλάττῃς]</em></span> <span class='ocrx_word' id='word_1_113' title='bbox 837 1033 946 1074; x_wconf 69' lang='grc' dir='ltr'><em>μόνον</em></span> <span class='ocrx_word' id='word_1_114' title='bbox 979 1035 1019 1066; x_wconf 74' lang='grc' dir='ltr'>ἓν</span> <span class='ocrx_word' id='word_1_115' title='bbox 1056 1047 1090 1075; x_wconf 63' lang='lat' dir='ltr'>(f.</span> <span class='ocrx_word' id='word_1_116' title='bbox 1124 1034 1224 1067; x_wconf 85' lang='lat' dir='ltr'>Vind.</span> <span class='ocrx_word' id='word_1_117' title='bbox 1251 1033 1279 1067; x_wconf 78' lang='grc'>7.</span> <span class='ocrx_word' id='word_1_118' title='bbox 1315 1035 1402 1067; x_wconf 84' lang='lat' dir='ltr'>Conf-</span> <span class='ocrx_word' id='word_1_119' title='bbox 1428 1035 1602 1068; x_wconf 80' lang='lat' dir='ltr'>Schaefer.</span> 
     </span>
    </p>
   </div>
   <div class='ocr_carea' id='block_1_10' title="bbox 250 1079 615 1122">
    <p class='ocr_par' dir='ltr' id='par_1_10' title="bbox 250 1079 615 1122">
     <span class='ocr_line' id='line_1_17' title="bbox 250 1079 615 1122; baseline -0.005 -9"><span class='ocrx_word' id='word_1_120' title='bbox 250 1081 367 1113; x_wconf 87' lang='lat' dir='ltr'>Melet.</span> <span class='ocrx_word' id='word_1_121' title='bbox 392 1082 479 1112; x_wconf 82' lang='lat' dir='ltr'>eritt.</span> <span class='ocrx_word' id='word_1_122' title='bbox 504 1091 536 1122; x_wconf 87' lang='lat' dir='ltr'>p.</span> <span class='ocrx_word' id='word_1_123' title='bbox 563 1079 615 1113; x_wconf 89' lang='lat'>10.</span> 
     </span>
    </p>
   </div>
   <div class='ocr_carea' id='block_1_11' title="bbox 297 1124 1601 1168">
    <p class='ocr_par' dir='ltr' id='par_1_11' title="bbox 297 1124 1601 1168">
     <span class='ocr_line' id='line_1_18' title="bbox 297 1124 1601 1168; baseline 0.001 -12"><span class='ocrx_word' id='word_1_124' title='bbox 297 1124 348 1168; x_wconf 71' lang='grc' dir='ltr'>ἢν</span> <span class='ocrx_word' id='word_1_125' title='bbox 373 1124 613 1168; x_wconf 56' lang='grc' dir='ltr'>καθὲρξμ]</span> <span class='ocrx_word' id='word_1_126' title='bbox 642 1127 799 1165; x_wconf 55' lang='grc' dir='ltr'>καθείρξ.</span> <span class='ocrx_word' id='word_1_127' title='bbox 824 1125 901 1156; x_wconf 75' lang='lat' dir='ltr'>Vat.</span> <span class='ocrx_word' id='word_1_128' title='bbox 925 1125 1010 1156; x_wconf 90' lang='lat' dir='ltr'>Ven.</span> <span class='ocrx_word' id='word_1_129' title='bbox 1029 1124 1065 1156; x_wconf 92' lang='grc' dir='ltr'>Ξ.</span> <span class='ocrx_word' id='word_1_130' title='bbox 1099 1125 1201 1157; x_wconf 86' lang='lat' dir='ltr'>Vind.</span> <span class='ocrx_word' id='word_1_131' title='bbox 1225 1124 1255 1158; x_wconf 83' lang='lat'>2.</span> <span class='ocrx_word' id='word_1_132' title='bbox 1281 1124 1312 1158; x_wconf 91' lang='grc'>6.</span> <span class='ocrx_word' id='word_1_133' title='bbox 1336 1130 1370 1157; x_wconf 87' lang='lat' dir='ltr'>et</span> <span class='ocrx_word' id='word_1_134' title='bbox 1394 1136 1477 1158; x_wconf 83' lang='lat' dir='ltr'>corr.</span> <span class='ocrx_word' id='word_1_135' title='bbox 1495 1125 1601 1158; x_wconf 90' lang='lat' dir='ltr'>Coisl.</span> 
     </span>
    </p>
   </div>
   <div class='ocr_carea' id='block_1_12' title="bbox 251 1170 919 1213">
    <p class='ocr_par' dir='ltr' id='par_1_12' title="bbox 251 1170 919 1213">
     <span class='ocr_line' id='line_1_19' title="bbox 251 1170 919 1213; baseline 0 -11"><span class='ocrx_word' id='word_1_136' title='bbox 251 1171 365 1212; x_wconf 87' lang='lat' dir='ltr'>Vulgo</span> <span class='ocrx_word' id='word_1_137' title='bbox 391 1170 434 1213; x_wconf 57' lang='grc' dir='ltr'>ἢ»</span> <span class='ocrx_word' id='word_1_138' title='bbox 459 1170 628 1212; x_wconf 56' lang='grc' dir='ltr'>καθίζῃς,</span> <span class='ocrx_word' id='word_1_139' title='bbox 661 1171 794 1213; x_wconf 78' lang='lat' dir='ltr'>ingenti</span> <span class='ocrx_word' id='word_1_140' title='bbox 826 1171 919 1202; x_wconf 87' lang='lat' dir='ltr'>vitio.</span> 
     </span>
    </p>
   </div>
   <div class='ocr_carea' id='block_1_13' title="bbox 972 1170 1602 1213">
    <p class='ocr_par' dir='ltr' id='par_1_13' title="bbox 972 1170 1602 1213">
     <span class='ocr_line' id='line_1_20' title="bbox 972 1170 1602 1213; baseline 0 -11"><span class='ocrx_word' id='word_1_141' title='bbox 972 1172 1155 1213; x_wconf 81' lang='lat' dir='ltr'>Receptam</span> <span class='ocrx_word' id='word_1_142' title='bbox 1188 1170 1370 1203; x_wconf 82' lang='lat' dir='ltr'>lectionem</span> <span class='ocrx_word' id='word_1_143' title='bbox 1402 1171 1602 1204; x_wconf 83' lang='lat' dir='ltr'>confirmant</span> 
     </span>
    </p>
   </div>
   <div class='ocr_carea' id='block_1_14' title="bbox 250 1215 1602 1395">
    <p class='ocr_par' dir='ltr' id='par_1_14' title="bbox 250 1215 1602 1395">
     <span class='ocr_line' id='line_1_21' title="bbox 252 1215 1601 1257; baseline 0 -9"><span class='ocrx_word' id='word_1_144' title='bbox 252 1217 367 1248; x_wconf 70' lang='lat' dir='ltr'>Clark.</span> <span class='ocrx_word' id='word_1_145' title='bbox 400 1217 484 1248; x_wconf 88' lang='lat' dir='ltr'>Ven.</span> <span class='ocrx_word' id='word_1_146' title='bbox 505 1216 542 1248; x_wconf 91' lang='grc' dir='ltr'>Ξ.</span> <span class='ocrx_word' id='word_1_147' title='bbox 576 1217 650 1247; x_wconf 84' lang='lat' dir='ltr'>Par.</span> <span class='ocrx_word' id='word_1_148' title='bbox 677 1216 892 1255; x_wconf 65' lang='lat' dir='ltr'>BCEFW„</span> <span class='ocrx_word' id='word_1_149' title='bbox 918 1216 976 1257; x_wconf 84' lang='lat' dir='ltr'>qui</span> <span class='ocrx_word' id='word_1_150' title='bbox 992 1215 1121 1247; x_wconf 83' lang='lat' dir='ltr'>habent</span> <span class='ocrx_word' id='word_1_151' title='bbox 1137 1216 1311 1257; x_wconf 68' lang='grc' dir='ltr'>καθέρξῃς</span> <span class='ocrx_word' id='word_1_152' title='bbox 1336 1221 1425 1248; x_wconf 84' lang='lat' dir='ltr'>recte</span> <span class='ocrx_word' id='word_1_153' title='bbox 1450 1218 1491 1248; x_wconf 91' lang='lat' dir='ltr'>ab</span> <span class='ocrx_word' id='word_1_154' title='bbox 1516 1217 1601 1249; x_wconf 89' lang='lat' dir='ltr'>Her-</span> 
     </span>
     <span class='ocr_line' id='line_1_22' title="bbox 250 1261 1602 1303; baseline 0 -10"><span class='ocrx_word' id='word_1_155' title='bbox 250 1272 376 1293; x_wconf 83' lang='lat' dir='ltr'>manno</span> <span class='ocrx_word' id='word_1_156' title='bbox 401 1272 509 1303; x_wconf 80' lang='lat' dir='ltr'>nuper</span> <span class='ocrx_word' id='word_1_157' title='bbox 533 1261 669 1293; x_wconf 85' lang='lat' dir='ltr'>Platoni</span> <span class='ocrx_word' id='word_1_158' title='bbox 693 1262 911 1303; x_wconf 88' lang='lat' dir='ltr'>impertitum.</span> <span class='ocrx_word' id='word_1_159' title='bbox 947 1262 1035 1302; x_wconf 89' lang='lat' dir='ltr'>Aug.</span> <span class='ocrx_word' id='word_1_160' title='bbox 1055 1261 1195 1293; x_wconf 88' lang='lat' dir='ltr'>Meerm.</span> <span class='ocrx_word' id='word_1_161' title='bbox 1221 1261 1318 1293; x_wconf 92' lang='lat' dir='ltr'>Bodl.</span> <span class='ocrx_word' id='word_1_162' title='bbox 1343 1261 1602 1303; x_wconf 67' lang='grc' dir='ltr'>είκαθείρξεις.</span> 
     </span>
     <span class='ocr_line' id='line_1_23' title="bbox 251 1305 1602 1349; baseline 0.001 -11"><span class='ocrx_word' id='word_1_163' title='bbox 251 1308 340 1338; x_wconf 87' lang='lat' dir='ltr'><strong>Dein</strong></span> <span class='ocrx_word' id='word_1_164' title='bbox 374 1307 415 1339; x_wconf 80' lang='grc' dir='ltr'>Τί</span> <span class='ocrx_word' id='word_1_165' title='bbox 438 1306 515 1344; x_wconf 75' lang='grc' dir='ltr'><em>δαι’;</em></span> <span class='ocrx_word' id='word_1_166' title='bbox 541 1317 600 1348; x_wconf 88' lang='lat' dir='ltr'>pro</span> <span class='ocrx_word' id='word_1_167' title='bbox 627 1306 719 1349; x_wconf 85' lang='lat' dir='ltr'>vulg.</span> <span class='ocrx_word' id='word_1_168' title='bbox 754 1307 794 1338; x_wconf 84' lang='grc' dir='ltr'>Τί</span> <span class='ocrx_word' id='word_1_169' title='bbox 817 1305 870 1343; x_wconf 49' lang='lat' dir='ltr'>baess·</span> <span class='ocrx_word' id='word_1_170' title='bbox 896 1307 1018 1348; x_wconf 82' lang='lat' dir='ltr'>scripsi</span> <span class='ocrx_word' id='word_1_171' title='bbox 1042 1317 1085 1338; x_wconf 85' lang='lat' dir='ltr'>ex</span> <span class='ocrx_word' id='word_1_172' title='bbox 1110 1317 1192 1339; x_wconf 84' lang='lat' dir='ltr'>corr.</span> <span class='ocrx_word' id='word_1_173' title='bbox 1218 1306 1333 1338; x_wconf 86' lang='lat' dir='ltr'>Clark.</span> <span class='ocrx_word' id='word_1_174' title='bbox 1373 1307 1411 1339; x_wconf 84' lang='lat' dir='ltr'>Id</span> <span class='ocrx_word' id='word_1_175' title='bbox 1436 1308 1527 1339; x_wconf 88' lang='lat' dir='ltr'>enim</span> <span class='ocrx_word' id='word_1_176' title='bbox 1551 1308 1602 1339; x_wconf 89' lang='lat' dir='ltr'>in-</span> 
     </span>
     <span class='ocr_line' id='line_1_24' title="bbox 251 1350 1342 1395; baseline 0 -12"><span class='ocrx_word' id='word_1_177' title='bbox 251 1352 442 1395; x_wconf 82' lang='lat' dir='ltr'>dignationi</span> <span class='ocrx_word' id='word_1_178' title='bbox 467 1352 637 1394; x_wconf 78' lang='lat' dir='ltr'>loquentis</span> <span class='ocrx_word' id='word_1_179' title='bbox 663 1352 933 1384; x_wconf 82' lang='lat' dir='ltr'>convenientius.</span> <span class='ocrx_word' id='word_1_180' title='bbox 967 1352 1056 1384; x_wconf 87' lang='lat' dir='ltr'>conf.</span> <span class='ocrx_word' id='word_1_181' title='bbox 1081 1351 1123 1384; x_wconf 88' lang='lat' dir='ltr'>ad</span> <span class='ocrx_word' id='word_1_182' title='bbox 1147 1363 1178 1394; x_wconf 88' lang='lat' dir='ltr'>p.</span> <span class='ocrx_word' id='word_1_183' title='bbox 1204 1350 1279 1384; x_wconf 88' lang='grc'><strong>461.</strong></span> <span class='ocrx_word' id='word_1_184' title='bbox 1305 1353 1342 1384; x_wconf 86' lang='grc' dir='ltr'>Β.</span> 
     </span>
    </p>
   </div>
   <div class='ocr_carea' id='block_1_15' title="bbox 245 1464 893 2681">
    <p class='ocr_par' dir='ltr' id='par_1_15' title="bbox 245 1464 893 2681">
     <span class='ocr_line' id='line_1_25' title="bbox 250 1464 892 1506; baseline 0 -10"><span class='ocrx_word' id='word_1_185' title='bbox 250 1464 342 1497; x_wconf 90' lang='lat' dir='ltr'>modi</span> <span class='ocrx_word' id='word_1_186' title='bbox 360 1465 547 1497; x_wconf 80' lang='lat' dir='ltr'>enuntiatis</span> <span class='ocrx_word' id='word_1_187' title='bbox 567 1471 760 1506; x_wconf 86' lang='lat' dir='ltr'>usurpatur,</span> <span class='ocrx_word' id='word_1_188' title='bbox 785 1465 813 1495; x_wconf 88' lang='lat' dir='ltr'>si</span> <span class='ocrx_word' id='word_1_189' title='bbox 838 1464 892 1496; x_wconf 86' lang='lat' dir='ltr'>vel</span> 
     </span>
     <span class='ocr_line' id='line_1_26' title="bbox 251 1510 892 1552; baseline 0 -11"><span class='ocrx_word' id='word_1_190' title='bbox 251 1520 293 1541; x_wconf 88' lang='lat' dir='ltr'>ex</span> <span class='ocrx_word' id='word_1_191' title='bbox 329 1511 444 1542; x_wconf 87' lang='lat' dir='ltr'>aliena</span> <span class='ocrx_word' id='word_1_192' title='bbox 478 1514 591 1542; x_wconf 80' lang='lat' dir='ltr'>niente</span> <span class='ocrx_word' id='word_1_193' title='bbox 621 1513 654 1542; x_wconf 81' lang='lat' dir='ltr'>et</span> <span class='ocrx_word' id='word_1_194' title='bbox 685 1510 892 1552; x_wconf 78' lang='lat' dir='ltr'>cogitatione</span> 
     </span>
     <span class='ocr_line' id='line_1_27' title="bbox 249 1554 893 1597; baseline -0.002 -10"><span class='ocrx_word' id='word_1_195' title='bbox 249 1556 422 1597; x_wconf 86' lang='lat' dir='ltr'>loquimur</span> <span class='ocrx_word' id='word_1_196' title='bbox 446 1555 501 1587; x_wconf 82' lang='lat' dir='ltr'>vel</span> <span class='ocrx_word' id='word_1_197' title='bbox 529 1554 616 1586; x_wconf 84' lang='lat' dir='ltr'>nihil</span> <span class='ocrx_word' id='word_1_198' title='bbox 641 1555 708 1587; x_wconf 87' lang='lat' dir='ltr'>nisi</span> <span class='ocrx_word' id='word_1_199' title='bbox 733 1555 834 1586; x_wconf 86' lang='lat' dir='ltr'>finem</span> <span class='ocrx_word' id='word_1_200' title='bbox 860 1560 893 1586; x_wconf 85' lang='lat' dir='ltr'>et</span> 
     </span>
     <span class='ocr_line' id='line_1_28' title="bbox 251 1600 892 1643; baseline -0.003 -11"><span class='ocrx_word' id='word_1_201' title='bbox 251 1601 431 1632; x_wconf 82' lang='lat' dir='ltr'>consilium</span> <span class='ocrx_word' id='word_1_202' title='bbox 456 1601 700 1643; x_wconf 74' lang='lat' dir='ltr'>significamus,</span> <span class='ocrx_word' id='word_1_203' title='bbox 733 1600 892 1632; x_wconf 79' lang='lat' dir='ltr'>adiuncta</span> 
     </span>
     <span class='ocr_line' id='line_1_29' title="bbox 250 1645 888 1688; baseline -0.002 -11"><span class='ocrx_word' id='word_1_204' title='bbox 250 1647 390 1678; x_wconf 88' lang='lat' dir='ltr'>notione</span> <span class='ocrx_word' id='word_1_205' title='bbox 425 1646 574 1688; x_wconf 77' lang='lat' dir='ltr'>optandi.</span> <span class='ocrx_word' id='word_1_206' title='bbox 611 1646 698 1677; x_wconf 85' lang='lat' dir='ltr'>conf.</span> <span class='ocrx_word' id='word_1_207' title='bbox 729 1645 888 1687; x_wconf 85' lang='lat' dir='ltr'>Reisig.</span> 
     </span>
     <span class='ocr_line' id='line_1_30' title="bbox 251 1689 891 1732; baseline -0.003 -9"><span class='ocrx_word' id='word_1_208' title='bbox 251 1691 401 1723; x_wconf 79' lang='lat' dir='ltr'>Coniect.</span> <span class='ocrx_word' id='word_1_209' title='bbox 426 1692 461 1722; x_wconf 90' lang='lat' dir='ltr'>in</span> <span class='ocrx_word' id='word_1_210' title='bbox 488 1691 660 1732; x_wconf 83' lang='lat' dir='ltr'>Aristoph.</span> <span class='ocrx_word' id='word_1_211' title='bbox 691 1702 723 1732; x_wconf 92' lang='lat' dir='ltr'>p.</span> <span class='ocrx_word' id='word_1_212' title='bbox 747 1689 823 1723; x_wconf 88' lang='lat'>212.</span> <span class='ocrx_word' id='word_1_213' title='bbox 848 1690 891 1721; x_wconf 78' lang='lat' dir='ltr'>acl</span> 
     </span>
     <span class='ocr_line' id='line_1_31' title="bbox 251 1735 891 1779; baseline -0.002 -11"><span class='ocrx_word' id='word_1_214' title='bbox 251 1736 370 1779; x_wconf 87' lang='lat' dir='ltr'>Oedip.</span> <span class='ocrx_word' id='word_1_215' title='bbox 408 1736 480 1768; x_wconf 87' lang='lat' dir='ltr'>Col.</span> <span class='ocrx_word' id='word_1_216' title='bbox 518 1747 549 1778; x_wconf 91' lang='lat' dir='ltr'>p.</span> <span class='ocrx_word' id='word_1_217' title='bbox 583 1735 656 1769; x_wconf 76' lang='grc'><strong>169.</strong></span> <span class='ocrx_word' id='word_1_218' title='bbox 697 1740 814 1768; x_wconf 85' lang='lat' dir='ltr'>nostra</span> <span class='ocrx_word' id='word_1_219' title='bbox 849 1735 891 1767; x_wconf 87' lang='lat' dir='ltr'>ad</span> 
     </span>
     <span class='ocr_line' id='line_1_32' title="bbox 249 1780 891 1824; baseline -0.002 -11"><span class='ocrx_word' id='word_1_220' title='bbox 249 1780 428 1824; x_wconf 86' lang='lat' dir='ltr'>Rempubl.</span> <span class='ocrx_word' id='word_1_221' title='bbox 454 1781 514 1813; x_wconf 88' lang='lat'>111.</span> <span class='ocrx_word' id='word_1_222' title='bbox 539 1792 571 1823; x_wconf 87' lang='lat' dir='ltr'>p.</span> <span class='ocrx_word' id='word_1_223' title='bbox 596 1780 672 1813; x_wconf 92' lang='lat'>410.</span> <span class='ocrx_word' id='word_1_224' title='bbox 695 1782 732 1813; x_wconf 77' lang='lat' dir='ltr'>C.</span> <span class='ocrx_word' id='word_1_225' title='bbox 758 1780 833 1814; x_wconf 82' lang='lat'>237.</span> <span class='ocrx_word' id='word_1_226' title='bbox 851 1782 891 1813; x_wconf 85' lang='lat' dir='ltr'>A.</span> 
     </span>
     <span class='ocr_line' id='line_1_33' title="bbox 250 1825 891 1865; baseline -0.003 -6"><span class='ocrx_word' id='word_1_227' title='bbox 250 1827 483 1859; x_wconf 81' lang='lat' dir='ltr'>Matthiae.</span> <span class='ocrx_word' id='word_1_228' title='bbox 510 1828 567 1858; x_wconf 88' lang='lat' dir='ltr'>Gr.</span> <span class='ocrx_word' id='word_1_229' title='bbox 594 1826 715 1865; x_wconf 56' lang='grc' dir='ltr'><strong>έ.518.</strong></span> <span class='ocrx_word' id='word_1_230' title='bbox 734 1825 762 1858; x_wconf 90' lang='lat'>1.</span> <span class='ocrx_word' id='word_1_231' title='bbox 779 1825 808 1858; x_wconf 91' lang='lat'>4.</span> <span class='ocrx_word' id='word_1_232' title='bbox 831 1827 891 1857; x_wconf 88' lang='lat' dir='ltr'>im-</span> 
     </span>
     <span class='ocr_line' id='line_1_34' title="bbox 249 1872 890 1914; baseline -0.003 -10"><span class='ocrx_word' id='word_1_233' title='bbox 249 1873 435 1914; x_wconf 85' lang='lat' dir='ltr'>primisque</span> <span class='ocrx_word' id='word_1_234' title='bbox 468 1872 611 1903; x_wconf 80' lang='lat' dir='ltr'>Rostii</span> <span class='ocrx_word' id='word_1_235' title='bbox 641 1872 789 1903; x_wconf 78' lang='lat' dir='ltr'>Graium.</span> <span class='ocrx_word' id='word_1_236' title='bbox 822 1881 890 1902; x_wconf 90' lang='lat' dir='ltr'>am-</span> 
     </span>
     <span class='ocr_line' id='line_1_35' title="bbox 248 1915 890 1959; baseline -0.002 -10"><span class='ocrx_word' id='word_1_237' title='bbox 248 1918 346 1959; x_wconf 80' lang='lat' dir='ltr'>plior.</span> <span class='ocrx_word' id='word_1_238' title='bbox 383 1919 413 1956; x_wconf 60' lang='grc' dir='ltr'>ἓ.</span> <span class='ocrx_word' id='word_1_239' title='bbox 443 1915 517 1949; x_wconf 92' lang='lat'>122.</span> <span class='ocrx_word' id='word_1_240' title='bbox 553 1915 604 1948; x_wconf 89' lang='lat'>10.</span> <span class='ocrx_word' id='word_1_241' title='bbox 636 1927 666 1958; x_wconf 90' lang='lat' dir='ltr'>p.</span> <span class='ocrx_word' id='word_1_242' title='bbox 701 1915 766 1949; x_wconf 77' lang='lat'>656</span> <span class='ocrx_word' id='word_1_243' title='bbox 798 1927 890 1958; x_wconf 81' lang='lat' dir='ltr'>seqq.</span> 
     </span>
     <span class='ocr_line' id='line_1_36' title="bbox 249 1961 888 2004; baseline -0.002 -10"><span class='ocrx_word' id='word_1_244' title='bbox 249 1962 328 1994; x_wconf 84' lang='lat' dir='ltr'>edit.</span> <span class='ocrx_word' id='word_1_245' title='bbox 365 1963 496 2004; x_wconf 82' lang='lat' dir='ltr'>septim.</span> <span class='ocrx_word' id='word_1_246' title='bbox 544 1962 663 2002; x_wconf 80' lang='lat' dir='ltr'>Itaque</span> <span class='ocrx_word' id='word_1_247' title='bbox 694 1962 756 1994; x_wconf 82' lang='lat' dir='ltr'>hoc</span> <span class='ocrx_word' id='word_1_248' title='bbox 788 1961 888 1993; x_wconf 82' lang='lat' dir='ltr'>dicit:</span> 
     </span>
     <span class='ocr_line' id='line_1_37' title="bbox 249 2006 887 2048; baseline -0.002 -9"><span class='ocrx_word' id='word_1_249' title='bbox 249 2012 293 2039; x_wconf 86' lang='lat' dir='ltr'>ut</span> <span class='ocrx_word' id='word_1_250' title='bbox 315 2018 408 2047; x_wconf 88' lang='lat' dir='ltr'>nos,</span> <span class='ocrx_word' id='word_1_251' title='bbox 437 2006 472 2038; x_wconf 89' lang='lat' dir='ltr'>id</span> <span class='ocrx_word' id='word_1_252' title='bbox 496 2006 585 2048; x_wconf 85' lang='lat' dir='ltr'>quod</span> <span class='ocrx_word' id='word_1_253' title='bbox 610 2010 776 2048; x_wconf 80' lang='lat' dir='ltr'>optamus,</span> <span class='ocrx_word' id='word_1_254' title='bbox 802 2018 887 2038; x_wconf 87' lang='lat' dir='ltr'>sus-</span> 
     </span>
     <span class='ocr_line' id='line_1_38' title="bbox 248 2052 887 2094; baseline -0.002 -10"><span class='ocrx_word' id='word_1_255' title='bbox 248 2053 435 2084; x_wconf 85' lang='lat' dir='ltr'>tentetis</span> <span class='ocrx_word' id='word_1_256' title='bbox 452 2057 491 2084; x_wconf 88' lang='lat' dir='ltr'>et</span> <span class='ocrx_word' id='word_1_257' title='bbox 507 2053 702 2094; x_wconf 84' lang='lat' dir='ltr'>erigatis.</span> <span class='ocrx_word' id='word_1_258' title='bbox 730 2052 887 2084; x_wconf 77' lang='lat' dir='ltr'>Ceterum</span> 
     </span>
     <span class='ocr_line' id='line_1_39' title="bbox 249 2095 885 2139; baseline -0.002 -10"><span class='ocrx_word' id='word_1_259' title='bbox 249 2098 387 2130; x_wconf 87' lang='lat' dir='ltr'>Thom.</span> <span class='ocrx_word' id='word_1_260' title='bbox 406 2098 513 2139; x_wconf 83' lang='lat' dir='ltr'>Mag.</span> <span class='ocrx_word' id='word_1_261' title='bbox 539 2095 615 2128; x_wconf 74' lang='grc' dir='ltr'>ἐπα</span> <span class='ocrx_word' id='word_1_262' title='bbox 630 2110 673 2128; x_wconf 85' lang='lat'>1¹0</span> <span class='ocrx_word' id='word_1_263' title='bbox 687 2109 703 2137; x_wconf 76' lang='grc' dir='ltr'><em>ρ</em></span> <span class='ocrx_word' id='word_1_264' title='bbox 716 2098 769 2129; x_wconf 55' lang='lat' dir='ltr'>{ro</span> <span class='ocrx_word' id='word_1_265' title='bbox 784 2100 885 2135; x_wconf 77' lang='grc' dir='ltr'><em>ῡμαι,</em></span> 
     </span>
     <span class='ocr_line' id='line_1_40' title="bbox 249 2140 889 2185; baseline -0.002 -11"><span class='ocrx_word' id='word_1_266' title='bbox 249 2144 379 2185; x_wconf 85' lang='lat' dir='ltr'>inquit,</span> <span class='ocrx_word' id='word_1_267' title='bbox 412 2141 547 2174; x_wconf 67' lang='grc' dir='ltr'><em>κάλλιον</em></span> <span class='ocrx_word' id='word_1_268' title='bbox 581 2140 599 2184; x_wconf 78' lang='grc' dir='ltr'><em>ἢ</em></span> <span class='ocrx_word' id='word_1_269' title='bbox 634 2140 889 2183; x_wconf 63' lang='grc' dir='ltr'>ἐπανορθοῖ.</span> 
     </span>
     <span class='ocr_line' id='line_1_41' title="bbox 248 2187 889 2230; baseline -0.002 -11"><span class='ocrx_word' id='word_1_270' title='bbox 248 2189 292 2219; x_wconf 83' lang='lat' dir='ltr'>Et</span> <span class='ocrx_word' id='word_1_271' title='bbox 330 2189 468 2230; x_wconf 88' lang='lat' dir='ltr'>ponitur</span> <span class='ocrx_word' id='word_1_272' title='bbox 509 2187 658 2219; x_wconf 87' lang='lat' dir='ltr'>medium</span> <span class='ocrx_word' id='word_1_273' title='bbox 698 2188 734 2218; x_wconf 87' lang='lat' dir='ltr'>in</span> <span class='ocrx_word' id='word_1_274' title='bbox 772 2187 889 2219; x_wconf 79' lang='lat' dir='ltr'>eadem</span> 
     </span>
     <span class='ocr_line' id='line_1_42' title="bbox 248 2231 887 2274; baseline -0.003 -9"><span class='ocrx_word' id='word_1_275' title='bbox 248 2234 416 2265; x_wconf 86' lang='lat' dir='ltr'>sententia</span> <span class='ocrx_word' id='word_1_276' title='bbox 440 2234 493 2264; x_wconf 82' lang='lat' dir='ltr'>De</span> <span class='ocrx_word' id='word_1_277' title='bbox 516 2234 598 2274; x_wconf 83' lang='lat' dir='ltr'>Rep.</span> <span class='ocrx_word' id='word_1_278' title='bbox 624 2233 667 2264; x_wconf 91' lang='lat' dir='ltr'>II.</span> <span class='ocrx_word' id='word_1_279' title='bbox 691 2243 720 2274; x_wconf 88' lang='lat' dir='ltr'>p.</span> <span class='ocrx_word' id='word_1_280' title='bbox 741 2231 818 2265; x_wconf 87' lang='grc'><strong>361.</strong></span> <span class='ocrx_word' id='word_1_281' title='bbox 844 2234 887 2264; x_wconf 93' lang='lat' dir='ltr'>B:</span> 
     </span>
     <span class='ocr_line' id='line_1_43' title="bbox 249 2276 889 2318; baseline 0 -9"><span class='ocrx_word' id='word_1_282' title='bbox 249 2277 312 2309; x_wconf 72' lang='grc' dir='ltr'>ἐὰν</span> <span class='ocrx_word' id='word_1_283' title='bbox 325 2276 393 2318; x_wconf 73' lang='grc' dir='ltr'>ἄρα</span> <span class='ocrx_word' id='word_1_284' title='bbox 407 2276 645 2318; x_wconf 73' lang='grc' dir='ltr'>σφάλληταίτι,</span> <span class='ocrx_word' id='word_1_285' title='bbox 665 2276 889 2317; x_wconf 75' lang='grc' dir='ltr'><em>ἐπανορθοῦ-</em></span> 
     </span>
     <span class='ocr_line' id='line_1_44' title="bbox 251 2319 889 2366; baseline -0.002 -11"><span class='ocrx_word' id='word_1_286' title='bbox 251 2324 333 2355; x_wconf 75' lang='grc' dir='ltr'><em>σθαι</em></span> <span class='ocrx_word' id='word_1_287' title='bbox 353 2323 487 2366; x_wconf 75' lang='grc' dir='ltr'><em>δυνατῷ</em></span> <span class='ocrx_word' id='word_1_288' title='bbox 507 2319 607 2354; x_wconf 71' lang='grc' dir='ltr'>εἶναι.</span> <span class='ocrx_word' id='word_1_289' title='bbox 644 2323 709 2354; x_wconf 76' lang='lat' dir='ltr'>Sed</span> <span class='ocrx_word' id='word_1_290' title='bbox 728 2334 796 2355; x_wconf 87' lang='lat' dir='ltr'>non</span> <span class='ocrx_word' id='word_1_291' title='bbox 814 2322 889 2354; x_wconf 85' lang='lat' dir='ltr'>abs-</span> 
     </span>
     <span class='ocr_line' id='line_1_45' title="bbox 248 2368 889 2400; baseline 0 -1"><span class='ocrx_word' id='word_1_292' title='bbox 248 2369 392 2400; x_wconf 82' lang='lat' dir='ltr'>tinuisse</span> <span class='ocrx_word' id='word_1_293' title='bbox 417 2369 549 2400; x_wconf 80' lang='lat' dir='ltr'>Attieos</span> <span class='ocrx_word' id='word_1_294' title='bbox 577 2379 641 2399; x_wconf 85' lang='lat' dir='ltr'>usu</span> <span class='ocrx_word' id='word_1_295' title='bbox 666 2369 769 2399; x_wconf 76' lang='lat' dir='ltr'>activi</span> <span class='ocrx_word' id='word_1_296' title='bbox 794 2368 889 2399; x_wconf 81' lang='lat' dir='ltr'>verbi</span> 
     </span>
     <span class='ocr_line' id='line_1_46' title="bbox 248 2413 890 2455; baseline 0.003 -12"><span class='ocrx_word' id='word_1_297' title='bbox 248 2413 355 2455; x_wconf 88' lang='lat' dir='ltr'>ipsius</span> <span class='ocrx_word' id='word_1_298' title='bbox 386 2413 541 2445; x_wconf 80' lang='lat' dir='ltr'>Platonis</span> <span class='ocrx_word' id='word_1_299' title='bbox 571 2414 765 2446; x_wconf 86' lang='lat' dir='ltr'>testimonia</span> <span class='ocrx_word' id='word_1_300' title='bbox 797 2414 890 2445; x_wconf 86' lang='lat' dir='ltr'>evin-</span> 
     </span>
     <span class='ocr_line' id='line_1_47' title="bbox 249 2457 888 2500; baseline 0.002 -11"><span class='ocrx_word' id='word_1_301' title='bbox 249 2462 331 2490; x_wconf 80' lang='lat' dir='ltr'>cunt</span> <span class='ocrx_word' id='word_1_302' title='bbox 354 2457 455 2489; x_wconf 82' lang='lat' dir='ltr'>haee:</span> <span class='ocrx_word' id='word_1_303' title='bbox 484 2459 535 2490; x_wconf 91' lang='lat' dir='ltr'>De</span> <span class='ocrx_word' id='word_1_304' title='bbox 559 2459 641 2500; x_wconf 89' lang='lat' dir='ltr'>Rep.</span> <span class='ocrx_word' id='word_1_305' title='bbox 669 2459 693 2490; x_wconf 91' lang='grc' dir='ltr'>Ι.</span> <span class='ocrx_word' id='word_1_306' title='bbox 710 2469 741 2500; x_wconf 92' lang='lat' dir='ltr'>p.</span> <span class='ocrx_word' id='word_1_307' title='bbox 757 2457 832 2491; x_wconf 89' lang='grc'><strong>346.</strong></span> <span class='ocrx_word' id='word_1_308' title='bbox 848 2459 888 2490; x_wconf 89' lang='grc' dir='ltr'>Ε.</span> 
     </span>
     <span class='ocr_line' id='line_1_48' title="bbox 248 2501 888 2537; baseline -0.002 -2"><span class='ocrx_word' id='word_1_309' title='bbox 248 2504 307 2535; x_wconf 93' lang='lat' dir='ltr'>IV.</span> <span class='ocrx_word' id='word_1_310' title='bbox 331 2501 408 2535; x_wconf 87' lang='lat'>426.</span> <span class='ocrx_word' id='word_1_311' title='bbox 432 2504 471 2535; x_wconf 88' lang='lat' dir='ltr'>E.</span> <span class='ocrx_word' id='word_1_312' title='bbox 507 2504 549 2534; x_wconf 92' lang='lat' dir='ltr'>X.</span> <span class='ocrx_word' id='word_1_313' title='bbox 575 2502 650 2537; x_wconf 81' lang='lat'>604.</span> <span class='ocrx_word' id='word_1_314' title='bbox 671 2504 712 2535; x_wconf 90' lang='lat' dir='ltr'>D.</span> <span class='ocrx_word' id='word_1_315' title='bbox 747 2504 888 2536; x_wconf 79' lang='lat' dir='ltr'>Theaet.</span> 
     </span>
     <span class='ocr_line' id='line_1_49' title="bbox 248 2546 886 2582; baseline 0 -2"><span class='ocrx_word' id='word_1_316' title='bbox 248 2547 323 2580; x_wconf 90' lang='grc'><strong>146.</strong></span> <span class='ocrx_word' id='word_1_317' title='bbox 358 2548 394 2580; x_wconf 87' lang='lat' dir='ltr'>C.</span> <span class='ocrx_word' id='word_1_318' title='bbox 435 2546 510 2580; x_wconf 85' lang='lat'>167.</span> <span class='ocrx_word' id='word_1_319' title='bbox 541 2549 580 2579; x_wconf 87' lang='lat' dir='ltr'>E.</span> <span class='ocrx_word' id='word_1_320' title='bbox 621 2549 711 2580; x_wconf 81' lang='lat' dir='ltr'>Prot.</span> <span class='ocrx_word' id='word_1_321' title='bbox 743 2547 818 2582; x_wconf 86' lang='lat'>340.</span> <span class='ocrx_word' id='word_1_322' title='bbox 844 2550 886 2580; x_wconf 93' lang='lat' dir='ltr'>D.</span> 
     </span>
     <span class='ocr_line' id='line_1_50' title="bbox 247 2591 886 2635; baseline -0.002 -10"><span class='ocrx_word' id='word_1_323' title='bbox 247 2593 353 2635; x_wconf 85' lang='lat' dir='ltr'>Legg.</span> <span class='ocrx_word' id='word_1_324' title='bbox 371 2591 445 2625; x_wconf 82' lang='lat'>769.</span> <span class='ocrx_word' id='word_1_325' title='bbox 461 2593 502 2625; x_wconf 88' lang='grc' dir='ltr'>Ε.</span> <span class='ocrx_word' id='word_1_326' title='bbox 522 2592 565 2624; x_wconf 89' lang='lat' dir='ltr'>al.</span> <span class='ocrx_word' id='word_1_327' title='bbox 590 2594 677 2625; x_wconf 84' lang='lat' dir='ltr'>conf.</span> <span class='ocrx_word' id='word_1_328' title='bbox 702 2595 756 2626; x_wconf 93' lang='lat' dir='ltr'>Lo</span> <span class='ocrx_word' id='word_1_329' title='bbox 770 2594 788 2624; x_wconf 93' lang='lat' dir='ltr'>b</span> <span class='ocrx_word' id='word_1_330' title='bbox 800 2594 886 2626; x_wconf 84' lang='lat' dir='ltr'>eok.</span> 
     </span>
     <span class='ocr_line' id='line_1_51' title="bbox 245 2636 661 2681; baseline 0.002 -12"><span class='ocrx_word' id='word_1_331' title='bbox 245 2639 287 2669; x_wconf 78' lang='lat' dir='ltr'>ad</span> <span class='ocrx_word' id='word_1_332' title='bbox 311 2637 498 2681; x_wconf 80' lang='lat' dir='ltr'>Phrynioh.</span> <span class='ocrx_word' id='word_1_333' title='bbox 524 2649 555 2680; x_wconf 87' lang='lat' dir='ltr'>p.</span> <span class='ocrx_word' id='word_1_334' title='bbox 585 2636 661 2670; x_wconf 76' lang='lat'>250.</span> 
     </span>
    </p>
   </div>
   <div class='ocr_carea' id='block_1_16' title="bbox 955 1459 1603 2679">
    <p class='ocr_par' dir='ltr' id='par_1_16' title="bbox 955 1459 1603 2679">
     <span class='ocr_line' id='line_1_52' title="bbox 1007 1459 1602 1507; baseline 0.003 -13"><span class='ocrx_word' id='word_1_335' title='bbox 1007 1464 1049 1496; x_wconf 95' lang='lat' dir='ltr'>D.</span> <span class='ocrx_word' id='word_1_336' title='bbox 1079 1462 1247 1497; x_wconf 64' lang='lat' dir='ltr'>danatus</span> <span class='ocrx_word' id='word_1_337' title='bbox 1266 1461 1294 1495; x_wconf 79' lang='grc' dir='ltr'><em>δ</em></span> <span class='ocrx_word' id='word_1_338' title='bbox 1311 1476 1362 1495; x_wconf 84' lang='grc' dir='ltr'>ει.</span> <span class='ocrx_word' id='word_1_339' title='bbox 1346 1459 1375 1507; x_wconf 88' lang='grc'>]</span> <span class='ocrx_word' id='word_1_340' title='bbox 1394 1464 1509 1496; x_wconf 80' lang='lat' dir='ltr'>Facile</span> <span class='ocrx_word' id='word_1_341' title='bbox 1526 1465 1602 1506; x_wconf 88' lang='lat' dir='ltr'>quis</span> 
     </span>
     <span class='ocr_line' id='line_1_53' title="bbox 961 1508 1602 1554; baseline 0.003 -14"><span class='ocrx_word' id='word_1_342' title='bbox 961 1510 1152 1554; x_wconf 84' lang='lat' dir='ltr'>suspicetur</span> <span class='ocrx_word' id='word_1_343' title='bbox 1165 1509 1348 1552; x_wconf 85' lang='lat' dir='ltr'>legendum</span> <span class='ocrx_word' id='word_1_344' title='bbox 1373 1520 1446 1542; x_wconf 88' lang='lat' dir='ltr'>esse</span> <span class='ocrx_word' id='word_1_345' title='bbox 1472 1508 1602 1543; x_wconf 61' lang='grc' dir='ltr'>δικαιωἢ</span> 
     </span>
     <span class='ocr_line' id='line_1_54' title="bbox 960 1552 1603 1597; baseline 0.003 -12"><span class='ocrx_word' id='word_1_346' title='bbox 960 1552 1024 1596; x_wconf 76' lang='grc' dir='ltr'>γὰρ</span> <span class='ocrx_word' id='word_1_347' title='bbox 1051 1555 1290 1587; x_wconf 76' lang='lat' dir='ltr'>el.F1ustra.</span> <span class='ocrx_word' id='word_1_348' title='bbox 1339 1555 1456 1597; x_wconf 87' lang='lat' dir='ltr'>Neque</span> <span class='ocrx_word' id='word_1_349' title='bbox 1488 1559 1603 1587; x_wconf 86' lang='lat' dir='ltr'>tamen</span> 
     </span>
     <span class='ocr_line' id='line_1_55' title="bbox 961 1598 1601 1641; baseline 0.005 -11"><span class='ocrx_word' id='word_1_350' title='bbox 961 1606 1085 1631; x_wconf 87' lang='lat' dir='ltr'>temere</span> <span class='ocrx_word' id='word_1_351' title='bbox 1129 1599 1212 1632; x_wconf 88' lang='lat' dir='ltr'>fides</span> <span class='ocrx_word' id='word_1_352' title='bbox 1257 1598 1416 1632; x_wconf 84' lang='lat' dir='ltr'>habenda</span> <span class='ocrx_word' id='word_1_353' title='bbox 1458 1605 1509 1633; x_wconf 84' lang='lat' dir='ltr'>est</span> <span class='ocrx_word' id='word_1_354' title='bbox 1548 1601 1601 1641; x_wconf 83' lang='lat' dir='ltr'>iis,</span> 
     </span>
     <span class='ocr_line' id='line_1_56' title="bbox 961 1644 1599 1689; baseline 0.005 -14"><span class='ocrx_word' id='word_1_355' title='bbox 961 1645 1019 1686; x_wconf 83' lang='lat' dir='ltr'>qui</span> <span class='ocrx_word' id='word_1_356' title='bbox 1052 1646 1086 1676; x_wconf 89' lang='lat' dir='ltr'>in</span> <span class='ocrx_word' id='word_1_357' title='bbox 1120 1644 1248 1676; x_wconf 82' lang='lat' dir='ltr'>talibus</span> <span class='ocrx_word' id='word_1_358' title='bbox 1280 1646 1363 1677; x_wconf 85' lang='lat' dir='ltr'>loeis</span> <span class='ocrx_word' id='word_1_359' title='bbox 1389 1645 1426 1677; x_wconf 80' lang='grc' dir='ltr'>δέ</span> <span class='ocrx_word' id='word_1_360' title='bbox 1448 1657 1509 1688; x_wconf 90' lang='lat' dir='ltr'>pro</span> <span class='ocrx_word' id='word_1_361' title='bbox 1535 1645 1599 1689; x_wconf 79' lang='grc' dir='ltr'>γάρ</span> 
     </span>
     <span class='ocr_line' id='line_1_57' title="bbox 960 1690 1598 1732; baseline 0.003 -11"><span class='ocrx_word' id='word_1_362' title='bbox 960 1690 1089 1722; x_wconf 86' lang='lat' dir='ltr'>dietum</span> <span class='ocrx_word' id='word_1_363' title='bbox 1113 1695 1326 1732; x_wconf 85' lang='lat' dir='ltr'>aeceperunt.</span> <span class='ocrx_word' id='word_1_364' title='bbox 1359 1691 1436 1722; x_wconf 89' lang='lat' dir='ltr'>Vid.</span> <span class='ocrx_word' id='word_1_365' title='bbox 1462 1692 1598 1723; x_wconf 86' lang='lat' dir='ltr'>Herm.</span> 
     </span>
     <span class='ocr_line' id='line_1_58' title="bbox 960 1734 1600 1778; baseline 0.003 -11"><span class='ocrx_word' id='word_1_366' title='bbox 960 1735 1003 1767; x_wconf 85' lang='lat' dir='ltr'>ad</span> <span class='ocrx_word' id='word_1_367' title='bbox 1035 1736 1149 1778; x_wconf 85' lang='lat' dir='ltr'>Viger.</span> <span class='ocrx_word' id='word_1_368' title='bbox 1184 1746 1215 1777; x_wconf 93' lang='lat' dir='ltr'>p.</span> <span class='ocrx_word' id='word_1_369' title='bbox 1240 1734 1315 1768; x_wconf 82' lang='lat'>845.</span> <span class='ocrx_word' id='word_1_370' title='bbox 1364 1736 1482 1778; x_wconf 83' lang='lat' dir='ltr'>Itaque</span> <span class='ocrx_word' id='word_1_371' title='bbox 1514 1737 1600 1769; x_wconf 81' lang='lat' dir='ltr'>haec</span> 
     </span>
     <span class='ocr_line' id='line_1_59' title="bbox 960 1781 1600 1823; baseline 0.002 -11"><span class='ocrx_word' id='word_1_372' title='bbox 960 1782 1010 1812; x_wconf 85' lang='lat' dir='ltr'>sic</span> <span class='ocrx_word' id='word_1_373' title='bbox 1034 1781 1226 1823; x_wconf 82' lang='lat' dir='ltr'>intelligas:</span> <span class='ocrx_word' id='word_1_374' title='bbox 1253 1782 1382 1813; x_wconf 85' lang='lat' dir='ltr'>etiam</span> <span class='ocrx_word' id='word_1_375' title='bbox 1408 1792 1537 1822; x_wconf 86' lang='lat' dir='ltr'>nuno,</span> <span class='ocrx_word' id='word_1_376' title='bbox 1563 1782 1600 1813; x_wconf 87' lang='lat' dir='ltr'>si</span> 
     </span>
     <span class='ocr_line' id='line_1_60' title="bbox 960 1825 1598 1869; baseline 0.005 -13"><span class='ocrx_word' id='word_1_377' title='bbox 960 1825 1063 1867; x_wconf 87' lang='lat' dir='ltr'>quid</span> <span class='ocrx_word' id='word_1_378' title='bbox 1111 1837 1186 1868; x_wconf 84' lang='lat' dir='ltr'>ego</span> <span class='ocrx_word' id='word_1_379' title='bbox 1235 1830 1276 1857; x_wconf 87' lang='lat' dir='ltr'>et</span> <span class='ocrx_word' id='word_1_380' title='bbox 1323 1827 1507 1869; x_wconf 84' lang='lat' dir='ltr'>Gorgias</span> <span class='ocrx_word' id='word_1_381' title='bbox 1556 1827 1598 1859; x_wconf 89' lang='lat' dir='ltr'>in</span> 
     </span>
     <span class='ocr_line' id='line_1_61' title="bbox 960 1876 1600 1914; baseline 0.003 -12"><span class='ocrx_word' id='word_1_382' title='bbox 960 1881 1156 1902; x_wconf 81' lang='lat' dir='ltr'>sermone</span> <span class='ocrx_word' id='word_1_383' title='bbox 1178 1881 1385 1911; x_wconf 84' lang='lat' dir='ltr'>erramus,</span> <span class='ocrx_word' id='word_1_384' title='bbox 1412 1876 1456 1903; x_wconf 92' lang='lat' dir='ltr'>tu</span> <span class='ocrx_word' id='word_1_385' title='bbox 1479 1882 1600 1914; x_wconf 88' lang='lat' dir='ltr'>prae-</span> 
     </span>
     <span class='ocr_line' id='line_1_62' title="bbox 959 1916 1601 1958; baseline 0.003 -11"><span class='ocrx_word' id='word_1_386' title='bbox 959 1927 1055 1948; x_wconf 87' lang='lat' dir='ltr'>sens</span> <span class='ocrx_word' id='word_1_387' title='bbox 1095 1916 1287 1958; x_wconf 85' lang='lat' dir='ltr'>corrige:</span> <span class='ocrx_word' id='word_1_388' title='bbox 1324 1927 1398 1957; x_wconf 86' lang='lat' dir='ltr'>par</span> <span class='ocrx_word' id='word_1_389' title='bbox 1434 1921 1498 1949; x_wconf 86' lang='lat' dir='ltr'>est</span> <span class='ocrx_word' id='word_1_390' title='bbox 1534 1928 1601 1949; x_wconf 86' lang='lat' dir='ltr'>au-</span> 
     </span>
     <span class='ocr_line' id='line_1_63' title="bbox 959 1961 1602 1995; baseline 0.005 -3"><span class='ocrx_word' id='word_1_391' title='bbox 959 1965 1044 1993; x_wconf 83' lang='lat' dir='ltr'>tem</span> <span class='ocrx_word' id='word_1_392' title='bbox 1077 1965 1115 1993; x_wconf 86' lang='lat' dir='ltr'>te</span> <span class='ocrx_word' id='word_1_393' title='bbox 1152 1961 1229 1993; x_wconf 86' lang='lat' dir='ltr'>hoc</span> <span class='ocrx_word' id='word_1_394' title='bbox 1265 1961 1420 1993; x_wconf 80' lang='lat' dir='ltr'>faeere.</span> <span class='ocrx_word' id='word_1_395' title='bbox 1469 1963 1602 1995; x_wconf 88' lang='lat' dir='ltr'>Deinde</span> 
     </span>
     <span class='ocr_line' id='line_1_64' title="bbox 957 2006 1598 2049; baseline 0.005 -12"><span class='ocrx_word' id='word_1_396' title='bbox 957 2006 1252 2038; x_wconf 87' lang='lat' dir='ltr'>Heindorfius</span> <span class='ocrx_word' id='word_1_397' title='bbox 1308 2006 1417 2038; x_wconf 83' lang='lat' dir='ltr'>haesit</span> <span class='ocrx_word' id='word_1_398' title='bbox 1464 2008 1498 2039; x_wconf 91' lang='lat' dir='ltr'>in</span> <span class='ocrx_word' id='word_1_399' title='bbox 1548 2018 1598 2049; x_wconf 87' lang='lat' dir='ltr'>eo,</span> 
     </span>
     <span class='ocr_line' id='line_1_65' title="bbox 957 2051 1598 2094; baseline 0.005 -12"><span class='ocrx_word' id='word_1_400' title='bbox 957 2051 1046 2093; x_wconf 87' lang='lat' dir='ltr'>quod</span> <span class='ocrx_word' id='word_1_401' title='bbox 1076 2052 1233 2084; x_wconf 82' lang='lat' dir='ltr'>Socrates</span> <span class='ocrx_word' id='word_1_402' title='bbox 1258 2051 1342 2083; x_wconf 90' lang='lat' dir='ltr'>Polo</span> <span class='ocrx_word' id='word_1_403' title='bbox 1374 2053 1538 2094; x_wconf 85' lang='lat' dir='ltr'>promittit</span> <span class='ocrx_word' id='word_1_404' title='bbox 1563 2064 1598 2085; x_wconf 89' lang='lat' dir='ltr'>se</span> 
     </span>
     <span class='ocr_line' id='line_1_66' title="bbox 955 2096 1600 2139; baseline 0.005 -12"><span class='ocrx_word' id='word_1_405' title='bbox 955 2097 1065 2138; x_wconf 85' lang='lat' dir='ltr'>ipsum</span> <span class='ocrx_word' id='word_1_406' title='bbox 1092 2107 1225 2138; x_wconf 82' lang='lat' dir='ltr'>quoque</span> <span class='ocrx_word' id='word_1_407' title='bbox 1250 2096 1290 2128; x_wconf 89' lang='lat' dir='ltr'>de</span> <span class='ocrx_word' id='word_1_408' title='bbox 1315 2097 1374 2137; x_wconf 84' lang='lat' dir='ltr'>iis,</span> <span class='ocrx_word' id='word_1_409' title='bbox 1408 2108 1495 2139; x_wconf 87' lang='lat' dir='ltr'>quae</span> <span class='ocrx_word' id='word_1_410' title='bbox 1520 2108 1600 2130; x_wconf 85' lang='lat' dir='ltr'>eon-</span> 
     </span>
     <span class='ocr_line' id='line_1_67' title="bbox 959 2141 1599 2183; baseline 0.003 -9"><span class='ocrx_word' id='word_1_411' title='bbox 959 2153 1055 2174; x_wconf 82' lang='lat' dir='ltr'>cessa</span> <span class='ocrx_word' id='word_1_412' title='bbox 1079 2143 1158 2182; x_wconf 84' lang='lat' dir='ltr'>sint,</span> <span class='ocrx_word' id='word_1_413' title='bbox 1185 2143 1214 2173; x_wconf 89' lang='lat' dir='ltr'>si</span> <span class='ocrx_word' id='word_1_414' title='bbox 1238 2141 1318 2183; x_wconf 89' lang='lat' dir='ltr'>quid</span> <span class='ocrx_word' id='word_1_415' title='bbox 1343 2142 1395 2174; x_wconf 88' lang='lat' dir='ltr'>illi</span> <span class='ocrx_word' id='word_1_416' title='bbox 1419 2153 1486 2175; x_wconf 90' lang='lat' dir='ltr'>non</span> <span class='ocrx_word' id='word_1_417' title='bbox 1513 2142 1599 2176; x_wconf 87' lang='lat' dir='ltr'>bene</span> 
     </span>
     <span class='ocr_line' id='line_1_68' title="bbox 958 2187 1600 2227; baseline 0.002 -8"><span class='ocrx_word' id='word_1_418' title='bbox 958 2198 1157 2219; x_wconf 82' lang='lat' dir='ltr'>concessum</span> <span class='ocrx_word' id='word_1_419' title='bbox 1192 2187 1364 2227; x_wconf 84' lang='lat' dir='ltr'>videatur,</span> <span class='ocrx_word' id='word_1_420' title='bbox 1400 2192 1600 2220; x_wconf 84' lang='lat' dir='ltr'>retractatu-</span> 
     </span>
     <span class='ocr_line' id='line_1_69' title="bbox 959 2232 1599 2274; baseline 0.005 -11"><span class='ocrx_word' id='word_1_421' title='bbox 959 2243 1052 2272; x_wconf 86' lang='lat' dir='ltr'>rum,</span> <span class='ocrx_word' id='word_1_422' title='bbox 1087 2232 1251 2274; x_wconf 81' lang='lat' dir='ltr'>quidquid</span> <span class='ocrx_word' id='word_1_423' title='bbox 1282 2232 1341 2263; x_wconf 83' lang='lat' dir='ltr'>ille</span> <span class='ocrx_word' id='word_1_424' title='bbox 1371 2233 1464 2264; x_wconf 88' lang='lat' dir='ltr'>velit.</span> <span class='ocrx_word' id='word_1_425' title='bbox 1513 2234 1599 2266; x_wconf 88' lang='lat' dir='ltr'>Nam</span> 
     </span>
     <span class='ocr_line' id='line_1_70' title="bbox 960 2277 1599 2319; baseline 0.003 -11"><span class='ocrx_word' id='word_1_426' title='bbox 960 2277 1053 2308; x_wconf 81' lang='lat' dir='ltr'>aliud</span> <span class='ocrx_word' id='word_1_427' title='bbox 1096 2277 1178 2319; x_wconf 87' lang='lat' dir='ltr'>quid</span> <span class='ocrx_word' id='word_1_428' title='bbox 1219 2281 1307 2308; x_wconf 82' lang='lat' dir='ltr'>certe</span> <span class='ocrx_word' id='word_1_429' title='bbox 1343 2278 1514 2318; x_wconf 88' lang='lat' dir='ltr'>requirere</span> <span class='ocrx_word' id='word_1_430' title='bbox 1550 2280 1599 2310; x_wconf 89' lang='lat' dir='ltr'>vi-</span> 
     </span>
     <span class='ocr_line' id='line_1_71' title="bbox 959 2321 1600 2364; baseline 0.005 -11"><span class='ocrx_word' id='word_1_431' title='bbox 959 2322 1080 2354; x_wconf 84' lang='lat' dir='ltr'>dentur</span> <span class='ocrx_word' id='word_1_432' title='bbox 1111 2333 1169 2363; x_wconf 86' lang='lat' dir='ltr'>ea,</span> <span class='ocrx_word' id='word_1_433' title='bbox 1205 2333 1291 2363; x_wconf 84' lang='lat' dir='ltr'>quae</span> <span class='ocrx_word' id='word_1_434' title='bbox 1321 2333 1351 2364; x_wconf 91' lang='lat' dir='ltr'>p.</span> <span class='ocrx_word' id='word_1_435' title='bbox 1379 2321 1453 2355; x_wconf 79' lang='lat'>462.</span> <span class='ocrx_word' id='word_1_436' title='bbox 1480 2324 1520 2357; x_wconf 89' lang='lat' dir='ltr'>A.</span> <span class='ocrx_word' id='word_1_437' title='bbox 1553 2324 1600 2356; x_wconf 87' lang='lat' dir='ltr'>le—</span> 
     </span>
     <span class='ocr_line' id='line_1_72' title="bbox 957 2368 1598 2410; baseline 0.003 -12"><span class='ocrx_word' id='word_1_438' title='bbox 957 2372 1094 2410; x_wconf 86' lang='lat' dir='ltr'>guntur,</span> <span class='ocrx_word' id='word_1_439' title='bbox 1118 2368 1179 2398; x_wconf 87' lang='lat' dir='ltr'>ubi</span> <span class='ocrx_word' id='word_1_440' title='bbox 1199 2368 1357 2399; x_wconf 78' lang='lat' dir='ltr'>Socrates</span> <span class='ocrx_word' id='word_1_441' title='bbox 1380 2368 1480 2400; x_wconf 90' lang='lat' dir='ltr'>alteri</span> <span class='ocrx_word' id='word_1_442' title='bbox 1503 2369 1598 2410; x_wconf 85' lang='lat' dir='ltr'>quid-</span> 
     </span>
     <span class='ocr_line' id='line_1_73' title="bbox 959 2412 1597 2455; baseline 0.005 -12"><span class='ocrx_word' id='word_1_443' title='bbox 959 2413 1040 2454; x_wconf 86' lang='lat' dir='ltr'>quid</span> <span class='ocrx_word' id='word_1_444' title='bbox 1071 2412 1278 2444; x_wconf 84' lang='lat' dir='ltr'>retraetandi</span> <span class='ocrx_word' id='word_1_445' title='bbox 1309 2413 1445 2444; x_wconf 85' lang='lat' dir='ltr'>veniam</span> <span class='ocrx_word' id='word_1_446' title='bbox 1477 2413 1597 2455; x_wconf 87' lang='lat' dir='ltr'>imper-</span> 
     </span>
     <span class='ocr_line' id='line_1_74' title="bbox 958 2457 1598 2499; baseline 0.003 -10"><span class='ocrx_word' id='word_1_447' title='bbox 958 2459 1050 2489; x_wconf 87' lang='lat' dir='ltr'>titur.</span> <span class='ocrx_word' id='word_1_448' title='bbox 1071 2457 1190 2499; x_wconf 82' lang='lat' dir='ltr'>ltaque</span> <span class='ocrx_word' id='word_1_449' title='bbox 1201 2457 1307 2488; x_wconf 90' lang='lat' dir='ltr'>multo</span> <span class='ocrx_word' id='word_1_450' title='bbox 1321 2458 1431 2499; x_wconf 84' lang='lat' dir='ltr'>aptior</span> <span class='ocrx_word' id='word_1_451' title='bbox 1443 2458 1598 2491; x_wconf 84' lang='lat' dir='ltr'>videatur</span> 
     </span>
     <span class='ocr_line' id='line_1_75' title="bbox 958 2503 1593 2545; baseline 0.002 -10"><span class='ocrx_word' id='word_1_452' title='bbox 958 2503 1127 2535; x_wconf 82' lang='lat' dir='ltr'>sententia</span> <span class='ocrx_word' id='word_1_453' title='bbox 1169 2513 1189 2534; x_wconf 85' lang='lat' dir='ltr'>a</span> <span class='ocrx_word' id='word_1_454' title='bbox 1224 2503 1379 2534; x_wconf 87' lang='lat' dir='ltr'>Ficino</span> <span class='ocrx_word' id='word_1_455' title='bbox 1416 2514 1593 2545; x_wconf 82' lang='lat' dir='ltr'>expressa:</span> 
     </span>
     <span class='ocr_line' id='line_1_76' title="bbox 957 2547 1598 2591; baseline 0 -11"><span class='ocrx_word' id='word_1_456' title='bbox 957 2553 1085 2589; x_wconf 85' lang='lat' dir='ltr'>atque</span> <span class='ocrx_word' id='word_1_457' title='bbox 1119 2558 1193 2589; x_wconf 84' lang='lat' dir='ltr'>ego</span> <span class='ocrx_word' id='word_1_458' title='bbox 1226 2547 1382 2579; x_wconf 89' lang='lat' dir='ltr'>lubens</span> <span class='ocrx_word' id='word_1_459' title='bbox 1408 2549 1487 2580; x_wconf 89' lang='lat' dir='ltr'>tibi</span> <span class='ocrx_word' id='word_1_460' title='bbox 1510 2559 1598 2591; x_wconf 89' lang='lat' dir='ltr'>per-</span> 
     </span>
     <span class='ocr_line' id='line_1_77' title="bbox 957 2593 1594 2634; baseline 0.002 -10"><span class='ocrx_word' id='word_1_461' title='bbox 957 2594 1099 2632; x_wconf 82' lang='lat' dir='ltr'>mitto,</span> <span class='ocrx_word' id='word_1_462' title='bbox 1132 2596 1196 2633; x_wconf 83' lang='lat' dir='ltr'>ut,</span> <span class='ocrx_word' id='word_1_463' title='bbox 1237 2594 1274 2624; x_wconf 85' lang='lat' dir='ltr'>si</span> <span class='ocrx_word' id='word_1_464' title='bbox 1305 2593 1407 2634; x_wconf 86' lang='lat' dir='ltr'>quid</span> <span class='ocrx_word' id='word_1_465' title='bbox 1440 2604 1594 2634; x_wconf 88' lang='lat' dir='ltr'>eorum,</span> 
     </span>
     <span class='ocr_line' id='line_1_78' title="bbox 957 2643 1593 2679; baseline 0.003 -11"><span class='ocrx_word' id='word_1_466' title='bbox 957 2648 1062 2679; x_wconf 87' lang='lat' dir='ltr'>quae</span> <span class='ocrx_word' id='word_1_467' title='bbox 1104 2647 1319 2670; x_wconf 82' lang='lat' dir='ltr'>concessa</span> <span class='ocrx_word' id='word_1_468' title='bbox 1357 2643 1472 2678; x_wconf 85' lang='lat' dir='ltr'>sunt,</span> <span class='ocrx_word' id='word_1_469' title='bbox 1512 2649 1593 2670; x_wconf 86' lang='lat' dir='ltr'>non</span> 
     </span>
    </p>
   </div>
  </div>
 </body>
</html>
