1687 2969
422 169 665 208 GORGIAS.
695 169 738 206 P.
771 172 862 206 509.
897 170 987 205 510.
1019 168 1077 205 ed.
1110 167 1164 205 St.
1399 164 1475 202 287

125 273 283 331 Ὁρᾷς,
326 271 359 318 ὦ
392 274 635 329 Σώκρατες,
677 277 734 325 ὡς
762 276 844 330 ἐγὼ
873 275 1038 329 ἕτοιμός
1066 276 1148 329 εἰμι.
1177 273 1383 321 ἐπαινεῖν,

132 358 168 384 τι
194 345 332 391 καλῶς
355 342 501 397 λέγῃςς
530 343 655 384 τοῦτό
682 358 754 396 μοι
784 342 920 389 δοκεῖς
950 342 1065 382 πάνυ
1094 343 1231 387 καλῶς
1260 335 1479 391 εἰρηκέναι..

221 409 327 467 Cap.
359 410 522 452 LXVI.
581 408 742 448 Σκόπει
782 407 833 460 δὴ
870 406 940 448 καὶ
968 407 1062 448 τόδε
1093 405 1166 447 ἐάν
1196 416 1263 446 σοι
1292 404 1405 444 δοκῶ
1435 398 1480 443 εὗ

134 475 282 530 λέγειν.
313 477 437 530 φίλος
458 492 530 529 μοι
560 476 677 516 δοκεῖ
702 474 878 523 ἕκαστος
906 472 1065 530 ἑκάστῳ
1095 470 1204 514 εἶναι
1233 474 1290 521 ὡς
1317 468 1411 513 οἷόν
1439 486 1482 512 τε

134 543 333 596 μάλιστα,
381 542 511 593 ὅνπερ
552 541 594 581 οἵ
629 541 801 581 παλαιοί
837 555 879 580 τε
920 539 990 580 καὶ
1032 539 1159 592 σοφοὶ
1198 538 1417 591 λέγουσιν,
1459 537 1482 577 ὁ

138 607 284 661 ὅμοιος
321 609 380 663 τῷ
419 606 566 660 ὁμοίῳ.
607 607 659 647 ού
695 606 765 647 καὶ
802 606 891 654 σοί;
954 607 1088 645 ΚΑΛ.
1131 601 1314 657 ’Έμοιγε
1381 604 1482 643 ΣΩ.

142 674 316 714 Οὐκοῦν
353 672 464 713 ὅπου
502 672 713 724 τύραννός
751 671 863 712 ἐστιν
897 673 1039 724 ἅρχων
1080 673 1228 723 ἄγριος
1265 668 1335 710 καὶ
1363 669 1483 708 ἀπαί-

139 740 312 787 δευτος,
352 737 390 778 εἴ
424 753 486 786 τις
521 739 678 779 τούτου
719 736 765 777 ἐν
804 743 853 789 τῇ
895 737 1012 777 πόλει
1049 735 1160 776 πολὺ
1198 735 1373 786 βελτίων
1409 734 1483 787 εἴη,

141 805 322 857 φοβοῖτο
344 803 485 856 δήπου
509 802 562 843 ἂν
585 802 717 843 αὐτὸν
741 802 764 843 ὁ
786 803 997 854 τύραννος
1017 802 1085 842 καὶ
1115 801 1252 855 τούτῳ
1284 799 1324 849 ἐξ
1353 799 1484 839 ἅπαν-

1426 274 1546 315 o'c'vB

138 885 210 918 τος
259 873 337 910 τοῦ
382 876 464 910 νοῦ
516 870 595 910 οὐκ
645 871 700 909 ἄν
749 882 849 909 ποτε
886 868 1061 908 δύναιτο
1103 867 1226 919 φίλος
1265 864 1488 918 γενέσθα1,,·
1522 866 1556 910 C

147 937 280 975 KAA.
308 930 437 975 ”an
464 940 609 975 ταῦτα.
667 935 764 974 ΣΩ.
820 931 929 974 Οὐδὲ
960 947 1005 986 γε
1035 932 1073 973 εἴ
1097 948 1158 980 τις
1186 930 1297 973 πολὺ
1328 932 1486 983 φαυλό-

141 1057 252 1099 spatia
286 1056 482 1089 idemtidem
513 1057 659 1099 repetita
689 1057 833 1090 dicatur.
882 1056 980 1096 Quod
1011 1057 1123 1098 ipsum
1155 1056 1220 1088 hoe
1245 1056 1320 1087 loeo
1345 1056 1392 1087 ita
1415 1056 1487 1086 fiori

139 1107 310 1144 putamus.
358 1103 445 1135 Nam
471 1101 565 1136 ὅπως
590 1100 633 1145 μὴ
658 1099 870 1145 ἀδικήσομεν
895 1102 1120 1144 significaret:
1154 1106 1200 1133 ut
1231 1112 1281 1133 ne
1313 1112 1426 1142 quan
1439 1101 1487 1131 do

140 1148 308 1180 iniuste
339 1148 557 1180 faciamus
588 1148 643 1179 vel
676 1149 850 1179 omnino
884 1148 1046 1179 iniusti
1080 1148 1232 1187 simus,
1268 1148 1382 1178 futuro
1407 1151 1487 1177 tem-

141 1204 239 1235 pore,
263 1193 539 1235 quandocunque
565 1195 639 1227 erit.
687 1194 794 1234 Atqui
817 1193 852 1224 id
878 1194 919 1225 ab
945 1194 1020 1234 ipsa
1045 1194 1215 1224 sententia
1240 1193 1391 1223 alienum
1415 1204 1488 1223 csse

141 1242 253 1280 patet,
286 1249 372 1280 quae
396 1240 508 1280 potius
533 1238 598 1270 hoc
624 1239 782 1280 requirit:
818 1243 863 1270 ut
887 1249 936 1270 ne
962 1238 1213 1269 idemtidem
1238 1238 1411 1269 iniuste
1436 1239 1488 1269 fa-

143 1284 328 1323 ciamus,
353 1283 444 1325 quod
463 1283 502 1316 fit
526 1284 672 1325 singulis
697 1285 807 1326 iisque
832 1295 891 1325 pro
917 1295 1029 1315 rerum
1054 1283 1250 1315 conditione
1275 1287 1309 1314 et
1332 1288 1489 1325 opportu-

143 1330 248 1360 nitate
272 1340 381 1371 usque
405 1330 558 1371 repetitis
582 1330 720 1361 iniustis
744 1329 952 1361 actionibus.

211 1373 321 1417 ἢπερ
358 1374 471 1417 ἐμοί]
504 1375 544 1406 V.
577 1375 664 1416 ῄπερ
701 1378 733 1406 et
765 1374 842 1406 dein
869 1370 1093 1406 7186.Ιῖοοῐο
1118 1375 1193 1405 Pa1.
1218 1374 1311 1405 VW.
1344 1374 1434 1405 Flor.
1458 1385 1489 1405 a.

142 1418 387 1461 1).0.1“.ἥπερ
413 1424 446 1452 et
471 1420 571 1451 Vind.
597 1418 629 1452 2.
653 1420 683 1452 6.
716 1420 802 1452 Ven.
822 1419 862 1465 Σ
894 1421 970 1451 Par.
995 1420 1061 1451 IV
1088 1417 1158 1462 ἥδε.
1196 1420 1366 1461 Deinceps
1386 1419 1489 1461 vulgo

143 1464 206 1496 δεῖ.
253 1465 319 1496 Sed
350 1465 576 1504 infinitivum,
615 1471 776 1506 sequente
809 1461 899 1496 εἶιαι
932 1466 999 1496 iam
1032 1476 1092 1506 per
1128 1476 1163 1496 se
1195 1465 1278 1496 satis
1309 1466 1489 1504 munitum⁷

143 1513 281 1541 tuentur
304 1510 380 1541 Vat.
415 1510 519 1542 Coisl.
544 1511 630 1542 Ven.
657 1510 738 1542 ΞΣ.
777 1511 880 1542 Vind.
904 1509 935 1544 2
961 1510 991 1542 6.
1029 1512 1104 1542 Par.
1130 1510 1365 1542 CEFIVW
1400 1511 1490 1541 F·1‹›1.

143 1565 173 1586 a.
198 1555 230 1586 b.
255 1566 283 1586 0.
307 1555 338 1587 d.
363 1556 386 1586 f.
410 1566 453 1589 m.
479 1567 508 1587 ο.
534 1567 560 1587 s.
585 1557 673 1597 Aug.
698 1556 794 1587 Bodl.
844 1557 933 1587 Tum
964 1555 1018 1586 καὶ
1045 1560 1122 1586 ante
1149 1560 1352 1595 τυρατἩεῖι
1386 1557 1489 1598 vulgo

145 1601 322 1641 omissum,
346 1611 422 1632 eum
449 1600 565 1634 Clark.
592 1601 668 1632 Vat.
695 1601 799 1633 Coisl.
825 1601 943 1642 optimi
968 1601 1094 1641 quique
1118 1601 1305 1632 firmarunt.

213 1645 394 1687 ἑταῖροπ
420 1641 488 1677 siz
499 1645 560 1689 αι]
588 1645 694 1678 Codd.
719 1647 871 1688 plerique
897 1658 948 1677 ετε
955 1658 1029 1686 101
1054 1646 1174 1678 eiebra
1198 1646 1408 1678 confusione.

145 1769 476 1808 Buttmannum,
526 1770 583 1811 qui
625 1773 664 1800 ut
706 1769 784 1811 τῇδε

145 1825 205 1856 pro
222 1810 285 1856 ᾖδε
301 1814 484 1857 legendum
503 1825 577 1846 esse
603 1816 784 1854 evinoeiet,

145 1859 205 1902 ἥδε
242 1864 422 1902 propterea
459 1860 540 1892 ferri
578 1871 646 1892 non
684 1871 784 1901 posse

145 1905 321 1945 iudicavit,
347 1905 437 1947 quod
453 1906 541 1937 male
556 1907 785 1947 praemittere-

146 1955 201 1982 tur
216 1950 348 1982 duabus
364 1952 417 1983 his
433 1950 562 1992 τέχναις
576 1962 637 1993 per
659 1951 785 1993 duplex

147 1994 167 2037 ἥ
190 1995 369 2027 distinctis.

193 2040 276 2082 Cap.
302 2041 424 2072 LXVI.
466 2042 504 2072 B.
546 2041 563 2072 δ
575 2052 644 2072 one
659 2046 673 2073 ἷ
696 2041 784 2072 ἔκα-

149 2095 251 2119 στος
290 2105 333 2109 —
374 2089 425 2128 τῷ
479 2084 634 2128 ὁμοίω]
695 2087 785 2118 Ordo

147 2132 326 2162 verborum
358 2131 415 2162 hic
447 2136 515 2162 est·
552 2129 569 2161 ὁ
600 2130 716 2170 ὅμ,οιο
743 2135 786 2174 τῷ

149 2174 268 2219 ὁμοίω
302 2175 351 2208 ὅ1
343 2188 407 2217 περ
441 2176 476 2207 οἱ
507 2178 646 2208 παλαιοί
673 2188 706 2208 τε
732 2178 785 2208 καὶ

152 2222 257 2261 σοφοὶ
274 2221 420 2264 λέγωσι,
447 2222 544 2253 δοκεῖ
558 2233 612 2260 μοι
637 2219 682 2255 ὠς
708 2218 787 2253 οἶόν

149 2277 182 2297 τε
217 2265 355 2305 μάλιστα
394 2268 493 2306 01109
524 2269 571 2299 elz
576 2279 614 2298 αι
646 2267 786 2299 ἕκαστος

149 2309 303 2353 ἑκάστῳι
329 2312 435 2352 Ι110,
460 2313 533 2353 qui
555 2312 716 2343 similis
738 2314 787 2343 si-

150 2356 248 2387 mili
272 2361 354 2396 est,
379 2368 588 2399 quemque
613 2362 786 2389 veteres

150 2402 378 2442 sapientes
448 2407 788 2435 commemorant

150 2447 348 2488 saepius,
382 2448 562 2480 videtur
591 2448 700 2479 mihi
725 2452 786 2479 etc.

150 2493 281 2532 Monui,
304 2503 348 2524 ne
364 2494 421 2523 0111
434 2494 470 2524 in
485 2498 633 2525 mentem
658 2494 789 2525 veniret

150 2535 233 2578 ὅπερ
279 2536 447 2577 seribere,
495 2539 584 2580 quod
625 2539 691 2570 fuit
730 2540 788 2580 qui

149 2582 381 2623 reponendum
434 2594 507 2614 esse
561 2583 788 2615 contenderet.

151 2627 352 2668 Appellatur
383 2627 468 2659 haee
491 2630 661 2660 sententia
685 2630 788 2660 etiam

150 2673 182 2703 in
207 2673 361 2714 Sympos.
387 2683 417 2714 p.
441 2671 515 2705 195.
540 2675 577 2706 B.
602 2672 700 2715 λόγος
727 2686 787 2704 πα-

149 2715 248 2749 λαιός.
284 2718 400 2759 Lysid.
426 2729 457 2759 p.
481 2718 557 2750 214.
582 2720 629 2750 B:
655 2718 787 2750 οὖκυῦι·

855 1770 908 1800 και
932 1774 1000 1801 τοῖς
1027 1773 1094 1801 τῶι
1121 1768 1384 1809 σοφωτάτωι
1410 1780 1490 1824 σι’·ῖγ

854 1813 1050 1856 γράμμασι]
1094 1813 1333 1857 ἐιτεῑύχηκας,
1390 1813 1492 1846 ταῦτὰ

855 1863 956 1891 ταῦτα
992 1860 1168 1901 λέγωσιν,
1209 1859 1257 1892 ὅτι
1297 1859 1331 1891 τὸ
1373 1858 1492 1899 ὅιιοιοι·

856 1918 899 1948 τῳ
917 1903 1026 1948 otiolo)
1041 1903 1174 1953 ἁπάγκη
1188 1903 1242 1937 αεὶ
1262 1907 1366 1945 φίλοι
1383 1917 1436 1937 etz
1439 1918 1490 1939 αι

854 1951 923 1982 emi
960 1950 998 1982 δέ
1031 1963 1097 1982 που
1131 1954 1227 1983 οὑτοι
1259 1952 1293 1982 οἱ
1318 1952 1396 1990 περὶ
1426 1950 1491 1991 (μ’-

856 1996 942 2029 oecis
973 2008 1005 2027 τε
1039 1998 1092 2027 καὶ
1130 2000 1189 2029 τοῦ
1223 1995 1303 2028 ὅλοι
1339 1995 1490 2038 διαλεγό-

854 2053 952 2080 μεϊοι
989 2043 1042 2073 καὶ
1080 2040 1282 2084 γράφοντες.
1325 2053 1356 2072 V.
1390 2043 1490 2073 etiam

855 2089 1030 2128 P10t1g01
1061 2098 1091 2128 p
1117 2086 1193 2119 337.
1218 2088 1259 2118 D.
1296 2088 1402 2129 Legg
1435 2088 1492 2119 Vl.

855 2144 886 2174 p.
913 2131 987 2164 773
1012 2134 1049 2163 B.
1082 2133 1225 2164 Phaedr.
1243 2143 1281 2186 p.
1306 2132 1382 2164 240.
1409 2133 1445 2166 0.

901 2177 968 2208 καὶ
1003 2176 1133 2220 τούτῳ
1167 2177 1212 2218 ἐξ
1235 2177 1302 2208 din
1329 2177 1490 2220 z.1·.—-]

856 2223 1046 2264 Repentina
1062 2223 1209 2254 subiecti
1226 2223 1379 2254 mutatio.
1405 2224 1492 2254 Nam

855 2268 898 2298 ad
939 2266 1077 2299 δύναιτο
1118 2268 1380 2310 intelligendum
1420 2280 1492 2300 esse

856 2324 872 2343 ο
900 2313 1059 2353 βελτιωι,
1093 2314 1135 2345 ad
1169 2313 1276 2356 τούτῳ
1310 2318 1422 2346 autem
1449 2327 1493 2345 τι)

857 2370 893 2388 τ1
901 2356 1030 2401 posim),
1060 2370 1102 2390 ex
1126 2359 1239 2390 verbis
1264 2369 1354 2400 seqq
1402 2357 1494 2391 Οὐδ-ι

855 2415 893 2445 γε
917 2403 954 2434 εἰ
971 2415 1015 2437 τις
1034 2423 1078 2427 —
1097 2401 1172 2436 οὐδ’
1198 2402 1242 2435 ἂι
1267 2417 1369 2438 omos
1393 2416 1494 2446 appa-

856 2452 906 2480 let
937 2453 969 2479 et
999 2451 1067 2481 iam
1099 2461 1119 2481 a
1153 2450 1344 2482 Routhio
1381 2451 1494 2482 obser-

856 2498 973 2525 vatum
998 2498 1060 2527 est.
1095 2495 1160 2527 Sed
1186 2500 1314 2537 quanta
1338 2497 1492 2527 libertate

857 2540 981 2570 Graeci
1010 2540 1076 2572 1100
1107 2541 1142 2571 111
1172 2552 1296 2582 genere
1328 2542 1381 2571 usi
1415 2541 1493 2579 sint,

856 2584 967 2615 discas
999 2596 1040 2616 ex
1075 2586 1135 2625 iis,
1168 2596 1254 2627 quae
1279 2586 1494 2626 collegerunt

857 2630 1086 2662 Heindorf.
1108 2632 1150 2662 ad
1175 2632 1208 2662 h.
1232 2632 1253 2662 l.
1278 2630 1321 2662 ad
1344 2631 1494 2672 Euthyd.

856 2685 887 2716 p.
912 2674 988 2707 275.
1014 2677 1050 2707 B.
1095 2677 1271 2707 Tlieaetet.
1296 2687 1326 2717 p.
1354 2675 1429 2707 148.
1456 2677 1493 2707 B.

857 2720 1029 2752 Phaedon.
1066 2732 1097 2763 p.
1134 2721 1186 2753 72.
1222 2722 1258 2753 C.
1316 2722 1492 2762 Protagor.
