1687 2969
161 288 198 329 E
229 284 364 335 ἀνδρί.

114 805 191 845 471

233 178 249 212 1
259 179 280 213 6
287 179 309 212 O
782 178 1040 217 PLATON1S

423 285 564 325 ΠΩΛ.
621 285 669 324 Τί
698 282 766 334 (55,-
806 288 1119 339 συγγενόμενος
1149 286 1203 326 ἂν
1230 287 1396 341 γνοίης,
1439 290 1574 337 ἄλλως

229 349 273 390 δὲ
301 345 487 390 αὐτόθεν
515 344 568 389 οὐ
596 350 854 402 γιγνώσκεις,
883 350 946 391 ὅτι
975 347 1237 404 εὐδαιμονεῖς
1268 354 1364 392 ΣΩ..
1394 353 1474 394 Μὰ
1503 355 1574 394 Δί’

229 412 281 455 οὐ
308 415 423 467 δῆτα.
482 416 623 454 ΠῼΛ.
663 417 810 468 Δῆλον
839 416 913 469 δή,
947 411 978 456 ὦ
1009 417 1246 468 Σώκρατες,
1278 413 1342 458 ὅτι
1370 416 1470 458 οὐδὲ
1499 416 1575 459 τὸν

227 479 361 532 μέγαν
392 477 566 531 βασιλέα
594 481 844 532 γιγνώσκειν
874 482 1021 534 φήσεις
1050 478 1282 534 εὐδαίμονα
1311 484 1427 522 ὄντα.
1477 484 1574 523 ΣΩ.

231 544 317 584 Καὶ
347 537 488 597 ἀληθῆ
517 559 562 597 γε
586 543 685 596 ἐρῶ·
717 541 771 586 οὐ
800 545 880 598 γὰρ
910 542 1008 586 οἶδα
1037 547 1228 594 παιδείας
1258 543 1371 595 ὅπως
1399 545 1478 600 ἔχει
1507 547 1575 588 καὶ

228 609 512 662 δικαιοσύνης.
571 612 714 651 mm.
752 611 801 650 Τί
818 610 885 659 δέ;
917 610 961 651 ἐν
981 612 1118 665 τούτῳ
1142 611 1169 664 ἡ
1189 619 1304 652 πᾶσα
1325 612 1576 666 εὐδαιμονία

229 672 366 722 ἐστίνς
417 675 512 714 ΣΩ.
547 671 627 723 Γ’.Ως
664 690 710 728 γε
751 674 832 727 ἐγὼ
859 673 990 728 λέγω,
1036 671 1068 715 ὦ
1100 679 1240 717 Πώλε·
1283 677 1359 717 τὸν
1388 676 1464 730 μὲν
1492 677 1573 730 γὰρ

227 738 359 778 καλὸν
409 739 606 791 καγαθὸν
661 740 796 792 ἄνδρα
845 740 914 781 καὶ
956 744 1141 793 γυναῖκα
1193 738 1426 795 εὐδαίμονα
1466 738 1575 783 εἶναί

218 818 361 877 ,φημι,
411 806 487 844 τὸν
538 802 581 844 δε
628 805 777 845 ἄδικον
826 804 894 845 καὶ
943 806 1134 859 πονηρὸν
1183 809 1349 847 ἄθλιον.
1430 809 1572 848 ΠΩΛ.

218 863 393 916 ”Aeacos
415 871 498 921 c'c'9oc
519 862 642 917 οὗτός
663 868 775 909 ἐστιν
798 870 821 910 ὁ
838 866 1057 923 Ἀρχέλαος
1078 870 1184 911 κατὰ
1205 873 1280 912 τὸν
1309 872 1386 912 σὸν
1414 872 1571 924 λόγον·
1561 904 1571 921 ,

229 934 325 974 ΣΩ.
356 933 494 985 Εἰπερ
531 948 590 986 γε
632 929 664 974 ὦ
694 935 801 986 φίλε,
842 935 999 984 ἄδικος.
1061 938 1202 976 ΠΩΛ.
1254 931 1386 976 Ἀλλὰ
1414 935 1492 990 μὲν
1520 937 1572 990 δὴ

179 1026 182 1028 -
228 1001 318 1046 πῶς
359 994 439 1039 οὐκ
477 998 645 1046 α’δικοςς
686 998 718 1051 ᾡ
759 1013 805 1051 γε
844 1006 1024 1053 προςῆκε
1059 999 1140 1118 μὲν
1168 1007 1241 1052 τῆς
1270 1002 1399 1054 ἀρχῆς
1429 997 1569 1043 οὐδέν.

227 1063 282 1116 ἣν
319 1078 401 1103 νυν
440 1061 544 1116 ε’χει,
587 1066 677 1104 ὄντι
717 1062 762 1104 ἐκ
790 1065 1015 1116 γυναικός,
1059 1068 1165 1118 ηήν
1196 1066 1327 1118 δούλη
1352 1063 1570 1115 Ἀλκέτου,

228 1135 304 1170 τοῦ
326 1129 568 1181 Περδίκκου
587 1128 791 1181 ἀδελφοῦ,
822 1129 889 1170 καὶ
912 1132 1018 1170 κατὰ
1040 1084 1116 1183 μὲν
1147 1129 1193 1171 τὸ
1222 1131 1389 1172 δίκαιον
1418 1132 1573 1179 δοῦλος

293 1297 332 1328 Ε.
383 1296 433 1327 Τι’
456 1295 518 1334 ὄὲ;
545 1294 795 1338 συγγενόμ]
824 1295 861 1327 δέ
886 1296 1001 1328 Clark.
1026 1297 1103 1328 Vat.
1128 1297 1214 1331 Ven.
1242 1297 1321 1328 ΞΣ.
1349 1297 1476 1339 aliique
1501 1308 1569 1330 non

225 1342 335 1384 pauci.
383 1341 449 1372 Sed
472 1341 581 1372 Bekk.
609 1348 641 1372 et
666 1342 764 1372 Turr.
790 1340 856 1372 δαί.
904 1342 987 1373 Mox
1010 1342 1086 1373 Par.
1112 1342 1136 1374 I.
1165 1342 1209 1374 Τι’
1231 1340 1308 1375 δαι’.·
1334 1341 1374 1374 ἐν
1400 1355 1422 1374 τ.

295 1386 342 1418 ἐι*
368 1384 498 1427 τούτῳ
524 1384 543 1428 ἡ
570 1385 700 1428 πᾶσα]
726 1387 783 1418 Sic
808 1386 884 1417 Vat.
911 1386 1014 1418 Coisl.
1040 1387 1124 1419 Ven.
1153 1387 1232 1418 ΞΣ.
1266 1387 1367 1419 vind.
1388 1387 1417 1422 1.
1440 1386 1474 1419 2.
1490 1387 1520 1420 6.
1539 1386 1568 1420 7.

226 1432 301 1465 Par.
327 1431 444 1462 IVW.
478 1431 568 1463 Flor.
593 1442 626 1462 X.
661 1431 774 1473 Vulgo
800 1434 892 1463 πᾶσα
918 1429 935 1473 ἡ
961 1429 1091 1470 εὐδαιμ.

291 1477 329 1508 Ρ.
353 1475 430 1508 471.
479 1475 720 1508 ἐδούλευεν
745 1474 814 1518 ἂν]
841 1477 881 1508 V.
899 1475 1116 1508 ἐδούλευσεν.
1155 1476 1222 1508 Sed
1247 1477 1410 1509 aoristum
1433 1482 1570 1509 tuentur

225 1532 303 1553 cum
322 1522 398 1553 Par.
415 1521 479 1552 ΒΕ
491 1522 747 1564 Ε-ρ311015511111
764 1521 958 1560 deteriores,
983 1523 1065 1553 boni
1089 1522 1157 1554 fere
1182 1522 1279 1553 nulli.
1305 1533 1337 1553 v.
1363 1532 1440 1553 ann.
1480 1523 1569 1553 Tum

224 1566 268 1598 ἂι·
292 1566 396 1608 vulgo
420 1571 497 1607 post
521 1566 565 1608 ηἰ·
597 1567 777 1607 repetitum
811 1567 1014 1598 auctoritate
1046 1567 1141 1599 codd.
1171 1568 1400 1599 exterminare
1429 1567 1570 1609 placuit.

224 1613 295 1644 Nec
320 1616 511 1654 agnoscunt
534 1611 620 1642 illud
644 1612 721 1643 Ald.
748 1618 780 1644 et
804 1612 883 1643 Bas.
909 1611 940 1643 1.

292 1654 518 1695 εὐδαίμων
544 1654 645 1688 κατὰ
672 1655 713 1689 τὸ
732 1669 749 1687 1·
776 1654 853 1689 σὸιΙ
878 1655 1030 1699 λόγον]
1063 1657 1177 1700 Vulgo
1202 1668 1239 1700 γε
1263 1662 1341 1699 post
1365 1654 1445 1688 κατὰ
1468 1657 1571 1689 inter-

977 1814 1014 1845 P.
1045 1812 1122 1846 471.
1169 1811 1285 1845 Ἀλλὰ
1316 1813 1396 1852 μὲν
1429 1812 1477 1856 δὴ
1511 1814 1567 1855 m]

930 1859 1130 1890 Ficinus:
1188 1859 1243 1890 At
1288 1869 1406 1897 vero,
1470 1870 1568 1900 quo-

930 1904 1048 1936 modo
1074 1908 1135 1937 etc.
1185 1902 1284 1935 Unde
1316 1903 1565 1939 Findeisen,

223 1814 278 1846 hic
293 1813 380 1845 liber
398 1814 451 1853 sit,
476 1814 615 1846 Dione
642 1814 861 1855 Chrysost.

225 1860 318 1891 Orat.
351 1859 412 1890 III.
450 1869 482 1900 p.
513 1858 567 1891 36.
611 1863 643 1890 et
682 1859 861 1890 Iuliano

224 1905 317 1937 Orat.
352 1904 394 1934 II.
431 1914 462 1945 p.
488 1902 540 1937 78.
574 1902 651 1935 73³*
687 1904 860 1936 ROUTH.

223 1949 303 1980 Alia
346 1948 514 1980 indicavit
552 1949 729 1990 W'ytten
743 1949 861 1980 bach.

224 1994 266 2026 ad
284 1993 459 2025 Plutarch.
476 1993 597 2025 Moral.
622 1994 661 2025 T.
685 1994 711 2025 I.
736 2004 768 2035 p.
787 1992 861 2026 102.

223 2039 275 2071 ed.
308 2039 421 2070 Oxon.
459 2057 501 2063 —-
545 2039 628 2070 Mox
668 2036 862 2071 αὐτόθεν

223 2095 292 2117 11011
325 2088 376 2115 est
406 2094 482 2126 per
514 2088 552 2115 te
577 2084 671 2125 ipse
696 2095 721 2115 s.
748 2094 795 2115 ex
821 2088 860 2115 te

223 2131 334 2171 ipse,
378 2135 417 2161 ut
453 2129 694 2170 interpretatur
732 2129 860 2161 Hein-

223 2174 413 2213 dorfius,
463 2173 521 2206 sed
561 2185 611 2205 ex
649 2174 742 2215 ipso
783 2174 860 2205 hoc

223 2220 338 2257 loco,
358 2219 433 2250 ubi
450 2229 688 2258 versamur,
709 2230 774 2250 ‘con
788 2218 861 2251 1ιὶον

224 2274 298 2303 aus,
323 2265 345 2296 i.
361 2275 389 2296 e.
409 2264 565 2296 Athenis.
601 2264 747 2295 Dixerat
769 2265 860 2295 enim

223 2310 399 2341 Socrates:
448 2307 489 2340 οὐ
533 2308 597 2351 γάρ
647 2320 698 2340 πω
741 2308 859 2351 συγγέ-

222 2365 307 2395 γονα
325 2357 369 2396 τῷ
386 2351 501 2394 ἀνδρί,
526 2359 563 2385 ut
580 2364 741 2395 praesens
765 2364 860 2395 prae-

222 2402 350 2430 sentem
371 2398 507 2430 demum
531 2399 687 2430 videatur
708 2399 860 2430 iudicare

221 2443 321 2475 velle.
346 2444 397 2475 De
413 2453 479 2474 usu
494 2453 568 2475 voc.
586 2454 618 2473 v.
645 2443 860 2476 Sohaefer.

223 2488 265 2520 ad
288 2488 432 2520 Theocr.
449 2488 558 2527 XXV,
583 2487 658 2520 171.

266 2533 304 2565 E.
355 2532 558 2565 παιδείας
597 2532 713 2566 ὅπως
754 2531 857 2575 ἔχει]

222 2578 360 2610 Ciceroz
387 2589 437 2610 an
463 2589 537 2619 ego
562 2579 742 2619 possim,
767 2588 859 2609 cum

222 2624 434 2665 ignorem,
466 2633 587 2663 quam
613 2624 669 2653 sit
693 2623 859 2662 doctus,

221 2679 343 2709 quam
367 2669 435 2698 vir
459 2669 610 2700 bonus
645 2668 858 2701 ef.Matth.

221 2714 250 2751 §-
276 2711 353 2744 337.

930 1959 1005 1980 cum
1038 1948 1169 1990 aliquot
1199 1948 1293 1980 codd.
1319 1949 1464 1980 correxit
1487 1946 1571 1980 ἀλλὰ

930 1991 997 2035 μὴν
1028 1992 1088 2036 δή,
1137 1992 1227 2035 qnod
1268 2004 1437 2034 nusquam
1479 1994 1570 2036 apud

928 2038 1054 2080 probos
1099 2039 1279 2080 scriptores
1328 2039 1487 2080 reperias.
1524 2057 1568 2062 —

930 2084 1056 2115 Sex-vae
1085 2083 1139 2114 illi
1170 2094 1293 2115 nomen
1317 2084 1382 2114 fuit
1405 2084 1567 2116 Simiche.

929 2139 960 2160 v.
992 2128 1158 2160 Aelian.
1189 2129 1232 2160 V.
1263 2129 1306 2160 H.
1337 2129 1422 2168 XII,
1445 2128 1500 2161 43.
1524 2148 1567 2152 —

930 2174 1012 2205 Mox
1030 2173 1072 2205 ad
1097 2171 1294 2204 καὶκατὰ
1320 2173 1396 2211 μὲν
1420 2171 1461 2204 τὸ
1486 2172 1563 2205 δι’κ.

931 2218 975 2250 δο
990 2222 1007 2249 s*
1016 2220 1086 2271 λρς
1129 2219 1178 2261 ἠν
1216 2222 1349 2260 repetas
1384 2219 1565 2250 nominati-

929 2274 1009 2295 vum
1034 2262 1082 2300 ὅς
1109 2274 1175 2295 usu
1198 2262 1332 2294 dicendi
1352 2263 1563 2295 ciUebelrimo.

975 2307 1161 2340 εδοιμλει
1173 2319 1216 2339 εν
1245 2306 1297 2339 ἂι
1333 2305 1453 2350 Ἀλκ.]
1501 2309 1564 2340 Im-

928 2354 1113 2395 perfectum
1165 2362 1231 2384 usu
1282 2353 1459 2384 notissimo
1506 2364 1566 2395 pro

928 2399 1054 2430 aoristo
1093 2398 1262 2439 positum,
1308 2402 1346 2429 ut
1385 2401 1493 2429 status
1535 2402 1568 2430 et

929 2443 1078 2475 conditio
1097 2442 1271 2484 praeteriti
1285 2443 1445 2484 temporis
1462 2443 1566 2484 signi-

928 2488 1056 2521 ficetur.
1083 2487 1271 2529 Xenoph.
1297 2488 1397 2519 Mem.
1424 2488 1450 2526 Ι,
1476 2486 1510 2527 l,
1535 2487 1565 2520 5.

929 2532 969 2564 de
995 2533 1149 2564 Socrate.
1189 2533 1292 2573 δῆλον
1324 2532 1470 2574 ἠ1,ὁ’τι
1502 2530 1564 2564 01⁹7.

928 2576 972 2609 ἂι
996 2576 1191 2619 ποοέλεγε]
1219 2577 1253 2608 εἰ
1275 2588 1318 2618 ιιη
1343 2576 1533 2608 ἐπιστειει.

973 2623 1011 2653 Β.
1067 2620 1458 2661 ,ιιεταπεμυάιιει-ος
1509 2618 1562 2653 ὥς

928 2664 1048 2698 α’ποδ.
1074 2678 1102 2697 κ
1130 2679 1153 2697 τ.
1179 2666 1226 2709 L]
1260 2667 1411 2708 Insignis
1436 2671 1485 2697 est
1508 2666 1564 2697 hie

926 2713 1024 2744 locus
1041 2722 1090 2750 eo,
1117 2712 1205 2752 quod
1220 2711 1366 2753 plurima
1383 2711 1564 2752 participia
