1687 2969
775 123 813 127 ἢ
888 103 1050 143 cxxvm
1111 124 1154 129 —-

288 217 409 259 Libr.
443 216 477 257 I.
509 232 552 271 p.
588 218 655 258 63.
681 231 778 271 sqq.
810 216 863 258 Id
894 216 1006 259 enim
1035 216 1269 258 verisimile
1299 215 1350 257 fit
1372 230 1424 257 ex
1447 214 1634 258 Phaedr.

288 290 330 328 p.
363 276 457 316 ⁴227.
491 273 541 314 B.
572 272 647 316 ubi
685 290 726 315 v.
766 280 960 315 annotat.
992 278 1128 316 nostr.
1190 271 1276 315 Sed
1309 272 1429 315 istud
1461 271 1638 328 quidem

288 332 332 371 in
370 330 512 373 medio
552 330 859 387 relinquamus.
936 330 1168 386 Pergimus
1217 329 1365 385 potius
1414 328 1469 370 ad
1512 326 1637 382 illud,

290 387 407 429 unde
438 387 576 428 totius
608 387 669 428 rei
707 387 820 428 ratio
881 387 1012 428 etiam
1062 386 1311 427 accuratius
1346 386 1640 441 perspiciatur

289 444 543 497 rectiusque
574 444 838 485 aestimetur.
900 443 1090 484 Tantum
1117 443 1241 484 abest
1271 441 1398 495 enim,
1429 448 1480 483 ut
1508 441 1638 483 Plato

289 515 439 542 severa
470 501 567 554 ista,
602 516 731 554 quam
762 500 874 556 egit,
907 500 1012 541 artis
1043 500 1258 541 oratoriae
1292 513 1475 540 censura
1505 514 1640 540 unum

288 557 469 614 Lysiam
500 557 675 614 petierit
706 563 750 598 et
779 557 1065 611 corripuerit,
1107 562 1157 597 ut
1186 556 1314 611 longe
1343 556 1482 597 maius
1514 554 1641 609 quid-

290 614 389 655 dam
431 614 711 669 spectaverit.
782 612 938 655 Voluit
977 613 1090 654 enim
1136 613 1290 668 procul
1328 611 1460 653 dubio
1493 627 1640 654 omnes

290 672 466 712 omnino
499 676 693 712 oratores
724 669 794 712 vel
823 670 1021 712 rhetores
1062 685 1087 711 a
1127 669 1375 713 Siculorum
1408 667 1641 723 disciplina

288 728 524 782 profectos,
557 742 644 768 uno
676 733 860 781 excepto
889 727 1101 781 Isocrate,
1131 724 1447 782 reprehendere
1478 731 1521 767 et
1542 740 1640 766 exa-

289 785 451 838 gitare,
485 783 645 839 quippe
678 784 751 838 qui
783 784 865 824 arti
895 798 999 826 suae
1033 784 1199 836 omnia,
1236 781 1544 837 philosophiae
1574 797 1642 823 ra-

290 838 399 882 tioni
442 846 485 880 et
526 840 883 893 conformationi,
939 839 1110 894 qualem
1149 839 1251 880 olim
1298 839 1384 880 iam
1433 838 1640 892 Pericles,

289 898 356 938 vir
386 912 485 938 vere
518 896 720 950 Atticus,
765 896 939 952 plurimi
980 896 1322 949 aestimavisset,
1363 894 1470 936 nihil
1513 895 1642 951 plane

289 954 543 995 tribuerent.
618 952 837 1006 Quocirca
875 952 1057 1010 Lysiam
1096 968 1183 994 non
1224 958 1313 993 tam
1353 966 1475 993 suam
1512 952 1642 994 unius

289 1025 517 1066 personam
559 1025 687 1064 quam
729 1010 877 1065 potius
926 1009 1147 1051 rhetorum
1200 1009 1389 1055 omnium
1437 1008 1514 1049 uni
1559 1008 1642 1050 arti

291 1067 436 1108 omnia
465 1066 750 1108 tribuent-ium
793 1073 936 1122 partes
985 1067 1200 1108 sustinere
1240 1066 1391 1108 voluit.
1460 1065 1513 1106 In
1554 1081 1641 1120 quo

291 1123 490 1165 similiter
504 1129 634 1177 atque
660 1123 852 1164 comicus
864 1123 1187 1179 Aristophanes
1203 1129 1398 1164 versatus
1415 1128 1495 1175 est,
1514 1137 1642 1176 quem

291 1186 466 1222 constat
495 1181 539 1220 in
569 1179 774 1221 Nubibus
806 1179 1033 1222 Socratem
1063 1186 1110 1221 ut
1142 1180 1384 1235 principem
1424 1179 1641 1235 sophista-

289 1253 384 1278 rum
401 1237 734 1293 .perstrinxisse,
768 1237 812 1277 in
843 1236 979 1278 Ranis
1012 1242 1155 1278 autem
1186 1234 1444 1290 Euripidem
1485 1242 1534 1277 ut
1575 1250 1642 1276 ar-

290 1300 494 1350 gutorum
526 1299 570 1334 et
598 1293 790 1335 mollium
820 1294 1087 1350 tragicorum
1125 1292 1279 1334 ducem
1319 1298 1362 1334 et
1392 1293 1642 1349 antesigna-

290 1367 393 1391 num
424 1351 468 1391 in
501 1365 673 1391 scenam
702 1349 984 1405 produxisse,
1017 1356 1067 1391 ut
1097 1349 1224 1391 simul
1254 1348 1477 1404 sophistae
1510 1355 1640 1403 atque

290 1414 444 1462 poetae
477 1406 521 1447 id
552 1421 689 1462 genus
719 1407 877 1461 reliqui
919 1421 1066 1448 omnes
1096 1406 1341 1447 riderentur
1381 1421 1431 1447 ac
1463 1405 1642 1447 delude—

290 1470 453 1505 rentur.
527 1462 668 1516 Quam
697 1464 911 1505 rationem
942 1479 996 1505 ne
1028 1463 1125 1518 quis
1156 1469 1281 1518 putet
1312 1478 1336 1503 a
1368 1462 1641 1519 dialogorum

291 1521 504 1575 scriptore
538 1535 641 1562 esse„
663 1520 927 1574 alieniorem,
962 1521 1129 1577 cogitet
1155 1521 1206 1572 is,
1241 1525 1449 1575 quantum
1480 1534 1641 1576 cogna—

290 1578 424 1619 tionis
453 1591 670 1618 sermones
700 1577 898 1618 Platonis
931 1592 1026 1619 cum
1065 1576 1224 1618 fabulis
1267 1583 1518 1632 poetarum,
1561 1576 1640 1617 im-

289 1634 439 1690 primis
472 1634 753 1687 comicorum,
786 1633 996 1687 habeant,
1048 1633 1377 1687 memineritque
1416 1639 1641 1688 praeterea

292 1690 446 1733 similis
477 1690 653 1731 artificii
689 1690 885 1747 exempla
915 1691 1043 1732 etiam
1073 1691 1118 1732 in
1149 1689 1243 1731 aliis
1265 1689 1517 1745 philosophi
1538 1704 1640 1746 ope-

290 1748 434 1801 ribus,
468 1746 728 1803 Symposio,
760 1747 1026 1803 Protagora,
1071 1747 1335 1802 Republica,
1378 1753 1550 1800 extare,
1595 1746 1640 1787 in

294 1805 452 1859 quibus
482 1803 604 1846 libris
635 1804 834 1845 omnibus
864 1804 1027 1858 passim
1060 1803 1287 1858 loquentes
1329 1804 1389 1844 ita
1427 1802 1640 1844 inducun—

292 1868 387 1914 tur,
427 1866 477 1901 ut
520 1866 663 1901 certae
695 1860 877 1901 alicuius
917 1860 1099 1901 rationis
1141 1875 1190 1900 ac
1234 1859 1491 1915 disciplinae
1531 1865 1640 1900 tam-

295 1933 424 1972 quam
454 1923 601 1972 partes
634 1917 891 1958 sustineant.
964 1916 1076 1958 Esse
1106 1922 1249 1957 autem
1279 1917 1461 1973 Lysiam
1489 1931 1642 1957 revera

293 1975 380 2016 isto
410 1973 540 2015 modo
573 1989 598 2014 a
627 1973 810 2014 Platone
842 1973 1143 2022 informatum,
1174 1989 1307 2027 quum
1356 1988 1408 2014 ex
1438 1973 1641 2014 universa

292 2030 346 2072 de
376 2030 606 2072 rhetoricis
652 2029 950 2085 disputatione
979 2029 1252 2086 intelligitur,
1293 2036 1384 2071 tum
1414 2029 1638 2085 imprimis,

293 2087 429 2129 exiis
468 2087 577 2129 locis
619 2093 820 2142 apparet,
862 2087 936 2128 ubi
976 2092 1147 2142 praeter
1183 2086 1362 2143 Lysiam
1400 2087 1528 2128 etiam
1567 2085 1640 2126 alii

292 2144 489 2186 rhetores
522 2144 802 2197 vellicantur,
843 2150 892 2185 ut
930 2160 972 2199 p.
1017 2144 1110 2185 ⁶258.
1151 2143 1208 2185 D.
1264 2148 1438 2186 Λυσίαν
1481 2159 1525 2184 τε
1566 2148 1637 2183 καὶ

292 2201 452 2251 ἄλλον,
493 2200 613 2250 ὅςτις
662 2200 836 2242 πώποτὲ
884 2217 923 2241 τι
970 2206 1193 2256 γέγραφεν
1234 2217 1271 2242 κ.
1312 2218 1348 2241 τ.
1389 2202 1426 2241 λ.
1466 2214 1510 2254 p.
1543 2200 1638 2241 272.

294 2256 343 2299 C.
375 2257 433 2299 D.
465 2274 507 2313 p.
540 2258 634 2301 278.
665 2255 715 2299 C.
757 2263 832 2298 aut
867 2257 1071 2299 universa
1111 2256 1265 2298 cohors
1306 2256 1552 2299 Siculorum
1589 2271 1640 2297 ac

293 2314 629 2370 sophisticorum
657 2314 874 2355 rhetorum
894 2314 1214 2369 perstringitur,
1248 2313 1379 2355 sicuti
1408 2313 1459 2354 fit
1488 2313 1639 2369 12⁴2ssss-

294 2369 344 2412 C.
377 2386 471 2425 sqq.
530 2371 678 2425 Atque
709 2370 824 2412 haud
856 2371 945 2412 scio
977 2386 1031 2411 an
1062 2370 1118 2411 ad
1148 2369 1489 2411 confirmandam
1528 2369 1640 2410 hanc

294 2428 549 2468 sententiam
588 2428 715 2468 etiam
758 2427 860 2471 illud
897 2426 1061 2480 valeat,
1106 2426 1223 2480 quod
1260 2442 1303 2482 p.
1348 2428 1446 2469 278.
1488 2425 1538 2468 C.
1580 2426 1638 2466 D.

293 2483 451 2540 Lysias
482 2490 694 2537 monetur,
725 2491 773 2525 ut
803 2499 895 2526 sese
925 2482 1158 2537 aliquando
1189 2483 1463 2525 Polemarchi
1493 2482 1638 2524 fratris

295 2540 491 2595 exemplo
523 2540 577 2580 ad
608 2540 909 2597 philosophiae
940 2540 1130 2582 studium
1160 2546 1403 2594 convertat,
1434 2538 1639 2594 quodque

296 2612 337 2651 p.
369 2598 464 2638 257.
496 2597 548 2638 B.
582 2596 784 2640 Socrates
815 2598 876 2639 ita
906 2598 1088 2652 loquens
1124 2596 1357 2651 inducitur,
1389 2603 1439 2638 ut
1465 2596 1505 2637 ei
1525 2594 1638 2651 idem

296 2653 400 2694 illud
432 2654 590 2694 bonum
620 2654 672 2693 al)
698 2655 859 2696 Amore
874 2661 1085 2710 precetur.
1134 2654 1350 2695 Nimirum
1369 2654 1474 2694 haec
1496 2651 1638 2693 omnia
