1687 2969
216 135 295 169 260
741 129 1009 169 PLATONIS

217 239 304 292 ἥτις
344 236 387 279 δε
426 237 450 291 ἢ
481 238 656 288 βελτίων
694 236 720 290 ἢ
750 238 900 290 χείρων
937 241 1022 279 τῶν
1050 238 1222 291 ἡδονῶν
1250 239 1346 278 οὔτε
1385 238 1566 279 σκοπού-

218 318 353 356 μεναι,
384 305 480 343 οὔτε
508 300 637 355 μέλον
668 303 814 350 αὐταῖς
842 305 943 343 ὀέλλο
972 302 998 355 ἢ
1027 303 1272 373 χαρίζεσθαι
1299 303 1457 354 μόνον
1487 303 1567 343 εἴτε

219 367 384 419 βέλτιον
414 367 492 407 εἴτε
522 371 674 420 χεῖρον.
705 365 796 420 ἐμοὶ
818 367 895 420 μὲν
915 368 1008 419 γάρ,
1042 368 1074 406 ὼ
1097 366 1356 416 Καλλίκλεις,
1388 368 1566 408 δοκοῦσι’

218 447 259 473 τε
288 430 410 481 εἶναι,
439 431 509 473 καὶ
538 429 667 484 ἔγωγέ
695 447 803 484 φημι
831 434 878 472 τὸ
901 438 1101 472 τοιοῦτον
1123 431 1345 472 κολακείαν
1367 428 1478 472 εἶναι
1498 432 1568 472 καὶ

218 499 312 549 περὶ
336 503 455 550 σῶμα
477 495 547 537 καὶ
567 496 662 548 περὶ
685 495 827 549 ψυχὴν
850 496 919 536 καὶ
940 495 1035 549 περὶ
1059 498 1174 545 ἄλλο,
1205 495 1308 537 ὅπου
1330 499 1385 537 ἄν
1408 512 1468 545 τις
1489 498 1568 550 τὴν

218 560 382 616 »ἡδονὴν
409 562 628 614 θεραπεύῃ
671 559 886 609 α’σκέπτως
927 558 1032 614 ἔχων
1060 567 1137 602 τοῦ
1167 561 1392 614 ἅμείνονός
1427 576 1470 602 τε
1498 562 1568 603 καὶ

218 634 295 668 τοῦ
331 627 546 680 χείρονος·
587 626 640 666 σὺ
683 625 727 666 ὁὲ
763 625 814 678 δὴ
855 626 1037 678 πότερον
1076 627 1432 678 συγκατατίθεσαι
1467 627 1569 679 ἡμῖν

219 692 314 743 περὶ
342 692 505 733 τούτων
534 690 612 744 τὴν
642 691 777 744 αὐτὴν
807 691 956 740 δόξαν,
997 688 1025 743 ἢ
1061 691 1265 744 ἀντίφῃςς
1306 693 1442 731 ΚΑΛ.
1477 692 1568 733 Οὐκ

221 755 375 810 ἔγωγε,
418 755 521 797 α’λλὰ
561 762 790 809 συγχωρῶ,
830 756 900 795 ἵνα
940 766 1006 796 σοι
1036 754 1105 796 καὶ
1141 759 1337 808 περανθῇ
1378 756 1400 797 ὁ
1429 757 1568 809 λόγοςῆ

220 821 289 863 καὶ
330 821 490 875 Γοργίᾳ
540 822 643 873 τῷδε
692 821 936 874 χαρίσωμαι,
1014 822 1110 861 ΣΩ.
1153 821 1345 872 Πότερον
1386 821 1429 862 δὲ
1475 822 1567 874 περὶ

220 886 297 939 μὲν
325 887 425 938 μίαν
463 888 607 939 ψυχήν
649 885 732 926 ἐστι
772 892 922 934 τοῦτοἾ
968 885 1062 939 περὶ
1101 884 1145 925 δὲ
1186 886 1265 926 δύο
1304 886 1374 926 καὶ
1411 885 1570 934 πολλὰς

222 952 300 991 οὐκ
341 949 473 999 ihm,-
526 953 661 991 ΚΑΛ.
712 953 828 1000 Οὔκ,

220 1016 388 1063 πολλάς.

222 1154 306 1187 Ven.
336 1153 414 1185 ΞΣ.

222 1199 347 1231 dorfius
372 1200 459 1230 coni.
484 1198 578 1240 αὕτη.

868 950 973 991 ἀλλὰ
1011 949 1080 992 καὶ
1118 950 1213 1002 περὶ
1251 951 1329 992 δύο
1367 951 1437 992 καὶ
1476 951 1570 1004 περὶ

463 1017 563 1057 ΣΩ.
619 1016 793 1057 Οὐκοῦν
848 1015 916 1056 καὶ
965 1015 1147 1067 ἁθρόαις
1194 1015 1281 1068 ἅμα
1326 1016 1570 1069 χαρίζεσθαι

447 1153 549 1185 Vind.
577 1153 606 1185 1.
631 1152 660 1185 2.
688 1153 718 1188 7.
744 1154 840 1186 Bodl.
875 1154 965 1186 Flor.
991 1165 1023 1185 x.
1057 1154 1197 1186 Meerm.
1230 1158 1428 1188 correctum.
1462 1154 1570 1187 Hein-

290 1245 329 1275 D.
378 1243 519 1286 μηδὲν
558 1242 887 1286 σκοπούμενον]
921 1241 965 1285 μὴ
998 1242 1036 1275 δὲ
1067 1243 1183 1277 Clark.
1218 1244 1295 1275 Vat.
1322 1244 1407 1276 Ven.
1437 1244 1474 1276 Σ.
1509 1244 1568 1276 alii

221 1289 336 1329 multi,
361 1290 493 1321 vitiose.

223 1334 583 1366 considerantem
607 1334 792 1375 quidem.

221 1445 386 1477 modum
407 1445 763 1479 dinumeraverit.
781 1446 860 1477 Vim

222 1501 296 1521 voc.
337 1490 638 1532 διαριθμησαμέιη
676 1496 765 1522 1ecte
804 1502 860 1522 ex-

222 1536 324 1577 plicat
357 1536 567 1577 Schol.pe1
603 1535 809 1576 διακρίνασα
842 1534 860 1577 ἡ

222 1579 544 1623 διομολογησαιιέικη
606 1565 711 1612 Ludit
749 1585 861 1612 autem

223 1627 258 1656 iu
275 1627 497 1668 ambiguitate
514 1636 584 1658 voe.
604 1623 746 1668 czlo'yws,
771 1626 861 1667 quod

224 1674 258 1701 et
287 1671 327 1701 de
359 1671 589 1712 computando
628 1675 661 1702 et
692 1671 732 1702 de
763 1672 861 1702 ratio-

223 1715 368 1748 cinando
401 1721 433 1746 et
467 1715 648 1757 cogitando
678 1717 788 1757 potuit
811 1717 861 1747 in-

221 1760 342 1802 telligi.
392 1761 445 1792 Sic
469 1759 611 1801 ἄπειρος
643 1761 769 1792 dicitur
792 1772 861 1792 am-

222 1805 325 1847 bigue
350 1805 483 1839 Phileb.
507 1816 540 1847 p.
566 1804 617 1839 17.
642 1806 681 1837 Ε.
714 1811 747 1837 et
771 1807 859 1840 Tim.

221 1861 252 1891 p.
277 1850 331 1884 55.
356 1851 415 1889 D.,
447 1851 507 1882 ubi
538 1861 568 1884 v.
601 1862 679 1884 ann.
705 1869 749 1874 —
779 1852 860 1883 For-

222 1895 349 1927 mulam
382 1893 427 1928 ιὸς
452 1895 532 1928 ἔπος
563 1895 697 1933 εἰπεῖν,
728 1906 860 1937 prope

223 1940 423 1978 dixerim,
464 1950 548 1971 cave
591 1951 668 1971 cnm
708 1941 860 1972 Fieino

222 1985 347 2017 referas
372 1986 414 2016 ad
435 1985 688 2024 antecedentia;
716 1987 862 2027 pertinet

223 2031 312 2061 enim
348 2030 389 2061 ad
421 2028 527 2061 οὐδὲν
552 2029 863 2072 διαριθμησαμένη.

222 2086 254 2106 v.
279 2075 322 2106 ad
347 2086 376 2116 p.
402 2074 532 2109 45013.
569 2076 650 2106 Post
676 2075 859 2117 διαριθμη-

225 2120 353 2161 σαμένη
392 2120 496 2162 vulgo
534 2131 709 2162 perperam
745 2121 863 2152 deerat

223 2166 470 2206 interpunctio,
504 2175 607 2206 quam
631 2176 708 2197 eum
734 2166 860 2197 Astio

223 2210 504 2250 interposuimus,
544 2214 582 2241 ut
620 2211 725 2249 haec,
763 2210 861 2252 τριβῇ

224 2255 276 2284 καὶ
304 2253 472 2296 ἐμπειρία
497 2266 573 2286 cum
598 2256 761 2297 proximis
786 2256 859 2286 iun-

222 2304 390 2340 gerentur.
410 2300 542 2331 Deinde
559 2311 600 2331 ex
618 2301 748 2341 aliquot
764 2300 861 2331 codd.

222 2354 282 2384 pro
315 2343 406 2385 vulg
438 2343 551 2386 μιήιιη
592 2346 704 2386 recepi
745 2345 861 2376 lectio

223 2399 300 2419 nem
324 2389 424 2419 unice
448 2399 564 2420 veiam
585 2388 730 2432 μνήιιηι,
757 2400 860 2431 quam

223 2434 326 2465 etiam
355 2432 443 2464 liber
467 2434 582 2465 Clark
620 2435 860 2489 suppeditavit.

268 2479 305 2508 B.
339 2475 436 2508 οὔτε
467 2478 602 2516 ιιὲλοι
631 2477 682 2511 αι’
696 2484 785 2513 ταῖς
805 2479 859 2522 -]

224 2522 432 2554 Observabis
451 2523 576 2565 singul
570 2534 659 2555 irem
674 2528 861 2556 structurae

222 2568 398 2599 rationem.
458 2569 544 2600 Nam
569 2579 627 2609 pro
654 2568 730 2601 οὔτε
755 2569 861 2607 με’λον

222 2609 339 2645 αὐταῖς
365 2625 391 2644 κ.
420 2625 442 2643 z.
469 2614 494 2644 λ.
527 2624 544 2644 e
569 2614 705 2655 vulgari
730 2616 860 2645 ratione

222 2657 308 2688 nihil
333 2657 555 2699 exspectabas
574 2659 638 2689 nisi
665 2659 733 2691 tale
759 2659 861 2700 quid:

541 1290 760 1320 Hermannus
784 1294 897 1321 tamen
932 1288 1017 1331 μηδὲ
1052 1299 1101 1320 σκ.
1137 1289 1231 1321 dedit
1263 1290 1326 1322 hoc
1360 1300 1477 1321 sensu:
1520 1300 1569 1321 ne

1363 1447 1462 1478 Nunc
1486 1457 1569 1479 casu

930 1490 1076 1523 subiecti
1100 1496 1229 1523 mutato
1264 1495 1342 1533 post
1366 1490 1444 1524 οὔτε
1467 1492 1570 1531 μέλον

930 1535 1047 1569 αὐταῖς
1079 1536 1287 1568 adiiciuntur
1326 1538 1426 1569 etiam
1465 1537 1568 1568 haee:

929 1579 1007 1612 ἄλλο
1035 1579 1054 1623 ἢ
1078 1582 1282 1622 χαρίζεσθαι
1306 1582 1426 1621 μόνον,
1451 1583 1520 1614 εἴτε
1536 1582 1568 1623 β.

930 1639 957 1658 κ.
975 1639 997 1657 τ.
1013 1627 1039 1657 λ.
1065 1627 1154 1658 conf.
1179 1628 1333 1658 Matth.
1360 1628 1416 1660 Gr.
1444 1629 1473 1667 ἓ.
1492 1627 1567 1661 564.

976 1671 1014 1703 C.
1052 1670 1239 1703 δοκοῦσι’
1276 1684 1316 1703 τε
1348 1668 1478 1715 εἶναι]
1513 1673 1569 1703 vi·

930 1717 1089 1748 dentur
1168 1716 1274 1748 mihi
1351 1717 1569 1749 eiusmodi

931 1766 1155 1803 πραγματεῖαι
1200 1762 1408 1803 reperiri,
1460 1772 1568 1805 quae

930 1817 1053 1838 unam
1076 1810 1243 1838 tantum
1262 1811 1463 1849 spectent
1482 1808 1570 1840 ani-

930 1852 986 1883 mi
1010 1852 1291 1893 voluptatem.

974 1893 1201 1929 ἀσκέπτως
1233 1897 1347 1938 ε’χων
1388 1908 1460 1928 του
1492 1894 1569 1939 ἀμ.]

930 1942 994 1972 ita
1038 1945 1085 1972 ut
1132 1941 1299 1973 nullam
1352 1943 1567 1974 rationem

931 1985 1096 2017 habeat
1140 1987 1241 2018 boni
1288 1990 1415 2028 atque
1455 1988 1569 2019 mali.

931 2032 1017 2063 Nam
1040 2028 1216 2065 ἀσκέπτως
1241 2032 1329 2072 ἔχειν
1360 2033 1568 2064 construitur

931 2086 1009 2107 cum
1027 2077 1191 2118 genitivo,
1209 2078 1290 2118 quia
1306 2076 1394 2108 idem
1413 2081 1463 2108 est
1478 2077 1568 2118 quod

929 2118 1079 2160 ἀμελεῖν.
1112 2132 1143 2153 V.
1176 2122 1324 2155 Matth.
1357 2123 1386 2161 ἓ.
1418 2120 1493 2154 348.
1527 2141 1569 2146 -

933 2167 1357 2208 συγκατατίθεσθαί
1387 2179 1469 2198 τινι
1503 2179 1566 2198 πε-

934 2214 977 2252 ρί
1007 2223 1126 2244 τινος
1166 2209 1238 2252 τὴν
1271 2209 1404 2252 αὐτὴν
1437 2210 1569 2252 δόξαν

931 2260 999 2287 est:
1055 2256 1232 2287 eandem
1280 2266 1369 2287 cum
1417 2257 1566 2298 aliquo

931 2302 1197 2332 sententiam
1224 2301 1444 2342 amplecti.
1491 2302 1567 2333 Ple-

931 2356 1072 2386 rumque
1091 2350 1202 2377 autem
1221 2345 1346 2377 dicitur
1366 2346 1568 2387 simpliciter

933 2391 1260 2443 σιγκατατίθεσθαί
1309 2403 1386 2429 ιιι-,ι
1442 2392 1566 2424 omisso

930 2435 1125 2467 accusativo
1153 2432 1213 2477 τὴν
1237 2434 1351 2476 δόξαι.

977 2481 1048 2511 ιἰοι
1083 2490 1149 2510 σοι
1181 2480 1248 2511 καὶ
1284 2482 1486 2522 περανθῇ
1513 2499 1551 2503 -—

931 2525 971 2556 V.
996 2535 1026 2566 p.
1051 2523 1126 2556 497.
1148 2526 1198 2564 B„
1223 2526 1282 2556 ubi
1308 2526 1471 2567 Gorgias:
1497 2524 1557 2557 α’λλ

930 2568 1123 2609 ἀποκρίνου
1156 2570 1210 2601 καὶ
1238 2568 1335 2612 ἡμῶν
1360 2571 1477 2608 ἕνεκα,
1513 2572 1568 2602 ἱίἀ

932 2615 1161 2654 περαιιθιῦοιι·
1186 2615 1220 2646 οἱ
1243 2613 1345 2657 λόγοι.

976 2660 1057 2701 Cap.
1084 2659 1191 2692 LVII.
1223 2661 1262 2691 E.
1297 2659 1474 2701 τοιαύτη
1511 2672 1568 2691 τις

930 1444 1009 1477 οὔτε
1034 1445 1304 1485 ἐπιμελούμεναι.
