1687 2969
253 133 326 172 1‘2423
734 129 1108 174 PLATONIS

242 252 453 297 τεθέντος
504 247 689 304 χοόνου,
740 243 859 309 [οὗ]
913 247 1182 303 αμνημονεῖν
1232 242 1591 305 προςποιουμένώ

241 312 602 369 ἀναιιιμνησκων,
645 312 925 371 βιαζυαενος,
968 317 1248 371 χ’ρεμετιζων,
1292 318 1424 358 ἕὶκων
1458 315 1594 372 ἡναγ-

242 396 372 423 κασεν
409 379 464 423 αὐ
500 386 760 438 προςελθεῖν
796 390 888 431 τοῖς
921 384 1137 431 παιδικοῖς
1189 384 1258 424 ἐπὶ
1294 379 1398 431 τοὺς
1431 381 1594 434 αὐτοὺς

244 446 322 502 λό;
315 464 414 498 ους.
453 451 524 490 καὶ
558 447 700 502 ἐπειδη
732 453 804 503 ἐγ)
808 446 856 498 ὺς
890 441 1023 500 ἦσαν,
1059 453 1102 502 ἐ)
1106 447 1254 507 κύψας
1289 465 1363 491 και
1400 455 1591 501 ἐκτείνας

245 513 326 567 τὴν
361 519 512 570 κὲοκον
547 514 738 559 ἐνδακὼν
774 532 852 557 τον
870 517 1052 570 γαλινον
1084 515 1173 571 μετ’
1217 513 1442 566 ἀναιδείας
1469 521 1591 561 ἕλκει.

243 580 265 624 ὁ
307 579 350 624 δ
391 580 566 637 ἡνίοχος
602 586 661 624 ἔτι
701 584 873 639 μαλλον
907 579 1074 625 ταύτὸν
1108 582 1266 632 πάθος
1291 583 1473 634 παθων,
1509 583 1589 635 ὥς-

242 666 321 703 περ
359 648 448 692 ἀπὸ
487 648 709 705 ὕσπληγος
743 647 1002 705 ἀναπεσὼν,
1046 652 1109 691 ἔτι
1155 652 1322 705 μᾶλλον
1354 653 1432 694 τοῦ
1467 649 1592 708 ὑβρι-

241 719 346 759 στοῦ
383 720 521 759 ἵππου
558 722 601 759 ὲκ
647 719 734 759 τῶν
781 713 977 758 ὀδόντων
1019 718 1096 772 βίᾳ
1131 716 1266 759 ὀπίσω
1305 717 1478 768 σπείσας
1512 719 1592 761 τὸν

332 846 371 878 I).
421 845 492 875 καὶ
516 846 710 883 ἐκτείνας
735 847 814 887 τὴν
837 846 886 888 κ.]
913 846 1230 880 AHDGNOPT
1255 847 1347 882 FIOI'.
1372 859 1403 890 g.

240 891 273 923 4,
306 892 339 923 7.
363 891 415 922 aiii
441 893 595 929 ἐντείνας.

1430 848 1464 879 h.
1493 848 1589 881 Vind.

329 936 368 968 E.
416 934 548 967 ταύτὰ
566 950 581 967 ι»
607 936 754 976 πάθος
778 937 831 980 η,]
860 939 900 970 V.
924 936 1048 977 ταύτό,
1077 941 1214 979 praeter
1239 937 1340 970 fidem
1367 939 1590 980 plurimorum

236 982 515 1023 optimorumque
542 984 718 1016 librorum.

575 1086 607 1116 p.
636 1074 709 1109 137.
742 1080 776 1107 et
802 1074 876 1109 149.

234 1118 286 1153 ed.
313 1119 424 1153 Heus.
455 1119 497 1151 ad
526 1120 700 1154 Lambert.
737 1121 816 1152 Bos.
845 1132 875 1162 p⁴

234 1165 287 1199 50.
320 1165 362 1196 ad
396 1166 616 1200 Demostheni.
664 1166 707 1198 de
741 1168 875 1199 Corona

233 1222 264 1252 p.
282 1210 432 1244 27211.
452 1211 505 1245 ed.
532 1212 676 1254 R.:p.
694 1212 771 1246 202.
802 1214 875 1254 Αρ-

233 1261 342 1298 parat.
377 1258 453 1289 coll.
487 1260 557 1290 not.
596 1257 637 1289 ad
673 1258 774 1300 Reip.
801 1257 873 1293 Vll.

231 1313 264 1344 p.
290 1301 367 1335 518.
395 1306 432 1333 Α.
462 1303 547 1336 VIII.
575 1314 605 1345 p.
625 1303 701 1337 547.
721 1304 761 1336 C.
785 1303 872 1336 Nam

230 1348 366 1389 genitivi
394 1347 463 1380 fere
489 1353 668 1390 ponuntur,
694 1360 797 1390 quum
823 1351 870 1382 al-

230 1399 340 1426 terum
366 1394 528 1426 orationis
561 1396 769 1435 membrum,
802 1406 870 1436 qno

231 1439 341 1481 magis
377 1441 448 1471 eius
481 1441 532 1471 vis
559 1444 592 1472 et
618 1442 766 1482 gravitas
792 1452 872 1481 per-

230 1486 388 1526 cipiatur,
424 1489 582 1526 tanquam
618 1497 679 1528 per
704 1497 742 1519 se
768 1487 871 1519 abso-

232 1532 300 1563 lute
333 1532 536 1563 enuntiatur.
591 1532 641 1564 Ita
684 1532 748 1564 hoc
780 1534 869 1573 loco,

228 1577 256 1608 si
285 1587 355 1608 rem
382 1577 422 1607 ad
449 1577 610 1609 amussim
645 1578 725 1610 velis
755 1579 871 1619 exige-

229 1632 286 1662 re,
312 1623 448 1664 proprie
473 1623 607 1655 dicitur:
634 1624 690 1655 vix
715 1634 871 1656 conce-

229 1667 312 1708 dit,
346 1678 468 1709 quum
503 1669 568 1701 illi
608 1674 786 1711 rogant,
828 1673 873 1701 ut

228 1718 314 1752 ete,
345 1713 436 1754 quod
473 1715 536 1746 etsi
561 1714 649 1747 idem
677 1715 749 1747 fere
773 1715 867 1756 quod

225 1759 359 1790 dativus
392 1769 489 1792 casus
531 1760 716 1802 significat,
753 1764 869 1793 tamen

225 1804 289 1836 hoc
315 1804 415 1837 habet
441 1805 659 1846 discriminis,
694 1807 785 1847 quod
811 1817 868 1838 ro-

225 1851 374 1890 gantium
402 1851 528 1883 mentio
560 1862 622 1892 per
647 1862 684 1883 se
710 1862 864 1884 seorsum

224 1895 279 1935 fit,
312 1906 423 1936 neque
458 1896 480 1927 ii
505 1907 524 1928 a
550 1898 761 1930 contumacis
788 1898 865 1938 equi

224 1941 322 1973 venia
353 1942 502 1983 pendere
527 1942 726 1983 cogitantur.
770 1943 864 1975 Idem

224 1986 353 2019 dictum
375 1988 474 2019 velim
506 1987 548 2020 de
578 1988 776 2022 Latinorum
803 1989 864 2019 abe

223 2033 327 2064 lativo
375 2034 552 2072 absoluto,
602 2043 702 2074 quem
742 2033 864 2066 eodem

224 2078 327 2110 modo
353 2079 431 2120 poni
456 2080 567 2111 solere
593 2079 763 2111 docebunt
789 2080 866 2110 Du-

224 2126 351 2156 kerus
377 2124 419 2156 ad
444 2124 536 2157 Flor.
563 2125 622 2165 IV,
652 2124 703 2163 12,
729 2124 784 2159 28.
814 2125 865 2156 in—

223 2176 333 2212 terpp.
375 2170 416 2202 ad
460 2170 601 2202 Sueton.
646 2170 761 2203 Tiber.
810 2170 864 2204 31.

223 2216 256 2247 R
272 2226 292 2247 u
312 2215 330 2247 d
349 2215 368 2247 d
388 2216 396 2247 i
416 2227 446 2248 m
468 2226 487 2248 a
504 2226 523 2247 n
543 2226 563 2248 n
580 2226 601 2248 u
620 2227 636 2247 s
703 2217 863 2250 Institutt.

222 2261 412 2293 Grammat.
438 2261 479 2294 T.
504 2262 545 2294 ll.
570 2273 601 2303 p.
629 2261 695 2296 302
720 2273 771 2303 sq.
813 2262 864 2294 De

224 2316 365 2338 numero
398 2308 518 2348 plurali
549 2308 758 2349 ἐθέλοντας,
800 2318 862 2350 pro

221 2361 288 2392 quo
318 2352 538 2394 Hirscliig.
566 2353 757 2386 inconsulte
782 2353 863 2385 scri-

222 2398 290 2438 psit
323 2398 502 2435 ἒθέλονῑε,
539 2408 569 2430 ν.
606 2409 681 2433 ann.
706 2400 748 2431 ad
774 2399 862 2431 Pro-

220 2447 329 2484 tagor.
359 2453 390 2484 p.
415 2442 491 2476 317.
519 2443 558 2474 D.
593 2444 700 2486 Gorg.
727 2456 759 2486 p.
784 2444 863 2478 4⁴81.

221 2488 262 2521 D.
287 2488 490 2528 Eutliydem.
511 2500 541 2530 p.
561 2488 637 2523 273.
660 2491 700 2525 D.
717 2491 793 2524 coll.
811 2491 862 2522 in-

221 2533 270 2565 fra
296 2544 328 2575 p
353 2533 430 2567 270:
460 2534 501 2566 Β.
525 2536 566 2566 al.
620 2535 740 2578 Neque
775 2536 862 2568 criti-

221 2589 280 2610 cus
308 2580 457 2611 Batavus
480 2580 561 2611 satis
579 2586 676 2613 caute
696 2582 764 2623 egit
788 2581 862 2613 δεο-

218 2626 360 2666 μένοιν
385 2625 563 2657 scribendo
581 2637 641 2668 pro
664 2626 861 2670 ὁεομέκνωι

267 2667 363 2713 [ου]
412 2669 676 2713 ἀμνημονεῖν
738 2685 861 2716 προς-

219 2727 466 2759 ποιουμειω
492 2716 554 2758 --]
589 2717 748 2751 Nondum
783 2718 860 2751 11111ιί

235 1073 272 1105 l'e
281 1083 306 1107 r.
341 1073 383 1105 ad
416 1077 540 1116 Aesop.

772 984 902 1017 Deinde
929 984 1058 1024 aliquot
1084 984 1155 1015 libri
1180 982 1249 1015 ὑπὸ
1280 983 1462 1026 ὕσπληγος.

948 1074 1102 1116 persuasi
1135 1075 1224 1106 istud
1258 1068 1321 1115 οὗ,
1361 1075 1452 1116 quod
1488 1076 1587 1111 facile

945 1121 1058 1162 potuit
1077 1131 1095 1152 e
1112 1119 1329 1161 praecedenti
1346 1122 1473 1163 syllaba
1492 1123 1586 1164 oriri,

944 1177 963 1197 a
989 1166 1140 1198 Platonis
1161 1177 1262 1198 manu
1280 1178 1356 1199 esse
1382 1167 1585 1208 profectum.

942 1211 1030 1244 Nam
1055 1222 1157 1252 quam
1194 1213 1401 1254 excogitavit
1431 1214 1584 1246 Astius

943 1257 1007 1289 loci
1049 1258 1329 1299 explicationem,
1378 1269 1453 1290 eam
1491 1259 1520 1291 si
1564 1271 1584 1292 a

942 1303 1097 1335 Graecae
1122 1303 1255 1344 linguae
1280 1308 1397 1336 natura
1422 1308 1455 1336 et
1471 1305 1584 1338 indole

939 1347 1121 1381 abliorrere
1149 1349 1272 1389 dicam,
1296 1349 1370 1381 nihil
1391 1350 1508 1382 videor
1531 1351 1582 1382 af-

938 1395 1093 1435 firmare,
1137 1395 1226 1436 qnod
1267 1405 1285 1426 a
1317 1405 1399 1427 vero
1434 1397 1580 1428 allenum

938 1440 992 1473 sit.
1051 1440 1131 1472 Vult
1163 1441 1251 1472 enim
1284 1441 1340 1473 ille
1375 1436 1420 1472 οὗ
1452 1442 1579 1474 illatum

939 1496 1028 1526 esse,
1056 1488 1134 1527 quia
1154 1488 1299 1528 scriptor
1323 1487 1483 1529 deinceps
1508 1488 1581 1520 fue-

938 1532 982 1562 rIt
1016 1531 1165 1563 dicturus
1207 1531 1470 1574 (Zrupclnuvtjonft,
1518 1534 1579 1565 sed

938 1577 1069 1617 impetu
1118 1577 1285 1618 quodam,
1333 1588 1400 1619 quo
1450 1579 1582 1611 scilicet

940 1623 1016 1664 equi
1040 1624 1191 1665 urgentis
1217 1623 1387 1665 cupiditas
1416 1623 1578 1666 depinga-

939 1672 1011 1708 tur,
1037 1668 1079 1700 ad
1104 1669 1356 1711 participiorum
1382 1679 1479 1702 usum
1505 1671 1578 1702 fue-

939 1714 981 1745 rit
1006 1714 1177 1756 abreptus.
1225 1715 1261 1746 ln
1293 1725 1359 1756 quo
1384 1715 1462 1747 nihil
1490 1715 1577 1747 inest

938 1759 1255 1800 verisimilitudini33
1280 1771 1390 1801 neque
1413 1761 1508 1793 istius
1526 1762 1575 1803 pi-

938 1809 1055 1837 cturae
1087 1806 1254 1848 elegantia
1289 1807 1387 1837 uobis
1427 1816 1574 1848 unquam

934 1850 1069 1891 placuit.
1095 1870 1138 1874 —
1186 1852 1258 1883 ἐπὶ
1285 1851 1386 1888 τούς
1412 1851 1575 1889 αὐτοὺς

932 1894 1109 1936 λόγους,
1159 1896 1202 1929 de
1240 1897 1362 1938 quibus
1400 1902 1498 1930 antea
1540 1909 1572 1940 p.

929 1940 1007 1975 254.
1035 1946 1072 1974 Λ

976 1987 1048 2018 καὶ
1073 1987 1217 2028 ἐπειδὴ
1246 1987 1374 2029 ἐγγυς
1399 1991 1505 2028 ἦσαν
1530 2006 1573 2014 --

930 2031 1064 2074 ἕλκει]
1107 2047 1191 2073 joaz!
1226 2034 1330 2074 dlxIt,
1373 2034 1451 2075 qula
1481 2036 1572 2067 aori-

933 2083 1023 2110 stum
1065 2074 1172 2110 εἷλκεν
1215 2084 1287 2111 erat
1317 2080 1570 2121 subiuncturus,

932 2134 1034 2164 quem
1069 2124 1315 2157 Boeckliius
1358 2127 1390 2156 iu
1423 2125 1503 2156 Min.
1538 2138 1570 2168 p„

935 2170 1008 2203 167.
1035 2170 1159 2202 frustra
1191 2171 1382 2210 desiderat,
1417 2171 1568 2211 quando·

931 2216 1067 2256 quidem
1094 2227 1255 2258 praesens
1289 2227 1392 2258 saepe
1424 2216 1469 2248 ita
1496 2227 1569 2251 cum

932 2263 990 2293 illo
1024 2263 1153 2294 aoristo
1185 2263 1376 2303 copulatur.
1422 2272 1452 2295 v.
1484 2263 1584 2295 infra.

931 2307 975 2339 ad
995 2318 1027 2349 p.
1048 2308 1124 2341 255.
1144 2308 1183 2340 1).
1218 2307 1327 2340 Multo
1353 2308 1464 2340 minus
1490 2319 1569 2342 cum

932 2353 1195 2385 Buttmanno
1226 2353 1307 2384 εἰῡὶν
1345 2355 1566 2395 reposuerim.

930 2398 1051 2430 Paullo
1093 2399 1188 2431 aliter
1230 2400 1295 2430 loci
1342 2399 1567 2441 integritatem

931 2443 1114 2476 defendere
1139 2444 1268 2476 studuit
1293 2445 1452 2478 Astius.
1497 2446 1567 2478 De-

929 2490 1008 2522 inde
1033 2488 1224 2532 ἐγκύιρας
1256 2495 1309 2522 est
1340 2494 1473 2532 caput
1498 2491 1564 2523 de-

931 2536 1129 2576 mittens,
1175 2540 1212 2567 ut
1249 2537 1398 2578 positum
1440 2537 1483 2568 sit
1514 2537 1564 2567 in·-

929 2581 1112 2615 transitive.
1166 2581 1263 2615 Quae
1302 2592 1356 2614 res
1391 2582 1466 2622 quia
1498 2591 1563 2614 non

928 2626 1104 2668 diligenter
1134 2627 1369 2659 animadversa
1407 2631 1475 2667 est,
1503 2627 1563 2665 *sa-

928 2677 1018 2704 ctum
1044 2672 1191 2713 videtur,
1228 2676 1264 2704 ut
1289 2673 1320 2705 in
1345 2673 1430 2705 bona
1457 2673 1562 2704 libro-

927 2728 999 2750 rum
1037 2722 1132 2759 parte
1169 2719 1330 2760 scriptum
1365 2719 1408 2749 sit
1433 2718 1487 2749 καὶ
1511 2719 1560 2750 ἒν-
