1687 2969
787 168 825 172 —-
898 149 996 186 XLVI
1069 169 1109 172 Ἀ

276 262 405 304 animi
449 260 635 301 humana
685 274 865 316 corpora
908 260 1065 300 intrare
1113 259 1303 314 possint,
1355 275 1483 314 quam
1543 260 1616 315 qui

276 321 360 361 iam
422 317 467 357 in
527 315 617 357 vita
677 315 824 358 divina
872 315 1095 356 hauserint
1158 314 1350 357 idearum
1408 316 1617 371 notitiam,

277 371 628 430 quandoquidem
656 372 818 414 homini
850 371 1055 414 divinitus
1086 371 1131 413 id
1161 372 1348 414 muneris
1378 373 1435 414 sit
1462 373 1619 430 imper-

276 433 418 484 titum,
435 436 483 471 ut
506 445 647 470 rerum
666 430 831 485 species
853 434 894 470 et
912 430 1070 471 formas
1091 445 1179 470 non
1197 428 1325 470 modo
1347 429 1517 483 intueri,
1543 428 1621 471 sed

277 488 406 529 etiam
434 487 611 543 iungere
650 502 699 528 ac
729 501 950 527 secernere
993 492 1133 541 queat.
1201 485 1416 527 Nimirum
1455 485 1620 542 signifi-

278 551 401 586 catur
442 544 526 584 isto
557 542 710 596 niodo,
742 542 930 583 indolem
963 558 1012 584 ac
1042 549 1239 583 naturam
1279 542 1409 582 animi
1446 541 1623 583 humani

278 602 363 643 iam
392 599 589 657 primitus
621 615 713 640 eam
744 599 953 652 extitisse,
987 615 1097 654 quae
1127 598 1378 640 dialecticae
1410 604 1522 640 esset
1552 613 1623 640 ca—

278 673 365 714 pax
395 662 524 712 atque
555 656 793 712 particeps3
826 671 865 697 v.
897 656 1024 697 etiam
1043 656 1212 698 Phileb.
1245 670 1286 711 p.
1320 657 1384 696 16.
1416 654 1466 696 C.
1499 665 1541 695 et
1570 654 1623 696 de

278 715 347 768 iis,
379 728 488 769 quae
520 712 664 754 divino
695 727 869 754 munere
910 711 1111 754 dicuntur
1140 712 1384 754 hominibus
1417 712 1625 767 obtigisse

279 771 349 813 vel
379 770 628 825 obtingere,
659 775 934 810 commentar.
966 769 1021 810 ad
1052 769 1277 811 Phaedon.
1309 783 1352 824 p.
1385 769 1454 810 85.
1486 767 1536 811 C.
1566 767 1625 809 D.

280 827 382 869 edit.
413 828 450 868 3.
511 825 645 878 Quod
675 831 818 866 autem
848 825 996 866 eadem
1026 826 1153 867 etiam
1171 826 1287 866 vitae
1308 825 1519 867 humanae
1550 825 1626 867 ob-

280 884 403 940 tigit,
444 883 534 924 eius
564 883 626 923 rei
656 897 809 923 caussa
845 882 998 923 summi
1035 882 1283 938 philosophi
1320 881 1480 923 iudicio
1520 881 1627 923 haec

282 948 361 982 est.
420 939 595 980 Etenim
641 938 771 979 animi
811 938 987 979 humani
1029 939 1131 980 licet
1161 939 1261 980 olim
1302 938 1474 979 divinae
1513 938 1627 979 vitae

283 996 517 1053 participes
549 994 653 1036 facti
683 995 790 1047 sint,
832 1000 976 1035 tamen
1014 1001 1192 1051 propter
1220 1001 1399 1035 naturae
1432 1009 1532 1036 suae
1562 994 1627 1035 in-

283 1053 550 1105 firmitatem,
584 1067 668 1106 qua
698 1050 802 1092 deos
837 1051 1087 1106 neutiquam
1118 1057 1356 1106 aequarunt
1386 1051 1548 1107 (Legg.
1567 1050 1627 1092 X.

282 1126 324 1167 p.
348 1110 443 1151 903.
474 1108 527 1149 Β.
551 1108 683 1162 sqq),
714 1108 938 1150 fatiscente
969 1108 1192 1164 paullatim
1222 1109 1369 1149 nativa
1398 1123 1540 1149 rerum
1565 1107 1629 1148 di-

281 1167 478 1208 vinarum
515 1165 802 1221 appetitione,
854 1180 962 1219 quae
1000 1166 1043 1206 in
1083 1164 1286 1206 Phaedro
1336 1164 1444 1206 alis
1487 1164 1632 1205 currui

285 1222 515 1278 adscriptis
548 1221 800 1274 denotatur,
834 1222 894 1276 (v.
928 1236 969 1277 p.
1003 1223 1096 1263 246.
1130 1220 1179 1262 C.
1212 1222 1269 1263 D.
1300 1221 1353 1262 E.
1384 1235 1425 1277 p.
1449 1221 1543 1263 248.
1576 1220 1630 1262 Β.

285 1279 336 1322 C.
366 1295 408 1336 p.
439 1280 533 1320 249.
555 1278 610 1320 A.
635 1278 695 1332 al)
726 1284 855 1332 atque
885 1279 1104 1320 saeviente
1134 1293 1270 1333 usque
1310 1278 1353 1319 vi
1381 1277 1631 1333 cupiditatis

286 1337 398 1392 (sive
428 1335 528 1390 equi
556 1334 825 1388 ferocientis)
857 1334 900 1375 in
930 1334 1042 1376 hanc
1066 1335 1198 1376 vitam
1218 1334 1442 1376 mortalem
1468 1333 1633 1390 delapsi

285 1399 400 1436 sunt.
460 1392 560 1445 Qua
590 1391 762 1446 quidem
791 1396 928 1432 status
959 1392 1025 1433 sui
1059 1392 1296 1433 mutatione
1329 1406 1459 1446 quum
1493 1391 1634 1432 orbati

286 1456 428 1493 essent
456 1448 638 1505 pristina
666 1448 740 1488 illa
768 1447 962 1489 idearum
990 1448 1282 1504 spectatione,
1324 1448 1528 1489 continuo
1569 1447 1634 1488 fa-

286 1513 403 1549 ctum
434 1511 512 1559 est,
545 1511 593 1546 ut
621 1505 665 1545 in
697 1504 954 1545 oblivionem
985 1521 1131 1546 eorum
1160 1505 1370 1558 venirent,
1404 1519 1514 1559 quae
1534 1503 1634 1545 olim

286 1565 331 1605 in
372 1563 518 1604 divina
558 1561 646 1602 vita
687 1560 954 1603 didicissent.
1033 1561 1202 1602 Relicta
1240 1568 1383 1602 tamen
1422 1560 1529 1616 ipsis
1570 1565 1637 1601 est

287 1620 470 1662 facultas
493 1617 704 1674 quaedam
724 1618 932 1674 pristinae
963 1618 1169 1659 scientiae
1193 1624 1236 1659 et
1261 1617 1520 1673 cognitionis
1542 1631 1635 1657 rur-

288 1692 362 1720 sus
392 1674 709 1718 instaurandae.
769 1674 923 1716 Potest
953 1675 1064 1716 enim
1095 1675 1263 1716 animus
1295 1674 1338 1714 in
1364 1689 1409 1715 se
1431 1673 1636 1715 collectus

289 1741 333 1776 et
375 1749 400 1775 a
439 1732 634 1788 corporis
678 1731 976 1772 communione
1017 1737 1222 1773 avocatus
1262 1730 1458 1787 diligenti
1495 1745 1637 1771 rerum

289 1790 531 1832 divinarum
571 1787 851 1829 meditatione
895 1788 1088 1829 idearum
1134 1787 1379 1829 memoriam
1429 1786 1638 1841 quodam-

288 1846 418 1890 modo
461 1845 767 1901 redintegrare.
839 1843 971 1897 Quod
1015 1845 1156 1899 ipsum
1193 1859 1348 1885 munus
1388 1842 1637 1884 dialectices

290 1910 382 1957 est,
415 1901 534 1957 quod
561 1901 606 1942 in
628 1901 797 1942 mortali
828 1901 909 1942 hac
939 1901 1028 1942 vita
1056 1901 1175 1942 obire
1205 1901 1318 1942 licet.
1377 1917 1418 1953 v.
1450 1898 1637 1940 Phaedr.

290 1977 332 2018 p.
365 1961 461 2001 249.
492 1959 545 2000 Β.
586 1957 683 1999 coll.
714 1957 936 1999 Phaedon.
966 1974 1009 2013 p.
1042 1958 1108 1998 75.
1149 1957 1202 1998 Β.
1234 1982 1287 1988 —-
1319 1958 1386 1998 76.
1431 1956 1484 1998 Ε.
1516 1956 1637 1998 Men.

290 2034 333 2074 p.
366 2018 433 2059 86.
464 2016 521 2058 A.
553 2014 663 2056 Tim.
696 2030 737 2069 p.
770 2016 836 2056 30.
868 2014 919 2054 Β.
980 2014 1050 2055 De
1079 2014 1187 2069 Rep.
1220 2013 1325 2055 VII.
1367 2030 1409 2069 p.
1444 2013 1540 2055 534.
1584 2012 1638 2053 Β.

291 2074 342 2117 C.
374 2072 507 2126 Quod
535 2086 666 2125 quum
696 2071 769 2111 uni
799 2071 980 2112 maxime
1010 2070 1257 2127 philosophi
1299 2085 1425 2127 agere
1455 2070 1638 2122 soleant,

292 2131 453 2187 quippe
485 2129 559 2184 qui
588 2128 632 2169 in
662 2127 728 2181 iis,
762 2143 870 2182 quae
900 2128 944 2169 vi
975 2142 1053 2169 sua
1085 2133 1285 2169 constant
1315 2134 1358 2169 et
1385 2132 1540 2168 natura
1562 2140 1640 2168 sua

293 2193 469 2230 aeterna
499 2191 623 2238 sunt,
667 2183 993 2226 considerandis
1026 2190 1154 2238 atque
1186 2183 1428 2236 discendis,
1469 2188 1641 2239 praeter

292 2251 459 2287 ceteros
504 2241 696 2284 studiose
735 2241 898 2282 versari
929 2241 1108 2295 soleant,
1138 2240 1269 2282 iidem
1298 2240 1449 2281 merito
1480 2239 1641 2281 haben—

293 2307 363 2342 tur
395 2297 704 2341 dialectici.
764 2314 805 2339 v.
838 2297 1029 2353 Sophist.
1060 2314 1101 2353 p.
1135 2299 1229 2339 253.
1260 2297 1313 2338 E.
1344 2295 1566 2338 Phaedon.
1597 2311 1639 2351 p.

295 2358 361 2399 65.
393 2358 450 2398 A.
482 2358 548 2397 67.
578 2355 630 2396 Β.
660 2354 729 2396 De
759 2354 866 2411 Rep.
897 2355 953 2396 V.
985 2371 1026 2410 p.
1058 2355 1153 2395 475.
1182 2354 1233 2395 Β.
1269 2355 1335 2395 59.
1369 2379 1422 2383 -—
1447 2355 1543 2394 477.
1584 2353 1640 2393 A.

294 2431 336 2470 p.
367 2415 463 2455 479.
504 2414 558 2454 A.
593 2437 646 2442 —
678 2412 774 2454 480.
803 2412 858 2454 A.
926 2412 1007 2453 VI.
1037 2427 1077 2466 p.
1109 2412 1206 2451 484.
1236 2411 1289 2451 Β.
1321 2410 1417 2451 485.
1449 2409 1500 2450 Β.
1544 2410 1640 2450 486.

296 2472 352 2514 Α.
414 2470 523 2511 VH.
552 2484 593 2523 p.
627 2469 721 2509 534.
754 2467 804 2509 C.
835 2468 919 2510 IX.
950 2484 991 2524 p.
1025 2470 1120 2510 582.
1154 2467 1204 2508 C.
1235 2467 1289 2508 al.
1351 2466 1642 2519 Quamobrem

297 2526 526 2568 dialectica
554 2539 703 2565 revera
743 2525 870 2566 etiam
909 2525 1097 2566 omnium
1136 2523 1289 2565 artium
1334 2523 1483 2580 regina
1523 2521 1642 2577 quasi

298 2590 430 2638 atque
470 2582 676 2639 princeps
718 2581 917 2623 habenda
949 2587 1038 2635 est,
1083 2596 1214 2635 quum
1244 2596 1293 2621 ea
1322 2586 1505 2621 mentem
1536 2578 1644 2620 divi-

298 2655 377 2681 nae
407 2640 503 2682 luce
533 2637 725 2680 veritatis
759 2639 995 2680 collustret.
1055 2655 1094 2679 v.
1112 2637 1279 2679 Phileb.
1310 2653 1351 2692 p.
1385 2638 1451 2678 57.
1470 2636 1522 2677 E.
1549 2649 1643 2689 sqq.

299 2697 479 2739 Theaet.
509 2713 550 2752 p.
585 2695 678 2735 176.
711 2693 762 2738 C.
805 2695 873 2736 De
905 2695 1013 2751 Rep.
1046 2694 1150 2736 VII.
1182 2711 1223 2750 p.
1261 2695 1354 2734 531.
1386 2693 1443 2734 D.
1476 2698 1519 2733 et
1549 2692 1642 2733 534.
