1687 2969
505 138 746 177 GORGIAS.
778 140 821 177 P.
853 141 946 176 481.
978 139 1036 176 ed.
1069 139 1124 177 St.
1406 140 1479 175 191

140 248 240 289 νυνὶ
277 247 596 298 σπουδάζοντα,
639 247 664 300 ἢ
693 248 920 297 παίζοντα,θ
962 247 996 287 εἰ
1024 245 1100 300 μὲν
1128 246 1210 300 γὰρ
1238 246 1488 296 σπουδάζεις

143 328 185 355 τε
214 312 284 354 καὶ
311 313 508 367 τυγχάνει
535 315 668 353 ταῦτα
697 307 838 366 ἀληθῆ
868 315 985 361 ὄντα,
1016 314 1041 352 ἃ
1070 311 1226 366 λέγεις,
1265 314 1366 353 ἄλλο
1394 327 1432 352 τι
1460 311 1486 364 ἢ

143 379 262 432 ἡμῶν
281 378 304 420 ὁ
327 380 420 429 βίος
447 374 812 431 ἀνατετραμμένος
842 377 894 418 ἂν
923 378 985 431 εἴη
1014 380 1099 418 τῶν
1128 374 1387 430 ἀνθρώπων,
1418 376 1488 417 καὶ

138 444 276 484 πάντα
305 443 355 485 τὰ
386 442 555 484 ἐναντία
585 444 835 495 πράττομεν,
868 442 923 490 ὡς
955 443 1107 491 ἔοικεν,
1151 443 1173 496 ἢ
1204 445 1229 483 ἃ
1259 444 1348 491 δεῖς
1391 444 1485 483 ΣΩ.

133 501 188 549 ³52
220 509 479 557 Καλλίκλεις,
510 509 544 549 εἰ
571 510 627 562 μή
657 525 695 549 τι
727 504 777 562 ἧν
805 512 892 565 τοῖς
922 504 1170 560 ἀνθρώποις
1198 511 1362 556 πάθος,
1400 511 1488 555 τοῖς

140 573 219 626 μὲν
256 577 358 616 ἄλλο
397 591 458 623 τι,
498 578 586 622 τοίς
615 573 658 615 ok
687 577 789 615 ἄλλο
818 590 869 621 τι,
898 573 944 615 τὸ
975 576 1099 623 αὐτό,
1141 575 1249 614 άλλά
1278 590 1338 622 τις
1367 574 1488 627 ἡμῶν

139 639 250 680 ἴδιόν
288 655 326 679 τι
360 638 510 693 ἔπασχε
553 640 692 688 πάθος
732 639 754 692 ἢ
796 639 837 679 οἵ
872 641 1011 687 ἄλλοι,
1056 640 1134 680 οὐκ
1165 639 1217 680 ἂν
1249 635 1299 692 ἦν
1328 639 1478 691 ῥάδιον
1510 643 1550 684 Ι)

140 703 406 754 ἐνδείξασθαι
444 708 501 761 τῷ
541 703 667 761 ἑτέρῳ
705 702 752 745 τὸ
794 702 948 746 ἑαυτοῦ
991 706 1181 759 πάθημα.
1224 703 1329 757 λέγω
1359 701 1394 745 δ’
1426 705 1486 746 ε’ν-

140 771 315 824 νοήσας,
356 767 418 811 ὅτι
457 768 538 823 ἐγώ
577 785 619 811 τε
660 771 728 811 καὶ
767 771 819 810 σὺ
858 775 942 811 νῦν
970 771 1236 823 τυγχάνομεν
1264 771 1421 811 ταύτόν
1449 787 1488 810 τι

139 836 422 884 πεπονθότεςἵ
466 834 616 888 ἑρώντε
655 836 733 877 δύο
773 839 867 876 ὄντε
897 836 1015 876 δυεῖν
1045 834 1258 888 ἑκάτερος,
1301 834 1380 888 ἐγὼ
1411 836 1488 890 μὲν

139 991 295 1023 Bekkero
328 991 415 1023 dedi.
463 992 563 1024 Nunc
587 992 754 1033 pluralem
778 985 957 1024 numerum
982 992 1187 1024 servandum
1213 993 1421 1035 putavimus.
1454 1003 1485 1023 v.

139 1047 225 1078 quae
250 1037 289 1069 de
315 1037 379 1069 hoe
402 1048 526 1080 genere
552 1039 772 1079 exposuimus
797 1038 840 1069 ad
856 1037 1060 1079 Euthydem.
1085 1049 1115 1079 p.
1141 1036 1218 1070 ⁵273.
1243 1039 1285 1069 D.
1311 1039 1485 1080 Protagor.

139 1093 170 1124 p.
195 1081 270 1115 317.
296 1083 334 1114 E.
367 1083 512 1115 Phaedr.
537 1094 568 1125 p.
595 1083 672 1116 254.
697 1085 736 1114 A.
770 1094 800 1124 p.
826 1081 902 1115 278.
928 1084 977 1123 B„
1010 1083 1099 1114 unde
1125 1083 1233 1115 disces
1259 1083 1396 1115 dualem
1422 1094 1486 1114 nu-

139 1138 270 1159 merum
301 1139 371 1160 non
402 1139 478 1160 raro
504 1128 553 1160 sic
579 1139 657 1160 cum
681 1129 806 1170 plurali
830 1139 970 1160 numero
997 1129 1197 1160 consociari.
1244 1129 1334 1161 Dein
1358 1130 1433 1160 Par.
1458 1130 1486 1160 Ι.

140 1174 231 1205 Flor.
255 1173 287 1204 b.
315 1172 424 1205 δυεῖν.
451 1185 481 1204 v.
505 1184 537 1216 p.
562 1172 638 1206 464.
664 1174 713 1212 B„

737 1173 797 1205 ubi
823 1174 938 1205 nullus
964 1174 1071 1205 codex
1098 1173 1206 1210 (δι-εῖν,
1232 1186 1262 1215 p.
1285 1173 1360 1206 473.
1380 1175 1422 1205 D.
1443 1175 1486 1205 al.

140 1218 238 1250 Libri
269 1219 332 1250 hoc
363 1220 400 1250 in
429 1230 554 1261 genere
584 1221 667 1251 mire
692 1220 868 1250 fluctuant.
903 1221 990 1251 conf.
1016 1220 1165 1251 Fischer.
1192 1220 1234 1251 ad
1260 1220 1486 1262 Theophrast.

142 1264 242 1296 Char.
260 1264 302 1303 ΙΙ,
322 1263 351 1296 2.
384 1265 545 1296 Aeschin.
573 1265 665 1297 Socr.
691 1266 734 1303 11,
759 1263 788 1297 3.
822 1266 972 1306 Lcnnep.
999 1265 1040 1296 ad
1065 1266 1164 1296 Phal.
1190 1277 1220 1307 p.
1246 1264 1299 1297 42.
1336 1265 1485 1297 Lobeck.

139 1310 181 1340 ad
212 1309 395 1350 Phrynich.
427 1321 457 1351 p.
484 1309 550 1343 210
574 1320 641 1352 seq.
674 1311 850 1342 Matthiae.
878 1311 934 1342 Gr.
970 1312 998 1350 ἓ.
1026 1309 1100 1343 138.
1126 1309 1156 1343 2.

1212 1311 1355 1342 Videtur
1388 1311 1487 1343 δυεῖν

139 1354 230 1396 apud
253 1355 432 1388 Platonem
456 1366 525 1388 non
550 1357 688 1388 omnino
713 1355 950 1398 spernendum.

141 1500 308 1533 limitibus
362 1502 433 1533 suis
483 1502 779 1533 circumscribatur

141 1552 242 1588 atque
280 1547 476 1578 accuratius
513 1547 703 1579 definiatur.
736 1566 778 1570 —

140 1593 223 1624 Mox
276 1592 412 1624 notabis
458 1597 660 1624 structuram
707 1603 780 1623 ver-

142 1637 262 1669 borum
299 1636 392 1668 ἴδιόν
432 1649 456 1668 τι
484 1656 527 1660 -
556 1635 576 1679 ἢ
609 1638 645 1669 οἱ
675 1635 778 1675 ἄλλοι,

140 1693 227 1724 quae
242 1693 381 1724 prorsus
397 1683 608 1714 conformata
624 1688 675 1715 est
691 1683 778 1722 :coos

140 1727 174 1759 τὸ
204 1725 406 1766 νοούμενον.
456 1728 590 1770 Quippe
620 1730 655 1760 in
686 1728 779 1760 ἴδιοι·

141 1773 438 1814 comprehenditur
469 1774 572 1806 simul
603 1776 696 1806 notio
730 1774 779 1805 di-

141 1819 330 1850 versitatis:
355 1818 445 1850 unde
460 1818 640 1851 subiicitur
658 1817 687 1862 ἥ,
705 1829 780 1860 per-

140 1863 220 1895 inde
251 1874 291 1895 ae
323 1864 353 1895 si
384 1864 547 1906 scriptum
580 1870 670 1897 esset
701 1864 778 1897 ἄλλο

141 1921 167 1941 τι
191 1909 324 1950 ἔπασχε.

186 1955 230 1986 D.
269 1954 372 1997 λέγω
402 1952 429 1986 δ’
457 1953 675 1997 ἐννοήσας
700 1955 777 1998 κτλ.]

143 2000 268 2032 Totum
284 1999 374 2031 hunc
389 1999 515 2040 locum,
539 2001 598 2041 qui
615 2002 778 2042 sequitur,

142 2045 170 2076 F
182 2045 192 2075 i
203 2045 327 2076 cinus
351 2044 485 2076 videtur
501 2046 601 2077 aliter
616 2047 778 2088 scriptum

141 2090 283 2132 legisse,
319 2100 429 2132 neque
456 2096 569 2122 tamen
593 2092 778 2133 quidquam

140 2135 176 2166 in
215 2146 254 2167 eo
293 2135 495 2167 mutandum
533 2141 704 2177 putamus.
735 2156 777 2160 ——

144 2180 214 2212 καὶ
248 2184 319 2212 τοῦ
352 2180 691 2221 Πυριλάμπους,
728 2183 777 2214 in-

143 2226 215 2258 teu.
248 2225 344 2263 υἱοῦ,
378 2237 464 2267 quae
498 2227 657 2267 frequens
691 2228 776 2260 ratio

143 2276 203 2302 est.
241 2271 329 2303 Nam
342 2273 523 2312 quominus
549 2281 626 2303 eum
650 2272 778 2304 Hein—

142 2316 284 2348 dorfio
347 2315 472 2359 Δήμου
532 2318 775 2359 intelligamus,

140 2361 278 2403 linguae
309 2361 402 2403 leges
437 2362 627 2404 prohibent.
675 2364 778 2395 Ludit

141 2411 254 2438 autem
267 2417 534 2439 commemorans
555 2406 665 2450 δῆμον
675 2409 779 2440 Athe-

140 2452 294 2484 niensem
306 2456 407 2494 atque
421 2454 558 2494 Δῆμον,
571 2453 777 2496 Pyrilampis

140 2497 259 2528 filium.
305 2497 521 2539 Elegantiam
556 2499 624 2532 loci
654 2501 776 2540 partim

141 2543 326 2583 explicavit
385 2542 673 2576 Oasaubonus
735 2545 777 2576 ad

141 2588 355 2619 Athenaeum
380 2588 438 2626 IX,
466 2587 516 2620 12.
535 2588 659 2630 p.397.
690 2591 777 2629 „De-

141 2643 216 2664 mus
241 2633 294 2663 hic
319 2632 378 2663 ille
404 2632 482 2671 est''‚
508 2635 628 2675 inquit,
654 2634 776 2673 „sulsi-

141 2679 240 2711 nalo„-
256 2682 288 2709 et
313 2678 483 2709 comtulus
508 2679 651 2718 iuvenis,
677 2691 778 2721 quem

847 1506 885 1533 ut
917 1502 1055 1533 mollem
1087 1506 1120 1533 et
1143 1503 1270 1533 formae
1296 1502 1487 1534 studiosum

848 1548 968 1578 comici
1010 1548 1289 1588 perstrinxerunt.
1328 1559 1359 1578 v.
1399 1549 1487 1579 Ari-

849 1598 942 1634 stop
953 1593 984 1623 h.
999 1593 1122 1634 Vespp.
1141 1604 1172 1623 v.
1187 1591 1239 1624 97.
1254 1594 1367 1634 ibique
1381 1593 1486 1625 schol.

848 1638 900 1669 Ex
930 1639 1005 1669 istis
1030 1638 1138 1669 lucem
1165 1639 1284 1670 afferes
1309 1639 1384 1670 loco
1412 1639 1488 1670 Pla—

847 1683 936 1714 tonis
961 1684 996 1714 in
1016 1684 1154 1725 Gorgia,
1179 1684 1238 1714 ubi
1260 1685 1309 1715 ait
1333 1684 1487 1716 Socrates

849 1728 888 1759 de
913 1738 948 1759 se
973 1736 1005 1760 et
1034 1728 1177 1760 Callicle
1203 1729 1320 1760 ambos
1345 1740 1381 1761 se
1406 1729 1485 1761 duo-

848 1785 921 1805 rum
937 1784 1050 1805 amore
1067 1775 1185 1813 teneri,
1210 1775 1323 1816 ipsum
1349 1775 1487 1816 quidem

848 1818 1039 1851 Alcibiadis
1069 1826 1102 1852 et
1125 1819 1376 1862 philosophiae,
1411 1821 1486 1853 Cal-

848 1864 961 1896 liclem
987 1875 1065 1897 vero
1093 1864 1202 1907 δήμου
1223 1866 1485 1898 Atheniensium

849 1915 882 1942 et
920 1907 1044 1952 Δήμου
1091 1911 1321 1953 Pyrilampis,
1359 1911 1393 1942 id
1436 1916 1487 1943 est

848 1955 964 1998 populi
994 1961 1027 1986 et
1054 1957 1168 1994 Demi,
1203 1958 1262 1997 qui
1293 1962 1365 1988 erat
1395 1957 1486 1988 filius

846 2001 1092 2043 Pyrilampis.⁷‘
1157 2001 1304 2034 Comicis
1350 2006 1487 2044 propter

847 2048 960 2089 ipsum
1002 2044 1126 2088 ,Δήμου
1174 2058 1299 2078 nomen
1346 2047 1487 2078 ludendi

847 2092 1103 2133 cavillandique
1120 2093 1294 2124 materiam
1312 2093 1486 2134 praebuit;

848 2148 878 2168 v.
914 2138 1064 2168 Ranke
1101 2137 1169 2168 Vit.
1208 2138 1311 2169 Arist.
1346 2149 1379 2179 p.
1410 2137 1486 2171 405.

846 2184 874 2214 R
887 2182 1036 2224 aspius
1057 2183 1108 2214 De
1122 2181 1245 2223 Eupol.
1260 2184 1379 2214 Demis
1390 2194 1420 2225 p.
1433 2182 1486 2215 94.

847 2227 933 2259 conf.
949 2228 1037 2258 infra
1054 2238 1085 2268 p.
1104 2226 1179 2259 513.
1198 2228 1236 2258 B.
1270 2228 1485 2270 Quamquam

847 2273 1004 2314 Populi
1051 2274 1297 2314 prosopopoeia
1338 2281 1486 2306 ceterum

848 2329 916 2349 non
941 2318 1006 2348 fuit
1028 2317 1193 2349 inaudita.
1231 2318 1367 2350 Statuas
1384 2321 1485 2351 Demi

849 2363 952 2395 Attici
985 2369 1149 2394 memorat
1178 2364 1427 2397 Pausanias
1459 2366 1485 2405 1,

848 2408 878 2448 1,
902 2407 931 2440 3.
966 2415 998 2439 et
1021 2406 1053 2447 3,
1077 2407 1108 2441 4.
1156 2409 1313 2441 Eundem
1341 2411 1484 2442 Parrha-

847 2455 917 2485 sius
934 2454 969 2484 in
994 2453 1112 2485 tabula
1136 2457 1415 2496 repraesentavit,
1443 2456 1483 2487 de

847 2510 912 2540 quo
932 2499 1020 2529 Plin.
1034 2499 1074 2530 N.
1094 2500 1137 2530 H.
1154 2500 1295 2539 XXXV,
1312 2499 1366 2533 36.
1406 2500 1484 2532 Fal—

846 2545 928 2575 litur
964 2554 1042 2575 vero
1081 2544 1369 2577 Casaubonus
1401 2547 1422 2577 l.
1455 2556 1484 2576 c.

847 2589 1061 2621 scribendum
1094 2597 1217 2630 putans
1250 2590 1304 2621 καὶ
1340 2594 1398 2621 τοῦ
1426 2594 1484 2622 τοῦ

849 2633 1103 2674 [notificamus.
1152 2636 1239 2666 Nam
1272 2646 1381 2676 neque
1407 2637 1484 2667 arti-

846 2679 962 2712 culum
981 2680 1098 2711 eodem
1123 2690 1205 2711 casu
1229 2681 1279 2711 sic
1304 2681 1482 2722 repetitum
