1687 2969
259 130 338 171 150
732 122 1113 168 PLATONIS

259 249 330 290 καὶ
366 251 462 295 ταῖς
494 239 649 294 ἄλλαις
684 241 837 294 οὕτως,
872 238 983 285 κατὰ
1020 240 1071 284 τὸ
1109 240 1222 292 εἶδος
1259 238 1442 293 ἑκάστης
1462 241 1604 295 τιμῆς.

255 316 307 375 τῇ
343 315 388 357 δὲ
424 310 701 371 πρεσβυτάτῃ
739 307 969 369 Καλλιόπη
1012 310 1085 351 καὶ
1119 310 1170 368 τῇ
1205 306 1297 363 μετ’
1340 307 1482 361 αὐτὴν
1521 307 1604 351 Οὐ-

256 383 390 436 ρανία
422 377 527 429 τοὺς
560 384 606 421 ὲν
639 380 883 436 φιλοσοᾳίᾳ
921 374 1159 428 διάγοντας
1198 392 1243 418 τε
1279 378 1351 418 καὶ
1386 378 1604 432 τιμῶντας

255 445 338 500 τὴν
372 449 543 490 ἐκείνων
577 443 789 501 μουσικὴν
817 442 1113 497 ἀγγέλλουσιν,
1151 443 1197 485 αἳ
1233 440 1285 494 δὴ
1304 439 1492 497 μάλιστα
1516 444 1604 486 τῶν

258 516 457 558 Μουσῶν
491 517 588 569 περί
621 528 665 554 τε
702 508 896 567 οὐρανὸν
931 513 1003 552 καὶ
1041 509 1198 565 λόγους
1234 503 1363 553 οὖσαι
1386 511 1541 560 θείους
1558 526 1602 552 τε

256 584 329 626 καὶ
363 580 680 636 ἀνθρωπίνους
723 580 811 620 ι’ἇσι
855 579 1089 629 καλλίστην
1124 574 1294 635 φωνήν.
1339 578 1511 620 πολλῶν
1548 575 1601 628 δὴ

258 643 338 693 οὖν
370 652 509 691 ἕνεκεν
544 649 716 689 λεκτέον
752 662 792 687 τι
829 647 900 687 καὶ
938 643 988 687 οὐ
1024 646 1326 696 καθευδητεόν
1363 648 1408 687 ὲν
1442 645 1494 703 τῇ
1533 660 1606 699 με·

256 717 461 772 onustosq-

360 783 492 825 ‹DAL
560 781 753 823 Λεκτέον
788 775 873 834 γὰρ
910 769 1005 820 οὖν.

359 846 471 909 Cap.
507 843 656 890 XLII.
725 844 832 887 ΣΩ.
904 842 1097 894 Οὐκοῦν,
1143 842 1249 899 ὅπερ
1293 846 1373 887 νῦν
1407 843 1607 899 προύθέ-

258 919 405 973 μεθα,
448 915 710 974 σκέψασθαι
747 908 826 955 τὸν
870 909 1002 965 λόγον
1045 908 1131 971 ὅπῃ
1172 912 1314 961 καλῶς
1353 914 1436 967 ἔχει
1471 914 1606 966 λέγειν

260 1001 304 1028 τε
340 985 413 1027 καὶ
446 980 633 1041 γράφειν
667 981 739 1023 καὶ
774 975 860 1040 ὅπῃ
895 977 969 1033 μή,
1004 983 1222 1022 σκεπτέον.

364 1051 494 1094 ΦΑΙ.
562 1049 722 1100 Δῆλον.

355 1117 463 1161 ΣΩ.
519 1108 625 1170 Ἆρ’
670 1106 750 1156 οὖν
786 1110 864 1168 οὐχ
899 1109 1111 1169 ὑπάρχειν
1148 1115 1211 1156 δεῖ
1246 1119 1338 1162 τοῖς
1369 1104 1414 1154 εἶ]
1450 1128 1496 1166 γε
1531 1113 1604 1154 καὶ

257 1187 396 1236 καλῶς
431 1182 760 1243 ῥηθησομένοις
792 1178 874 1232 τὴν
895 1181 974 1222 τοῦ
993 1182 1196 1234 λέγοντος
1216 1178 1421 1223 διάνοιαν
1440 1180 1606 1222 εἰδυῖαν

258 1250 308 1297 τὸ
344 1251 517 1304 ἀληθὲς
550 1242 611 1291 ὧν
646 1244 704 1290 ἂν
739 1252 849 1304 ἐρεῖν
884 1251 980 1302 πέρι
1012 1249 1170 1307 afflig),-

361 1320 490 1363 ‹DAL
563 1313 731 1359 Οὑτωσὶ
765 1316 863 1371 περὶ
898 1312 1060 1357 τούτου
1095 1312 1280 1367 ἀκήκοα,
1317 1305 1348 1355 ὦ
1378 1315 1476 1373 φίλε
1503 1311 1605 1354 Σώ-

335 1447 390 1482 ·1).
438 1451 534 1484 ταῖς
564 1446 714 1482 ἄλλαις
735 1444 894 1488 οὕτως]
920 1445 960 1479 V.
987 1443 1091 1477 οὕτω,
1143 1443 1215 1476 Sed
1244 1445 1432 1486 pleniorem
1458 1446 1605 1478 formam

259 1497 391 1571 ξιιοῑιιι-Ο
406 1493 506 1528 Bodl.
543 1503 620 1525 cum
657 1492 741 1525 aliis.
777 1502 807 1526 v,
842 1491 885 1524 ad
916 1491 1099 1533 Protagor.
1136 1501 1168 1532 p.
1194 1489 1274 1524 351.
1311 1490 1348 1524 B.
1378 1495 1412 1523 et
1437 1491 1545 1534 Gorg.
1573 1503 1605 1534 p.

258 1539 528 1641 ‘'afficimus-
560 1582 705 1627 τιμῆς]
741 1582 780 1616 V.
808 1579 1089 1629 τιμῆς-ἑκάστης,
1122 1581 1236 1614 invitis
1259 1581 1432 1614 codicibus
1458 1587 1609 1625 praeter.

258 1641 308 1675 pr.
330 1630 418 1708 Ῑῖίαὶ
442 1678 488 1715 τῇ
514 1673 604 1717 μετ’
632 1672 787 1717 αὐτήν]
822 1674 860 1708 V.
886 1674 943 1705 καὶ
967 1676 1008 1714 τῇ
1037 1670 1123 1716 μετὰ
1148 1670 1289 1714 ταύτην,
1315 1673 1407 1707 libris
1434 1675 1606 1717 plerisque

259 1722 413 1756 omnibus
436 1720 709 1755 adversantibus.

349 1766 515 1799 πολλῶν
546 1766 593 1807 δὴ
633 1762 709 1797 οὖν
737 1764 872 1797 ἕνεκεν
906 1764 956 1806 λ.]
996 1764 1054 1796 Sic
1090 1764 1187 1798 Bodl.
1221 1764 1305 1798 Ven.
1347 1764 1390 1796 Σ.
1425 1765 1504 1799 Par.
1531 1765 1603 1798 BH

260 1814 364 1847 Coisl.
388 1812 481 1846 Flor.
508 1823 538 1845 a.
567 1822 596 1845 c.
621 1823 654 1854 g.
679 1811 708 1844 h.
738 1814 777 1843 θ.
807 1811 972 1843 Vindobb.
1002 1811 1029 1843 1.
1055 1809 1086 1844 3.
1113 1809 1144 1844 6.
1170 1810 1236 1843 alii.
1287 1810 1396 1853 Vulgo
1423 1815 1495 1843 erat
1519 1813 1608 1842 πολ-

259 1861 323 1892 λῶν
347 1854 410 1891 οὖν
434 1857 473 1898 δὴ
499 1856 615 1891 ἕνεκεν.
633 1858 771 1890 Bekker
788 1868 806 1890 e
823 1856 923 1891 codd.
950 1853 1068 1889 AHG
1094 1855 1229 1898 scripsit
1247 1856 1377 1888 πολλῶν
1388 1856 1444 1902 ὃῆῑ
1461 1855 1605 1892 οὖίἐκεν,

303 1971 344 2004 D.
415 1970 490 2012 τὴν
537 1972 703 2003 ἐκείνων
748 1982 898 2013 μουσι-
968 1980 1000 2012 p.
1013 1968 1093 2004 890.
1120 1970 1159 2002 D.
1186 1968 1269 2001 ἀλλὰ
1296 1973 1418 2012 πᾶσαν,
1445 1969 1484 2002 τὸ
1511 1970 1608 2012 λεγό-

256 2016 343 2059 κήν]
368 2017 453 2050 Nam
477 2017 662 2059 φιλοσοφία
687 2021 740 2049 est
758 2017 900 2059 μεγίστη

256 2062 427 2106 μουσική,
459 2067 496 2094 ut
522 2066 574 2095 est
598 2065 629 2095 l'n
657 2062 828 2096 Phaedon.
854 2062 898 2096 ln.

258 2109 362 2144 Quod
394 2113 507 2141 autem
542 2108 787 2151 philosophiam
820 2108 899 2139 Cal-

259 2156 368 2197 liopae
393 2160 426 2187 et
451 2155 596 2187 Uraniae
619 2154 792 2193 attribuit,
826 2153 899 2186 eius

259 2201 305 2233 rei
340 2200 503 2232 rationein
544 2199 655 2233 reddit
691 2200 804 2232 verbis
842 2209 899 2231 se—

259 2246 455 2287 quentibus:
494 2245 534 2277 αἳ
571 2246 648 2288 περί
681 2258 718 2278 τε
749 2243 899 2289 οὐρανὸν

258 2291 312 2322 καὶ
341 2290 466 2333 λόγους
497 2287 602 2325 οὖσαι
633 2292 727 2331 usk,
760 2291 792 2323 in
821 2291 898 2333 qul-

260 2337 320 2368 bus
345 2336 494 2380 οὗρανὸν
518 2337 560 2369 ad
578 2338 749 2378 Uraniam‚
775 2335 897 2380 λόγους

258 2382 300 2414 ad
326 2383 503 2423 Calliopen
538 2382 656 2415 referri
683 2382 897 2415 manifestum

260 2431 324 2461 cst.
372 2428 418 2460 Et
435 2428 593 2460 Uraniam
618 2428 752 2470 quidem
771 2426 897 2472 Pytha-
914 2428 917 2437 '

258 2483 440 2515 goreorum
473 2475 631 2516 exemplo
664 2474 898 2516 philosophiae

259 2519 395 2550 videtur
441 2519 665 2560 praefecisse:
705 2520 766 2552 nisi
807 2520 898 2552 forte

260 2563 445 2606 superioris
470 2565 672 2597 narrationis
705 2565 819 2597 habuit
842 2575 897 2597 ra-

260 2611 408 2650 tionem,
443 2610 474 2641 in
506 2620 570 2651 qua
604 2610 700 2643 ideae
723 2611 898 2653 fingeban-

261 2660 314 2688 tur
338 2656 370 2687 in
394 2656 492 2688 coelo
517 2666 593 2688 esse
610 2657 811 2689 collocatae.
846 2655 898 2688 Ad

265 2704 334 2733 ἱιῖοι
359 2700 534 2743 καλλίστην
554 2700 669 2744 φωνὴν
683 2701 769 2734 conf.
791 2702 897 2744 Legg,

965 2027 1085 2057 μενον,
1111 2015 1224 2057 φωνὴν
1247 2017 1338 2048 ἱέντα
1357 2035 1400 2041 —-
1415 2018 1606 2060 γίγνεσθαι.

967 2060 1112 2103 Euthyd.
1139 2072 1172 2103 p.
1196 2061 1277 2097 292.
1305 2063 1345 2095 Ε.
1373 2063 1473 2106 Reip.
1510 2064 1548 2098 V.
1574 2075 1606 2106 p.

965 2105 1044 2141 475.
1071 2108 1110 2140 A.
1133 2109 1175 2140 al.

1011 2153 1204 2186 Λεκτέον
1243 2152 1323 2197 γὰρ
1362 2149 1461 2197 οὖν]
1499 2155 1605 2188 Post-

968 2209 1068 2240 quam
1085 2199 1247 2233 Socrates
1273 2201 1398 2233 urbana
1414 2211 1491 2233 cum
1509 2201 1607 2234 festi-

966 2244 1072 2277 vitate
1097 2245 1246 2278 ostendit
1270 2247 1492 2279 meridianum
1518 2252 1606 2280 tem-

965 2300 1028 2332 pus
1054 2290 1326 2325 confabulatione
1359 2293 1472 2335 potius
1505 2303 1607 2334 quam

965 2337 1081 2377 quiete
1112 2346 1189 2369 esse
1223 2337 1498 2379 transigendum,
1537 2349 1605 2380 quo

966 2382 1098 2414 scilicet
1129 2393 1190 2423 per
1215 2383 1350 2415 cicadas
1377 2384 1485 2416 Musis
1515 2388 1604 2417 tam-

965 2437 1064 2469 quam
1080 2426 1231 2461 homines
1245 2429 1476 2472 philosophiae
1489 2440 1604 2462 aman-

964 2477 1018 2506 tes
1066 2476 1364 2515 commendentur3
1416 2474 1603 2514 Phaedrus,

965 2519 1007 2551 ad
1034 2519 1128 2551 cuius
1153 2522 1354 2553 sententiam
1387 2525 1422 2553 et
1453 2524 1601 2553 mentem

966 2564 1029 2596 hoc
1053 2575 1191 2606 prorsus
1213 2566 1509 2598 accommodatum
1536 2572 1601 2605 est,

966 2611 1072 2642 misso
1104 2611 1146 2644 de
1186 2612 1298 2644 sabula
1337 2613 1392 2644 illa
1432 2621 1602 2653 sermone,

965 2656 1125 2689 continuo
1155 2659 1301 2690 affirmat
1325 2657 1440 2698 utique
1469 2667 1602 2690 sermo—

966 2711 1025 2735 nes
1059 2712 1136 2735 esse
1169 2703 1370 2736 miscendos.
1429 2701 1505 2735 Qua
1548 2713 1601 2735 re-
