1687 2969
731 108 772 111 —
844 87 1001 125 LXXXVI
1074 108 1115 112 —

255 200 367 243 enim
403 198 504 240 inde
547 215 572 240 a
607 215 649 255 p.
704 200 799 242 268.
842 201 899 242 A.
938 200 1122 243 artificia
1165 200 1400 255 rhetorica,
1455 201 1598 257 qualia

253 257 384 312 vulgo
421 256 655 310 iactentur,
696 272 848 311 parum
887 264 961 299 aut
990 257 1097 298 nihil
1126 257 1170 298 in
1201 258 1597 312 permovendis

255 312 450 355 animis
480 327 608 367 posse
638 319 889 368 propterea,
930 313 1047 368 quod
1076 313 1185 355 nihil
1222 329 1273 356 eo
1312 315 1509 369 valeant,
1549 321 1599 357 ut

254 376 330 411 aut
359 369 558 411 universa
586 370 647 411 rei
678 370 902 425 cuiusque,
937 369 989 413 de
1022 385 1107 425 qua
1136 370 1367 412 dicendum
1396 372 1478 426 sit,
1520 387 1597 413 na-

253 433 351 468 tura
380 425 690 481 perspiciatur,
721 432 796 467 aut
823 426 942 468 varia
971 427 1177 469 orationis
1209 443 1384 484 genera,
1414 444 1494 483 pro
1523 444 1598 469 va—

252 483 406 524 rietate
425 482 694 539 ingeniorum
725 482 906 539 singulis
935 482 1195 536 adhibenda,
1227 484 1308 526 rite
1328 483 1599 541 distinguan-

252 546 337 581 tur.
397 538 532 581 Cuius
570 539 632 580 rei
662 539 845 581 facultas
874 555 917 594 p.
949 541 1043 582 269.
1084 540 1136 582 B.
1169 540 1219 584 C.
1251 541 1326 582 11111
1355 541 1601 583 vindicatur

254 595 505 638 dialecticae
545 595 804 650 omninoque
833 596 1148 651 philosophiae.
1209 597 1332 639 Haec
1365 598 1478 639 enim
1508 597 1602 639 sola

254 667 350 695 esse
380 652 624 705 iudicatur,
658 667 793 707 quae,
826 652 1056 695 dummodo
1087 653 1291 696 idoneum
1321 660 1450 696 nacta
1478 654 1600 710 inge-

253 709 372 751 nium
408 710 479 762 sit,
519 715 610 750 tum
639 709 887 750 interiorem
916 725 1057 751 rerum
1086 712 1249 765 pariter
1278 717 1409 766 atque
1440 710 1600 752 animo-

253 782 348 808 rum
377 772 573 807 naturam
602 765 860 821 patefaciat,
907 773 1099 808 assumta
1129 768 1259 818 etiam
1286 768 1421 809 totius
1452 765 1603 809 mundi

254 822 635 877 contemplatione,
667 828 758 863 tum
789 822 918 864 variis
949 829 992 864 et
1015 823 1257 866 orationum
1289 830 1332 866 et
1363 823 1602 865 animorum

253 879 484 935 generibus
534 877 750 920 distinctis
799 894 927 933 quam
965 879 1200 922 clarissime
1240 880 1417 933 doceat,
1471 895 1601 935 quae-

253 951 353 977 nam
383 935 599 977 orationes
631 935 789 990 quibus
821 935 973 977 animis
1006 952 1092 991 quo
1110 943 1305 992 tempore
1332 943 1377 978 et
1396 937 1494 979 loco
1524 935 1601 978 ad-

253 991 493 1034 movendae
523 991 624 1045 sint,
656 1007 791 1047 eaque
820 993 865 1033 in
894 1007 939 1033 re
961 999 1212 1035 constanter
1240 993 1348 1035 illud
1379 999 1600 1048 sequatur,

254 1055 303 1091 ut
339 1065 427 1091 11011
456 1064 568 1090 vana
605 1055 648 1090 et
677 1049 814 1090 inanis
861 1057 1059 1105 captetur
1087 1050 1473 1092 verisimilitudinis
1505 1065 1602 1106 spe-

254 1106 358 1160 cies,
389 1105 468 1148 sed
495 1105 688 1147 veritatis
718 1105 908 1148 rationes
950 1105 1182 1162 diligenter
1221 1108 1526 1160 observentur,
1566 1107 1602 1147 i-

254 1161 447 1217 deoque,
487 1162 615 1204 sicuti
644 1163 708 1204 fas
740 1162 816 1215 sit,
857 1178 908 1204 ea
936 1164 1234 1218 proferantur,
1267 1179 1400 1219 quae,
1441 1164 1479 1205 si
1515 1179 1603 1205 non

254 1219 524 1273 hominibus,
571 1224 615 1260 at
645 1225 760 1261 certe
792 1218 875 1260 diis
904 1219 1244 1274 immortalibus,
1280 1235 1423 1262 rerum
1452 1219 1603 1261 huma-

254 1291 406 1318 narum
436 1275 646 1329 dominis,
677 1282 801 1332 grata
833 1276 920 1317 sint
949 1282 992 1317 et
1021 1283 1225 1332 accepta3
1256 1294 1298 1333 p.
1331 1278 1427 1319 268.
1457 1277 1514 1318 A.
1548 1301 1602 1307 -—

255 1333 338 1376 274
375 1333 432 1375 A.
515 1332 615 1386 Qua
672 1332 848 1387 quidem
896 1332 1187 1389 disputatione
1241 1333 1604 1389 quemadmodum

255 1389 566 1432 confirmantur
595 1390 831 1446 superiora,
863 1390 1019 1444 quibus
1049 1389 1385 1433 demonstratum
1416 1396 1482 1432 est
1512 1389 1604 1431 dia-

254 1446 451 1488 lecticam
492 1452 535 1488 et
573 1445 616 1487 111
656 1446 959 1502 cognoscenda
997 1463 1140 1489 rerum
1178 1454 1333 1489 natura
1364 1447 1604 1489 0111111111-

258 1502 413 1559 gendis
443 1509 573 1558 atque
604 1502 833 1545 cernendis
874 1503 984 1546 ideis
1015 1504 1203 1559 versari,
1248 1505 1309 1546 ita
1347 1505 1476 1547 etiam
1515 1519 1604 1545 su-

255 1574 473 1616 premus
506 1559 641 1602 finis
671 1558 937 1615 designatur,
970 1560 1025 1601 ad
1056 1576 1183 1615 quem
1202 1577 1253 1603 ea
1283 1560 1471 1616 denique
1501 1575 1603 1602 con-

254 1615 433 1658 tendere
455 1616 626 1659 debeat.
684 1617 778 1658 Iam
808 1632 910 1658 vero
931 1617 997 1658 his
1018 1618 1214 1660 omnibus
1236 1623 1454 1675 postremo
1475 1617 1605 1658 etiam

257 1679 458 1727 quartum
499 1672 705 1728 quiddam
748 1673 972 1728 adiicitur,
1006 1674 1123 1728 quod
1153 1681 1194 1716 et
1224 1676 1366 1731 ipsum
1397 1674 1453 1716 ad
1481 1679 1603 1730 pate-

257 1729 500 1772 faciendam
537 1730 789 1772 dialecticae
829 1731 916 1771 vim
953 1746 1003 1772 ac
1043 1731 1246 1772 virtutem
1273 1732 1400 1787 plane
1431 1746 1605 1786 compa-

258 1793 399 1828 ratum
430 1792 510 1839 est,
545 1786 896 1841 quandoquidem
927 1787 988 1828 ad
1020 1788 1140 1829 eius
1171 1803 1323 1830 usum
1354 1794 1407 1829 et
1446 1802 1604 1828 exer-

260 1843 588 1885 citationem
637 1843 898 1899 pertinet.
989 1843 1135 1897 Quum
1194 1845 1307 1886 enim
1372 1844 1602 1897 rhetorica,

259 1900 428 1955 qualem
446 1914 578 1955 supra
589 1900 1017 1956 cognovimus,etiam
1033 1901 1340 1957 scriptionibus
1358 1901 1603 1942 orationum

258 1957 489 2012 plurimum
506 1956 714 1999 tribueret
732 1956 872 2011 iisque
889 1957 1065 1999 mirifice
1086 1959 1348 2013 superbiret3
1379 1958 1480 2000 inde
1511 1973 1536 1999 a
1560 1974 1602 2013 p.

259 2015 354 2055 274.
397 2013 449 2054 B.
493 2014 621 2054 etiam
657 2013 898 2054 litterarum
938 2014 1174 2069 scriptura,
1207 2031 1318 2070 quae
1348 2015 1602 2067 invaluerat,

258 2071 320 2111 ita
347 2075 533 2124 taxatur,
564 2076 612 2111 ut
650 2070 772 2126 gravi
802 2085 851 2111 ac
883 2070 1043 2112 diserta
1073 2070 1367 2126 disputatione
1399 2070 1601 2113 ostenda—

258 2134 351 2181 tur,
398 2133 559 2181 quanto
590 2127 645 2169 sit
674 2127 963 2181 praestantior
992 2127 1079 2169 vivi
1120 2135 1163 2169 et
1192 2129 1367 2170 animati
1397 2127 1604 2170 sermonis

260 2200 387 2238 quam
426 2190 640 2225 mutarum
678 2183 916 2225 litterarum
956 2185 1194 2239 usurpatio.
1268 2184 1485 2238 Quocirca
1516 2184 1603 2240 pri-

258 2256 373 2281 mum
404 2240 577 2295 quidem
620 2256 744 2282 usum
775 2240 1012 2282 litterarum
1043 2240 1125 2283 hoc
1155 2242 1253 2282 mali
1281 2242 1439 2283 habere
1470 2241 1604 2297 signi-

258 2297 436 2350 ficatur,
478 2304 526 2338 ut
570 2297 797 2338 memoriae
829 2297 914 2338 vim
956 2297 1196 2339 obtundere
1226 2298 1421 2353 adeoque
1453 2298 1604 2340 animis

257 2353 478 2394 hominum
524 2369 680 2395 vanam
724 2353 961 2409 sapientiae
993 2354 1262 2409 opinionem,
1300 2371 1402 2397 vero
1434 2355 1602 2411 sapien-

258 2410 343 2450 tiae
395 2409 539 2451 studio
591 2410 740 2464 utique
777 2410 1016 2463 inimicam,
1068 2411 1317 2467 ingenerare
1357 2412 1603 2454 existiman-

259 2465 340 2507 dus
371 2467 440 2507 sit.
500 2467 673 2508 Deinde
704 2482 806 2510 vero
837 2467 965 2509 etiam
995 2467 1197 2522 docetur,
1229 2469 1414 2524 scriptae
1445 2469 1602 2510 oratio-

261 2523 325 2564 nis
364 2523 524 2564 nullam
563 2523 688 2565 aliam
729 2524 817 2566 fere
859 2540 951 2566 esse
983 2524 1236 2574 utilitatem,
1278 2526 1360 2568 nisi
1389 2526 1514 2577 hanc,
1555 2531 1602 2566 ut

258 2579 399 2621 valeat
436 2579 491 2620 ad
522 2581 894 2623 commonitionem
926 2587 967 2622 et
997 2581 1362 2636 recordationem,
1409 2581 1601 2637 quando—

263 2635 433 2691 quidem
465 2636 519 2677 ad
538 2637 829 2693 cognitionem
849 2637 945 2680 ideo
977 2638 1115 2680 minus
1147 2647 1244 2694 apta
1269 2640 1336 2681 vel
1366 2639 1482 2681 utilis
1502 2641 1601 2680 cen-
