1687 2969
213 173 288 207 150
763 169 1021 207 PLATONIS

210 277 422 328 πρόσθενς
453 278 552 316 ΣΩ.
586 275 671 316 Καὶ
700 275 781 328 γὰρ
810 283 892 317 νῦν
920 276 1128 329 ὁμολογῶ.
1186 277 1332 315 ΠΩΛ.
1383 276 1557 316 Οὐκοῦν

210 348 409 382 ποιοῦσιν
435 341 723 393 ἃψβούλονται.
762 343 857 381 ΣΩ.
894 342 957 381 Οὔ
978 356 1097 393 φημι.
1141 341 1288 381 ΠΩΛ.
1322 341 1557 387 Ποιοῡντες

180 406 182 408 ’
211 406 255 447 δὲ
285 407 310 446 ἃ
339 406 457 446 δοκεῖ
484 405 651 453 atsteig,-
700 407 799 445 252.
844 406 970 458 Φημι.
1030 407 1176 445 ΠῼΛ.
1222 403 1400 457 Σχέτλια
1427 403 1557 456 λέγεις

212 470 282 512 καὶ
321 471 551 523 ὑπερφυῆ.
608 464 641 510 ὦ
681 471 916 521 Σώκρατες.
975 471 1075 509 EQ..
1125 469 1205 522 Μὴ
1233 469 1478 522 κατηγόρει,
1524 470 1556 509 ὠ

212 539 341 592 λῷστε
368 537 505 585 Πῶλε,
538 535 607 575 ἵνα
629 535 839 587 προςείπω
868 544 912 574 σε
942 534 1046 575 κατὰ
1075 533 1141 574 σέ·
1172 534 1258 574 ἀλλ’
1290 534 1324 574 εἰ
1351 532 1427 586 μὲν
1456 531 1558 587 ἔχεις

215 599 284 650 ἐμὲ
315 598 498 651 ἐρωτᾶν,
547 600 773 649 ἐπίδειξον,
815 599 878 639 ὅτι
905 600 1136 652 ψεύδομαι,
1177 599 1210 639 εἰ
1239 597 1283 639 δὲ
1311 600 1391 652 μή,
1432 599 1559 646 αὐτὸς

214 665 464 716 ἀποκρίνου.
524 666 669 705 ΠΩΛ.
707 660 836 717 ζἈλλ’
868 662 1000 704 ἐθέλω
1029 664 1352 716 ἀποκρίνεσθαι,
1391 663 1462 704 ἴνα
1489 663 1560 704 καὶ

214 730 310 770 εἰδῶ
339 728 361 770 ὅ
389 745 428 769 τι
456 728 599 781 λέγεις.

300 795 405 852 Cap.
437 795 614 837 XXIII.
674 794 773 832 2352.
828 793 1023 845 Πότερον
1063 788 1143 833 οὖν
1181 803 1248 832 σοι
1286 792 1492 833 δοκοῦσιν
1521 793 1562 834 οἱ

213 865 439 914 ἄνθρωποι
476 867 603 901 τοῦτο
643 861 898 912 βούλεσθαι,
940 857 963 899 ὃ
1002 859 1055 899 ἂν
1084 860 1321 911 πράττωσιν
1350 858 1561 907 ἑκάστοτε,

213 927 239 979 ἢ
263 925 414 973 ἐκεῖνο,
445 919 497 966 οὗ
523 924 646 966 ἕνεκα
674 925 907 977 πράττουσι
935 919 1074 973 τοῦθ’,
1105 925 1127 964 ὃ
1156 925 1436 976 πράττουσιν;
1467 920 1562 966 οἷον

215 991 256 1032 οἱ
294 1006 344 1031 τα
384 991 588 1043 φάρμακα
624 991 818 1037 πίνοντες
847 989 960 1042 παρὰ
988 994 1073 1029 τῶν
1103 989 1259 1042 ἰατρῶν
1287 990 1468 1042 πότερόν
1496 1000 1563 1031 σοι

214 1056 391 1097 δοκοῦσι
419 1062 544 1096 τοῦτο
575 1055 820 1107 βούλεσθαι,
866 1051 969 1106 ὅπερ
998 1061 1183 1105 ποιοῦσι,
1212 1054 1350 1095 πίνειν
1378 1055 1426 1094 τὸ
1456 1069 1560 1107 φαρ-

214 1136 351 1174 μακον
380 1120 449 1161 καὶ
479 1120 648 1172 ἀλγεῖ-ν,
689 1119 713 1171 ἢ
747 1118 904 1168 ἐκεῖνο,
941 1118 988 1159 τὸ
1020 1118 1238 1171 ὑγιαίνειν
1268 1112 1320 1160 οὗ
1348 1117 1470 1160 ἕνεκα
1499 1120 1562 1160 πί-

214 1195 359 1234 νουσις
392 1186 536 1225 ΠΩΛ.
560 1187 720 1236 Δῆλον,
743 1184 805 1224 ὄτι
823 1183 870 1224 τὸ
890 1184 1111 1236 ὑγιαίνειν,
1136 1185 1188 1225 οὑ
1208 1183 1330 1225 ἕνεκα
1350 1184 1560 1225 πίνουσιν.

220 1252 320 1291 Σῼ.
368 1250 542 1290 Ούκουν
578 1249 647 1290 καὶ
685 1249 726 1290 οῖ
753 1247 950 1296 πλέοντες
978 1263 1019 1289 τε
1049 1250 1117 1289 καὶ
1147 1251 1222 1289 τὸν
1250 1252 1380 1291 ἄλλον
1408 1265 1562 1304 χρημα-

214 1316 362 1368 τισμὸν
399 1315 746 1368 χρηματιζόμενοι
786 1314 837 1355 οὐ
876 1315 1003 1354 τοῦτό
1044 1312 1156 1354 ἐστιν
1196 1312 1218 1354 ὃ
1260 1315 1499 1366 βούλονται,
1541 1316 1563 1356 ὃ

214 1386 412 1421 ποιοῦσιν
453 1378 669 1420 ἑκάστοτε·
713 1380 773 1426 τίς
810 1379 891 1431 γὰρ
931 1380 1126 1431 βούλεται
1164 1381 1282 1419 πλεῖν
1310 1393 1352 1419 τε
1381 1379 1450 1420 καὶ
1479 1396 1563 1420 κιν-

283 1502 525 1535 Ποιοῦντες
552 1501 597 1533 δὲ
623 1499 642 1532 ἃ
669 1500 809 1544 δοκεῖ]
838 1500 876 1533 δὲ
900 1512 964 1532 om.
988 1501 1079 1533 Flor.
1101 1503 1135 1533 b.
1153 1513 1184 1533 x.
1207 1502 1295 1544 Aug.
1311 1502 1408 1534 Bodl.
1424 1503 1561 1534 Meerm.

215 1548 316 1579 Vind.
349 1546 378 1579 2.
411 1547 440 1579 6.
478 1548 564 1578 Ven.
598 1547 636 1578 Σ.
682 1547 757 1578 Par.
792 1547 857 1577 IV.
898 1552 930 1577 et
967 1547 1133 1578 Stobaeus
1166 1547 1373 1579 Trineavell.
1399 1550 1562 1589 probante

216 1592 426 1624 Heindorfio.
470 1592 636 1623 Stobaeus
663 1592 803 1623 Gesner.
830 1594 966 1622 ποιοῦσι
993 1591 1039 1623 δέ.

284 1637 337 1679 Σχ
348 1637 460 1668 ἑτλια
485 1638 499 1667 λ
511 1636 552 1678 ἐγ
565 1648 598 1667 ει
612 1635 647 1679 s]
675 1636 767 1668 Stob.
790 1635 927 1677 Σχέτλιά
941 1648 979 1678 γε
998 1636 1114 1678 λέγεις,
1137 1636 1226 1677 quod
1242 1637 1370 1678 recepit
1385 1637 1562 1669 Heindorf.

281 1683 323 1714 D.
373 1677 422 1713 οὗ
455 1682 583 1713 ἕνεκα
619 1681 855 1723 πίνουσιν]
899 1681 1046 1713 Seclusit
1084 1681 1168 1713 haec
1208 1682 1243 1712 in
1282 1683 1358 1714 Poli
1399 1692 1561 1725 responso

923 1804 954 1825 v.
979 1794 1123 1835 interpp.
1149 1795 1189 1825 T.
1211 1795 1253 1825 II.
1276 1805 1308 1836 p.
1333 1792 1363 1826 2.
1390 1798 1422 1826 et
1445 1795 1563 1826 Hem-

214 1841 252 1871 In
270 1840 323 1871 his
342 1840 397 1871 καὶ
423 1839 488 1882 γάρ
515 1850 582 1870 non
608 1842 660 1870 est
683 1840 854 1878 etenim,
924 1838 1108 1870 sterhus.
1141 1839 1183 1870 ad
1220 1840 1391 1880 Aristoph.
1417 1839 1505 1870 Plut.
1532 1851 1562 1881 p.

214 1885 272 1916 sed
304 1887 364 1916 καί
396 1885 543 1926 pertinet
579 1884 621 1915 ad
659 1887 732 1915 νῦν.
787 1883 855 1923 Qui
923 1882 999 1915 331.
1035 1883 1131 1915 Conf.
1158 1894 1260 1925 supra
1283 1895 1314 1925 p.
1339 1882 1415 1917 448

213 1940 295 1961 usus
311 1929 484 1970 loquendi,
502 1929 566 1960 etsi
580 1928 673 1959 haud
694 1929 742 1960 ita
759 1939 854 1960 rarus
969 1929 1006 1960 C.
1055 1929 1096 1959 Zz
1107 1940 1126 1959 α
1160 1928 1228 1960 καὶ
1263 1928 1388 1970 είιδῶ]
1426 1929 1482 1960 Sic
1508 1941 1562 1960 και

213 1979 283 2012 est,
315 1975 443 2016 passim
476 1977 588 2005 tamen
623 1974 714 2005 viros
739 1973 854 2005 doctos
924 1978 999 2014 poet
1031 1974 1088 2004 ἱία
1120 1974 1263 2004 infertur
1287 1974 1403 2015 Lysid.
1430 1985 1460 2014 p
1486 1972 1562 2025 204.

213 2019 344 2051 fefellit.
376 2020 427 2051 De
447 2020 528 2060 Rep.
549 2029 579 2048 v.
599 2017 674 2050 468.
700 2019 741 2050 D.
776 2019 853 2050 VII.
925 2019 971 2049 A:
999 2019 1054 2049 iza
1070 2018 1124 2049 καὶ
1150 2018 1227 2059 [3375-
1253 2030 1326 2051 τοι
1354 2016 1479 2051 αι’τόθι
1505 2015 1562 2049 61-

213 2063 287 2096 527.
314 2064 350 2095 C.
377 2065 517 2095 Theaet.
537 2074 568 2105 p.
589 2062 662 2095 145.
682 2064 724 2094 D.
750 2064 854 2105 Hipp.
925 2075 980 2096 τας
1025 2063 1165 2094 Laebet.
1191 2074 1222 2105 p.
1250 2062 1324 2095 194.
1349 2065 1399 2094 A.
1426 2065 1481 2094 ἵνα
1507 2064 1560 2094 καὶ

261 1795 345 1826 Καὶ
392 1793 471 1837 γὰρ
520 1797 601 1825 νῦν
640 1791 852 1835 ὁμολογῶ]

212 2110 292 2140 Mai.
319 2120 348 2150 p.
366 2107 443 2141 290.
474 2109 510 2139 C.
543 2109 700 2150 Sympos.
721 2106 795 2140 176.
815 2109 854 2139 B.

212 2155 417 2196 Krueger.
444 2153 486 2185 ad
504 2153 659 2195 Xenoph.
676 2152 786 2184 Anah.
811 2153 853 2193 V,

212 2198 242 2237 6,
267 2197 298 2230 2.

262 2243 395 2275 ΙῙοιοῦ
410 2255 500 2275 ντες

212 2285 405 2329 absalem]
446 2287 557 2318 Intell.
584 2283 638 2327 ἆρ’
665 2285 706 2319 οὐ
734 2291 852 2319 ποιοῦ-

215 2343 269 2363 σιν
294 2330 314 2364 ἑὶ
339 2332 540 2373 βούλοι’ῑ(ιι;
573 2333 703 2363 Iniuria
724 2333 853 2363 Hein-

212 2377 232 2408 d
243 2388 261 2408 0
272 2388 287 2407 ι·
298 2378 331 2407 fi
342 2388 363 2408 u
372 2388 386 2408 s
439 2377 598 2418 probavit
651 2377 852 2418 scripturam

213 2421 350 2453 stobaei
376 2426 513 2454 ποιοῦσι
539 2422 577 2453 δὲ
607 2420 627 2453 ἂ
654 2421 682 2453 δ.

257 2468 324 2497 ἵνα
350 2469 581 2505 weogerna)
611 2477 653 2498 σε
674 2479 699 2497 κ.
725 2465 783 2508 σε’]
810 2470 853 2497 ut

212 2515 283 2542 tuo
318 2515 358 2542 te
391 2522 507 2542 more
534 2511 770 2552 appellem,
802 2511 851 2542 lu-

212 2556 294 2587 dens
320 2557 353 2587 in
382 2554 569 2596 παρισώσει
595 2556 850 2595 vocabulorum,

211 2607 249 2632 ut
263 2605 352 2632 reete
373 2601 458 2632 haee
483 2602 724 2641 interpretatur
742 2602 811 2632 We
822 2612 851 2632 s-

211 2646 370 2688 seling.
397 2645 539 2677 Observ.
566 2646 608 2684 11,
633 2645 685 2678 25.
721 2647 851 2687 Hesy-

211 2691 363 2722 chius:
411 2688 492 2722 κατὰ
530 2690 583 2722 σε’·
627 2688 742 2729 ὅμοιός
787 2701 849 2722 σοι.

557 2242 601 2274 δὲ
655 2241 675 2273 ὁὶ
731 2242 858 2274 δοκεῖ

923 2107 968 2150 μὴ
985 2105 1081 2150 ἡμῶι
1097 2105 1181 2150 αι’·τὴ
1209 2106 1228 2150 ἡ
1253 2107 1400 2148 ἀνδρεία
1425 2120 1561 2150 καταγε-
1567 2114 1576 2121 ’

924 2152 1017 2193 λάσῃ.
1052 2153 1190 2184 Theaet.
1209 2164 1240 2194 p.
1258 2152 1332 2185 163.
1355 2154 1399 2184 C:
1426 2155 1481 2183 iffa
1508 2153 1562 2184 καὶ

924 2196 1175 2238 az'vga'1127.De
1207 2199 1289 2240 Rep.
1313 2199 1337 2229 I.
1364 2209 1395 2239 p.
1418 2197 1494 2230 346.
1522 2199 1562 2229 A.

923 2243 1037 2284 ibique
1063 2253 1141 2275 ann

968 2288 1049 2329 Cap.
1081 2288 1210 2318 XXIII.
1257 2288 1297 2318 D.
1347 2286 1366 2329 ἢ
1400 2287 1560 2324 έκεῖνο,

924 2330 957 2363 τὸ
994 2330 1237 2375 ιγιαιᾝιειπ]
1284 2333 1336 2363 De
1377 2333 1440 2364 hac
1485 2343 1561 2363 con-

922 2378 1108 2409 structione
1140 2388 1170 2408 ν.
1197 2377 1345 2408 Matth.
1379 2378 1408 2416 ξ.
1433 2376 1508 2409 472.
1533 2390 1561 2409 e.

922 2440 964 2445 —
989 2423 1071 2453 Mox
1089 2421 1124 2453 οἱ
1139 2421 1242 2453 πλέοι·
1247 2434 1297 2455 τες
1322 2421 1562 2464 intelliguntur

920 2467 1145 2508 potissimum,
1170 2467 1236 2498 nisi
1261 2467 1381 2505 fallor,
1418 2467 1561 2506 ἐζαποροι

921 2523 946 2543 s.
979 2516 1201 2550 mercatores,
1234 2513 1292 2552 qui
1325 2511 1412 2544 lueri
1438 2522 1560 2543 caussa

920 2557 1041 2588 itinera
1073 2557 1244 2588 maritima
1277 2558 1342 2598 ipsi
1376 2556 1558 2588 faciebant.

920 2612 950 2632 v.
983 2602 1119 2642 Heyn.
1150 2602 1192 2632 ad
1224 2601 1351 2632 Tibull.
1382 2603 1411 2640 1,
1445 2600 1480 2640 1,,
1505 2600 1558 2634 50.

920 2650 952 2677 et
982 2646 1215 2678 Heindorf.
1248 2646 1290 2678 ad
1314 2647 1431 2677 Horat.
1459 2647 1558 2677 Satir.

920 2692 945 2730 Ι,
972 2689 1003 2730 1,
1026 2690 1056 2723 6.
1104 2692 1221 2733 Itaque
1252 2691 1386 2723 additur
1417 2692 1471 2722 καὶ
1498 2689 1559 2727 τὸν
