1687 2969
479 182 719 221 GORGIAS.
749 182 792 219 P.
825 185 917 219 460.
948 183 1006 220 ed.
1039 183 1094 220 St.
1380 183 1455 217 123

109 290 364 344 μεμαθηκὼς
392 291 576 339 δι’καιος;
606 291 734 331 ΓΟΡ.
768 290 948 337 Πάντως
977 290 1129 343 δήπου.
1187 290 1289 329 Σῼ.
1330 288 1386 328 ‘O
1415 286 1458 328 δὲ

108 356 269 404 δίκαιος
290 357 431 397 δίκαιά
453 371 539 398 που
566 356 746 407 πράττει.
808 357 846 395 Γ
848 356 931 395 ΟΡ.
987 355 1087 395 Ναί.
1146 355 1247 394 ΣΩ.
1283 349 1458 393 Οὐκοῦν

109 421 274 474 ἀνάγκη
314 418 391 461 τὸν
432 419 659 474 ῥητορικὸν
700 421 866 461 δίκαιον
905 416 1035 465 εἶναι,
1088 417 1164 459 τὸν
1208 417 1250 459 δὲ
1291 418 1457 458 δίκαιον

110 486 342 538 βούλεσθαι
380 486 520 527 δίκαια
557 487 775 538 nodutum
839 487 878 526 Γ
879 486 962 525 ΟΡ.
1009 485 1212 525 Φαίνεταί
1247 498 1305 536 γε.
1361 485 1457 523 ΣΩ.

115 548 335 592 Οὐδέποτε
373 553 455 603 ἄρα
496 552 748 605 βουλήσεται
784 547 808 591 ὅ
836 565 882 603 γε
910 550 1072 597 δίκαιος
1100 550 1271 590 ἀδικεῖν.
1330 549 1457 588 ΓΟΡ.

104 611 299 669 Ἀνάγκη.
356 617 456 656 Σῼ.
519 612 606 657 Τὸν
628 616 672 657 δὲ
700 612 928 669 ῥητορικὸν
956 615 1117 667 ἀνάγκη
1148 611 1193 654 ἐκ
1219 616 1297 654 τοῦ
1325 614 1458 666 λόγου

108 681 275 722 δίκαιον
312 677 431 722 εἶναι.
491 683 614 722 ΓΟΡ.
666 681 768 721 Ναί.
825 682 924 721 Σῼ.
981 675 1196 720 Οὐδέποτε
1233 681 1316 729 ἄρα
1356 679 1455 728 βου-

108 748 276 801 λήσεται
304 746 328 788 ὁ
356 743 579 799 ῥητορικὸς
607 746 780 787 άδικεῖν.
839 748 869 786 Ι
874 746 964 785 ὈΡ.
1019 740 1083 784 Οὐ
1112 744 1310 797 φαίνεταί
1335 757 1395 795 γε.

177 913 215 945 C.
263 910 334 945 τὸν
366 912 409 945 δὲ
442 911 618 945 δίκαιον
650 910 897 955 βούλεσθαι
924 912 952 944 δ.
980 911 1048 955 πμ]
1082 912 1170 954 Aug.
1196 912 1336 943 Meerm.
1363 910 1458 942 Bodl.

109 959 249 990 Routhii
274 960 415 991 verbum
440 957 634 1000 βούλεσθαι
658 969 738 998 om.‚
774 957 939 1000 probante
966 957 1282 989 Schleicrmachero
1314 960 1346 988 et
1370 956 1459 988 Bek-

107 1004 209 1044 kero;
234 1004 293 1036 sed
317 1008 409 1036 recte
432 1004 558 1036 habere
583 1004 757 1047 vulgatam
783 1003 872 1035 infra
896 1003 1084 1034 docuimus.

107 1153 162 1188 ἄν.
182 1168 206 1187 τ.
236 1153 265 1196 ῥ.
286 1155 419 1188 δίκαιον
442 1151 531 1188 εἶναι
556 1156 748 1188 referuntur

106 1201 149 1233 ad
181 1202 354 1243 superiora
385 1202 465 1233 illa:
502 1198 641 1234 Οὐκοῦν
666 1198 747 1233 κατὰ

108 1260 132 1278 τ.
159 1259 182 1277 τ.
214 1245 316 1289 λόγον
349 1246 403 1278 καὶ
436 1244 455 1278 0‘
489 1244 526 1278 τὰ
553 1246 665 1278 δίκαια
689 1258 746 1284 με·

105 1289 272 1333 μαθηκώε
315 1291 465 1330 δίκαιος,·
511 1292 576 1324 ista
616 1296 744 1323 autem:

115 1334 158 1370 Τὸ
165 1349 182 1367 7¹
198 1337 236 1368 δὲ
262 1336 397 1369 δίκαιον
421 1336 532 1369 δίκαια
556 1335 746 1379 βούλεσθαι

107 1380 267 1422 πράττειν
276 1394 286 1420 ,·
310 1384 499 1424 respiciunt
523 1383 564 1413 ad
587 1383 686 1413 haec:
713 1379 746 1414 Ὀ

106 1427 144 1459 δὲ
181 1426 309 1461 δι’κοιιοεΙ
346 1426 459 1459 δίκαιά
496 1439 562 1458 που
600 1426 747 1467 πράττει.

105 1472 275 1504 Videlicet
293 1483 335 1504 ex
350 1484 401 1512 eo,
424 1473 512 1514 quod
525 1473 638 1504 rhetor
656 1473 747 1504 iusta

105 1517 225 1549 didicit
235 1542 243 1557 ‚
281 1518 454 1560 colligitur
483 1529 560 1550 eum
590 1528 664 1549 esse
696 1519 746 1549 iu-

106 1567 196 1594 stum
207 1587 215 1602 ,
239 1573 282 1593 ex
307 1573 346 1594 eo
371 1567 495 1602 autem,
520 1563 610 1604 quod
635 1563 746 1594 iustus

105 1608 194 1639 iuste
219 1608 313 1648 facit,
345 1609 479 1650 cogitur
502 1608 578 1647 boc,
606 1612 644 1639 ut
668 1619 745 1639 eum

104 1653 193 1684 iuste
241 1663 341 1694 agere
387 1664 409 1683 v
418 1653 505 1684 elle
546 1657 745 1684 statuamus.

105 1698 276 1739 Deinceps
294 1702 406 1730 autem
425 1699 674 1741 argumentatio
695 1699 745 1729 sic

105 1743 275 1784 procedit:
322 1744 455 1783 Quum
493 1744 561 1775 vir
597 1744 744 1775 iustus

104 1788 146 1819 id
184 1789 455 1829 propositum
495 1793 662 1827 teneat,
701 1793 746 1819 ut

103 1838 208 1875 agat
253 1834 387 1873 iuste,
441 1835 744 1876 consequitur,

103 1882 149 1910 ut
172 1889 389 1919 nunquam
414 1879 579 1910 iniuste
604 1880 744 1910 facere

104 1923 225 1955 velit.
275 1924 359 1955 Iam
384 1935 486 1956 vero
513 1924 585 1956 rhe
598 1929 663 1956 tor
687 1935 744 1955 se-

103 1968 290 2000 cundum
337 1974 530 2001 nostram
568 1970 744 2001 ratioci-

103 2014 331 2046 nationem
368 2025 548 2047 necesse
583 2019 648 2046 est
686 2016 743 2045 iu-

103 2062 197 2090 stus
229 2059 300 2090 sit:
337 2070 436 2101 ergo
468 2070 520 2091 ne
553 2060 624 2091 hic
656 2061 744 2100 qui-

103 2103 195 2135 dem
214 2114 328 2145 unqu
341 2115 402 2136 am
423 2105 590 2136 iniuste
614 2116 743 2147 agere

102 2159 125 2179 v
135 2160 154 2181 0
165 2149 234 2180 let.
281 2148 387 2181 Vides
424 2150 473 2181 ita
510 2151 625 2181 omnia
658 2151 743 2182 bene

102 2194 191 2225 inter
228 2204 264 2225 se
301 2195 480 2226 cohaerere
523 2205 634 2236 neque
670 2195 742 2226 sine

102 2238 227 2270 idonea
259 2249 379 2271 caussa
409 2239 463 2271 bis
488 2241 745 2271 commemorari

104 2281 163 2314 τὸν
196 2280 380 2324 ῥητορικὸν
413 2286 548 2316 δίκαιον
571 2280 676 2321 εἶναι,
715 2286 743 2316 si

103 2327 239 2369 quidem
257 2329 336 2361 inde
361 2341 381 2361 a
405 2329 519 2361 verbis
543 2328 576 2361 τὸ
586 2342 602 2360 ν
628 2329 666 2361 δὲ
693 2329 742 2361 δί-

103 2384 203 2404 καιον
227 2372 339 2405 δίκαια
364 2375 413 2415 βο
428 2373 469 2406 ύλ
481 2387 497 2406 ε
508 2385 526 2406 σ
540 2376 611 2406 θαι
638 2372 742 2414 πράτ-

103 2429 172 2449 τειν
210 2417 279 2449 alia
314 2429 393 2460 pars
436 2420 742 2462 argumentationis

103 2462 244 2499 orditur,
259 2464 294 2494 in
308 2475 374 2505 qua
392 2465 532 2496 verbum
550 2463 743 2506 βούλεσθαι

104 2508 270 2549 imprimis
306 2509 341 2538 vi
376 2520 438 2541 sua
473 2511 606 2542 eminet.
656 2510 743 2540 Nam

103 2564 146 2584 ex
177 2562 233 2589 eo,
271 2553 360 2593 quod
393 2554 503 2586 iustus
534 2556 622 2586 iuste
653 2559 743 2596 agat,

105 2597 279 2638 colligitur
321 2608 398 2629 eum
442 2601 543 2631 etiam
578 2611 597 2641 p
609 2611 624 2630 r
633 2610 650 2630 0
661 2604 742 2630 nito

105 2646 144 2674 et
191 2646 342 2683 parato
392 2645 532 2676 animo
571 2656 664 2676 esse
702 2644 743 2675 ad

102 2687 191 2719 iuste
214 2687 395 2729 agendum.
430 2690 517 2721 Sunt
539 2690 644 2732 igitur
668 2700 744 2721 con-

816 1155 988 1187 clusiones
1021 1154 1102 1186 hae:
1144 1152 1162 1186 ὁ
1195 1151 1232 1185 τὰ
1264 1153 1376 1186 δίκαια
1400 1165 1456 1192 με·

816 1198 982 1242 μαθηκώς
999 1199 1147 1232 δι’καιοςῑ
1171 1197 1188 1231 ὁ
1217 1197 1395 1241 ῥητορικὸς
1423 1197 1457 1230 τὰ

817 1245 930 1277 δίκαια
955 1243 1153 1287 μεμάθηκε·
1192 1246 1322 1278 δίκαιος
1347 1242 1413 1284 ἄρα
1441 1241 1457 1275 ι)

819 1288 1007 1332 ῥητορικός.
1033 1288 1064 1322 Ὁ
1089 1291 1220 1323 δίκαιος
1242 1290 1354 1321 δίκαια
1374 1288 1456 1330 βού-

815 1337 903 1367 λεται
930 1334 1110 1377 :vimineum
1146 1335 1274 1368 δίκαιος
1306 1332 1324 1366 ό
1360 1333 1456 1376 ῥητω-

819 1380 931 1419 peno's:
963 1378 1131 1413 οὐδέποτε
1162 1379 1229 1421 ἄρα
1254 1379 1458 1422 βοΓλήιὶεται

814 1424 958 1458 ἀδικεῖν.
1000 1429 1095 1466 Quae
1121 1426 1149 1457 si
1174 1437 1254 1457 vera
1278 1432 1367 1465 sunt,
1391 1436 1457 1466 quo

815 1474 888 1503 iure
906 1472 1144 1504 Schleierni
1157 1471 1341 1503 acherus
1355 1471 1457 1501 trium

815 1517 972 1549 codicum
994 1518 1194 1548 auctoritate
1219 1516 1310 1547 istud
1335 1513 1456 1557 βούλε-

817 1563 901 1593 σθαι
938 1563 1168 1601 damnaverit,
1209 1572 1262 1592 me
1302 1561 1358 1593 vel
1388 1571 1456 1592 non

814 1613 972 1639 monente
990 1608 1217 1651 intelligituq
1231 1608 1341 1646 Quam
1356 1606 1457 1637 facilc

814 1656 926 1684 autem
962 1652 1037 1684 Ναί
1070 1656 1146 1694 post
1181 1652 1271 1683 εἰναι
1311 1652 1458 1693 potuerit

815 1698 981 1737 excidere,
1005 1698 1114 1739 inagis
1136 1698 1238 1728 etiam
1263 1696 1404 1737 patebit,
1429 1696 1457 1727 si

814 1743 1025 1784 reputaveris
1072 1743 1338 1783 colloquentium
1384 1752 1457 1782 per-

814 1799 917 1819 sonas
958 1789 993 1819 in
1032 1788 1129 1819 codd.
1167 1787 1288 1828 msptis
1323 1786 1457 1818 duobus

814 1833 949 1875 punctis
970 1834 1005 1873 (z)
1032 1833 1177 1864 indicari
1201 1832 1320 1864 solere.
1359 1833 1456 1864 L'nus

814 1878 886 1910 cod.
924 1878 1069 1910 Bekker.
1121 1889 1140 1909 a
1186 1888 1291 1908 manu
1330 1878 1456 1909 recenti

814 1925 975 1965 seriptum
1008 1923 1147 1955 exhibet
1178 1922 1238 1954 τὸν
1272 1920 1457 1964 ῥητορικὸν

814 1969 949 2000 δίκαιον
967 1964 1057 2000 εἶναι
1078 1967 1188 2001 οὕτως
1208 1967 1267 2000 τὸν
1282 1968 1320 2000 δὲ
1337 1980 1364 1999 κ.
1386 1981 1408 1999 τ.
1429 1969 1453 1999 2..

815 2014 912 2045 Unde
943 2014 1018 2055 quis
1050 2018 1211 2055 reponat:
1245 2033 1287 2037 —
1319 2013 1456 2045 δίκαιον

813 2055 913 2091 εἶναι.
958 2058 1063 2090 ΓΟΡ.
1105 2057 1229 2092 Οὕτως.
1277 2057 1347 2090 ΣΩ.
1389 2056 1456 2090 Τὸν

813 2104 851 2135 δὲ
876 2104 1011 2135 δίκαιον
1035 2116 1062 2135 κ.
1090 2116 1112 2135 τ.
1138 2105 1164 2135 λ.
1201 2104 1266 2136 Sed
1291 2114 1395 2145 quum
1420 2104 1454 2133 in

812 2151 932 2180 ceteris
956 2149 1054 2180 libris
1079 2149 1223 2180 voculae
1249 2148 1357 2182 οὕτως
1381 2148 1455 2179 nul-

812 2194 884 2225 lum
918 2198 1028 2225 exstet
1059 2194 1262 2234 vestigium,
1296 2193 1370 2224 Ναί
1399 2204 1455 2224 ex-

812 2239 935 2270 cidisse
984 2238 1204 2270 verisimilius
1252 2239 1455 2270 iudicamus.

813 2284 1027 2324 Quamquam
1048 2294 1116 2314 non
1143 2284 1286 2315 multum
1311 2284 1456 2315 relucter

813 2330 841 2360 V
853 2329 975 2370 oegel
989 2329 1030 2359 in
1042 2340 1078 2366 o,
1106 2330 1163 2369 qui
1178 2328 1322 2370 probata
1340 2333 1455 2360 nostra

811 2374 1089 2415 interpretatione
1113 2374 1179 2405 isto
1206 2374 1282 2406 Ναί
1302 2385 1344 2405 ne
1370 2384 1454 2415 opus

812 2418 947 2460 quidem
968 2429 1041 2451 esse
1066 2423 1190 2450 censet.
1227 2420 1339 2459 Quum
1365 2420 1452 2451 enim

811 2465 936 2494 iustum
978 2474 1051 2495 esse
1090 2469 1256 2495 oratorem
1295 2465 1363 2495 iam
1400 2464 1454 2496 de-

813 2512 1037 2540 monstratum
1055 2509 1108 2548 sit,
1134 2509 1291 2541 Socrates
1307 2510 1453 2551 Gorgiae

812 2564 955 2585 assensu
1001 2565 1070 2584 non
1117 2558 1313 2596 exspectato
1357 2565 1454 2596 argu-

813 2600 956 2630 mentari
1000 2599 1118 2641 pergit.
1171 2600 1222 2631 De
1269 2603 1338 2630 toto
1377 2599 1454 2631 loco

813 2643 938 2685 dignus
953 2648 1003 2675 est
1028 2645 1086 2685 qui
1109 2644 1243 2686 legatur
1269 2644 1453 2684 Quintil.

813 2689 976 2720 Institutt.
1003 2689 1095 2721 Orat.
1116 2690 1158 2729 11,
1179 2688 1230 2722 15.
1257 2690 1286 2728 ξ.
1304 2687 1347 2721 24
1363 2700 1454 2734 seqq.
