1687 2969
464 189 536 225 AD
567 186 810 225 GORGIAM
839 187 1108 224 PLATONIS.
1409 188 1457 223 37

113 302 208 339 stica
237 300 501 348 cognationem
530 303 677 338 tantam
707 312 789 336 esse
819 298 891 344 ait,
933 303 976 336 ut
1005 302 1168 349 utraque
1197 299 1314 346 vulgo
1344 298 1459 336 etiam

113 357 409 403 commisceatur,
439 357 575 394 deinde
604 356 720 394 etiam
748 355 788 392 in
818 355 1003 405 colloquio
1034 369 1120 392 cum
1145 355 1298 392 Callicle
1327 355 1458 391 habito

112 428 146 463 p.
180 417 270 451 520.
302 416 348 450 A.
380 414 435 459 B„
464 413 529 450 ubi
560 413 770 462 sophistam
800 416 839 449 et
866 412 1058 449 rhetorem
1088 412 1141 449 ait
1171 425 1252 449 esse
1282 412 1456 456 eundem,

110 470 200 508 licet
219 470 282 508 hic
303 470 558 519 sophisticam,
580 468 755 519 quamvis
774 468 964 505 rhetorica
989 469 1315 516 praestantiorem,
1337 468 1457 505 soleat

109 527 280 564 fastuose
310 530 562 564 contemnere.
615 526 786 563 Taxatur
816 528 944 562 autem
973 524 1162 561 rhetorica
1191 525 1230 561 in
1260 525 1331 560 hoc
1360 524 1455 560 libro

108 596 186 620 11011
215 584 307 621 artis
346 582 518 628 nomine,
558 586 602 619 ut
638 584 782 619 factum
821 586 880 618 est
918 580 958 617 111
988 581 1183 625 Phaedro,
1224 582 1288 618 sed
1328 580 1455 629 potius

108 644 262 688 propter
291 639 574 688 improbitatem
604 643 642 676 et
670 637 902 688 nequitiam,
943 637 1251 687 quandoquidem
1282 637 1452 674 iustitiae

108 696 307 746 omnisque
336 695 510 733 virtutis.
528 695 641 732 laude
670 694 863 743 privatur,
903 707 1018 744 quam
1048 694 1157 730 Plato
1196 694 1243 730 ad
1273 694 1453 743 cloquen-

108 751 201 789 tiam
231 756 269 790 et
298 756 419 789 artem
448 751 599 789 civilem
638 751 750 800 plane
781 750 1033 787 necessariam
1073 764 1155 787 esse
1186 750 1254 787 sibi
1296 763 1451 798 persua-

107 812 218 846 serat.
265 810 394 859 Atque
424 808 485 845 hic
514 821 629 857 prope
658 807 770 845 inviti
790 807 1012 844 devenimus
1040 807 1115 843 iam
1147 807 1194 843 ad
1215 806 1317 843 aliud
1349 806 1451 856 quid,

106 866 207 915 quod
236 866 351 914 probe
381 864 599 902 meminisse
637 865 684 901 ad
715 864 914 901 consilium
944 863 1135 908 Platonis,
1175 863 1287 913 quale
1327 862 1454 900 tenuit

105 921 145 958 in
166 921 306 969 Gorgia
326 921 535 966 scribendo,
565 925 667 958 reete
697 920 976 958 aestimandum
997 920 1318 970 iudicandumque
1337 920 1449 968 plane

107 981 165 1015 est
193 977 460 1015 necessarium.
520 978 716 1015 Profectus
755 977 856 1013 enim
897 977 1005 1014 Plato
1046 976 1085 1012 in
1123 976 1335 1013 iudicandis
1364 976 1450 1012 rhe-

106 1038 232 1071 torum
263 1038 301 1072 et
330 1035 499 1072 virorum
531 1034 700 1071 civilium
732 1033 869 1070 studiis
900 1046 921 1069 a
952 1033 1136 1077 Socratis,
1177 1032 1347 1080 magistri
1379 1032 1449 1077 5111,

105 1090 297 1128 sententia
325 1096 402 1136 est,
444 1090 508 1141 qui
548 1090 644 1126 nihil
684 1089 810 1126 aiebat
849 1102 929 1126 esse
968 1090 1080 1135 utile,
1121 1090 1222 1139 quod
1252 1102 1327 1125 non
1357 1089 1449 1126 item

104 1147 310 1184 honestum
339 1150 454 1193 esset,
486 1147 656 1197 adeoque
685 1146 873 1183 exsecrari
910 1146 1057 1183 solebat
1086 1158 1160 1191 eos,
1190 1145 1255 1196 qui
1284 1145 1449 1194 primum

105 1204 308 1241 honestum
340 1208 379 1241 et
407 1203 512 1249 utile,
542 1207 681 1240 natura
701 1203 954 1246 cohaerentia,
984 1202 1159 1251 opinione
1179 1202 1450 1240 distraxissent

106 1272 149 1297 ac
180 1260 380 1297 dissidium
399 1260 502 1297 istud
533 1260 649 1297 etiam
670 1259 710 1295 in
730 1259 834 1297 vitae
854 1259 1063 1295 communis
1083 1259 1303 1296 societatem
1331 1259 1448 1296 intro-

105 1316 317 1362 duxissent,
347 1331 382 1355 v.
414 1316 566 1354 Cicer.
600 1317 657 1353 Dc
688 1316 796 1352 Offic.
818 1317 893 1361 ΙΙΙ,
925 1319 960 1361 3,
997 1318 1055 1352 14.
1088 1316 1202 1363 Legg.
1224 1316 1254 1361 Ι,
1290 1318 1350 1361 12,
1384 1318 1446 1351 33.

106 1376 145 1410 ct
176 1376 238 1419 21,
272 1377 334 1410 56.
374 1374 513 1423 Itaque
534 1373 649 1410 etiam
671 1386 746 1418 eos,
776 1372 841 1423 qui
868 1372 1099 1421 reipublicae
1119 1373 1254 1409 darent
1282 1385 1448 1421 operam,

104 1429 241 1467 virtuti
280 1433 319 1467 et
346 1430 539 1468 honestati
578 1429 743 1466 maxime
773 1429 926 1466 studere
956 1429 1095 1473 voluit,
1135 1428 1323 1479 siquidem
1352 1428 1448 1465 divi-

103 1485 180 1523 tiae
212 1489 250 1524 ct
269 1499 368 1535 opes,
398 1486 571 1535 potentia
591 1491 629 1523 et
655 1485 872 1531 auctoritas,
901 1486 1144 1534 voluptatum
1164 1498 1207 1521 ac
1226 1485 1448 1522 deliciarum

96 1542 212 1591 copia
240 1547 278 1580 et
307 1543 510 1580 affluentia
545 1542 626 1579 siue
655 1543 722 1579 illa
750 1542 847 1578 nihil
878 1543 1120 1590 prodessent,
1160 1541 1352 1579 iniustitia
1380 1555 1446 1578 au-

103 1602 191 1644 tem,
221 1598 526 1648 intemperantia,
557 1599 698 1644 lubido,
729 1598 950 1647 improbitas
979 1598 1144 1648 denique
1173 1598 1342 1635 animum
1369 1611 1447 1635 ‹eor-

101 1658 297 1704 rumperet
344 1659 458 1705 atque
497 1656 673 1704 perderet
718 1655 879 1705 ideoque
925 1668 1116 1691 summum
1163 1655 1263 1705 quod
1300 1655 1446 1691 homini

103 1711 271 1749 accidere
309 1716 438 1760 posset
483 1712 625 1748 malum
673 1712 914 1760 importaret,
965 1725 1001 1748 v.
1041 1711 1182 1748 Criton.
1222 1725 1257 1760 p.
1299 1714 1362 1747 48.
1402 1712 1445 1748 B.

103 1768 264 1816 Apolog.
294 1781 329 1817 p.
361 1771 423 1805 80.
455 1768 567 1816 Gorg.
606 1782 641 1816 p.
675 1772 753 1805 469
785 1780 889 1817 seqq.
920 1768 977 1804 De
1006 1768 1101 1816 Rep.
1131 1768 1182 1804 X.
1212 1782 1247 1817 p.
1281 1770 1372 1804 612.
1401 1768 1443 1804 B.

100 1825 239 1875 Itaque
268 1828 565 1863 consentaneum
607 1828 667 1862 est
695 1838 783 1861 011111
822 1824 937 1861 etiam
966 1824 1181 1861 rhetoricen
1220 1837 1446 1874 omnemque

102 1884 223 1918 artem
253 1881 405 1919 civilem
432 1881 488 1919 ita
517 1882 669 1919 demum
699 1881 929 1917 laudabilem
960 1881 1207 1927 iudicavisse,
1247 1881 1278 1918 si
1307 1880 1444 1929 spretis

100 1937 147 1974 iis
176 1939 309 1984 rebus,
351 1951 446 1988 quas
485 1938 709 1988 plerumque
748 1942 791 1974 ut
831 1937 1017 1974 maximas
1058 1938 1274 1983 affectaret,
1313 1950 1444 1974 veram

100 1993 299 2031 hominum
326 1994 534 2032 utilitatem
565 1998 714 2031 curaret
742 2007 858 2044 seque
888 1997 1006 2031 totam
1037 1995 1083 2030 ad
1113 1994 1284 2031 iustitiae
1305 1994 1444 2031 omnis-

101 2063 175 2100 que
205 2063 318 2088 verae
346 2051 503 2089 Virtutis
532 2052 654 2099 legem
684 2054 798 2101 atque
827 2063 997 2087 normam
1028 2055 1280 2099 componeret.
1337 2051 1445 2087 Haec

102 2107 229 2144 omnia
256 2120 346 2145 vero
376 2111 421 2145 ut
449 2107 504 2145 ita
532 2111 721 2145 statueret
740 2111 855 2157 atque
885 2107 1118 2155 impugnatis
1146 2106 1274 2156 pravis
1304 2120 1443 2156 acqua-

101 2162 196 2200 lium
225 2163 362 2201 studiis
392 2167 431 2201 et
459 2164 699 2213 opinionibus
720 2164 888 2211 graw'ter
907 2164 1138 2206 defenderet,
1168 2163 1299 2212 procul
1328 2163 1444 2200 dubio

101 2219 216 2256 etiam
243 2233 371 2257 rerum
400 2220 571 2257 civilium
601 2220 815 2257 conditione
845 2220 1024 2257 effectum
1061 2223 1138 2264 est,
1178 2232 1293 2269 quam
1321 2219 1444 2268 philo-

103 2276 244 2324 sophus
272 2276 371 2314 vidit
398 2276 485 2314 inde
517 2290 539 2313 a
569 2277 677 2313 bellis
700 2276 861 2313 Persicis
878 2275 1063 2324 imprimis
1083 2276 1250 2313 Athenis
1270 2280 1442 2313 exortam

103 2345 196 2369 esse.
263 2333 320 2370 De
359 2346 435 2383 qua
482 2333 637 2383 quidem
675 2333 765 2383 quid
810 2332 891 2381 ipse
930 2332 1091 2369 senserit
1129 2336 1168 2369 et
1204 2332 1442 2378 iudicaverit,

102 2387 167 2425 ubi
206 2389 333 2436 paullo
372 2390 584 2427 accuratius
624 2389 931 2436 cognoverimus,
972 2392 1072 2425 certe
1112 2388 1205 2425 item
1242 2402 1319 2425 non
1357 2389 1442 2427 leve

102 2444 264 2491 Gorgiae
302 2446 442 2483 rectius
478 2446 717 2493 intelligendi
757 2445 1017 2482 adiumentum
1057 2448 1172 2494 atque
1209 2446 1442 2494 praesidium

101 2500 210 2537 nobis
240 2503 593 2550 comparaverimus.
650 2503 787 2551 Itaque
817 2501 948 2550 paucis
985 2501 1244 2548 designavisse
1281 2502 1442 2548 iuvabit,

102 2569 291 2606 quaenam
328 2557 445 2595 fuerit
482 2559 652 2597 Platonis
692 2559 738 2595 de
778 2558 850 2594 hac
887 2571 928 2594 re
967 2558 1178 2604 sententia,
1217 2559 1298 2595 sine
1327 2558 1441 2595 dubio

103 2613 179 2649 iam
207 2613 295 2650 inde
325 2615 372 2651 ab
401 2614 465 2650 illo
494 2619 663 2664 tempore
694 2614 818 2651 animo
849 2615 895 2651 ab
925 2627 968 2651 co
997 2619 1184 2663 suscepta,
1214 2628 1288 2665 quo
1309 2616 1441 2652 Socra-

102 2672 190 2715 tem,
220 2670 347 2707 virum
376 2670 709 2719 sapientissimum,
739 2670 880 2708 iniuste
909 2671 1131 2708 damnatum
1161 2674 1199 2708 et
1224 2671 1441 2709 tristissimo

106 2726 291 2775 supplicio
320 2727 366 2763 de
395 2727 518 2764 medio
546 2728 739 2765 sublatum
766 2726 874 2765 Vidit.
