1687 2969
1376 170 1454 204 325

475 170 717 210 GORGIAS.
747 171 790 208 P.
824 173 915 208 521.
947 170 1005 207 ed.
1038 169 1093 207 St.

110 296 198 332 τες,
235 280 446 322 πιστεύειν
483 276 578 334 μηδ’
620 278 674 319 ἂν
713 278 761 320 ’ἐν
798 279 963 320 τούτων
1001 280 1183 325 παθεῖν,
1234 275 1290 323 ὡς
1328 275 1459 316 οἰκῶν

111 346 304 388 ἐκποδὼν
331 345 400 388 καὶ
429 347 509 387 οὐκ
537 344 591 386 ἂν
620 343 823 398 εἰςοιχθεὶς
852 345 910 391 εἰς
938 344 1209 396 δικαστήριον
1230 338 1314 381 ὑπὸ
1342 340 1457 380 πάνυ

111 413 210 460 ἴσως
245 415 470 465 μοχθηροῦ
507 410 744 462 ἀνθρώπου
784 409 853 450 καὶ
893 410 1092 461 φαύλου]
1129 408 1227 449 Σῼ.
1261 404 1459 485 ’ζίνόητος

110 480 193 529 ἅοοι
222 477 325 530 εἰμί,
369 478 402 517 ὡ
434 476 704 526 Καλλίκλεις,
744 474 800 523 ὡς
839 475 1032 527 άληθῶς,
1074 474 1108 513 εἰ
1144 471 1200 525 μὴ
1240 487 1384 524 οιομαι
1413 469 1459 511 ἐν

109 543 207 596 τῇδε
235 549 286 596 τῇ
315 542 433 583 πόλει
462 541 662 583 ὁντινοῦν
691 543 768 586 ἄν
809 539 831 580 ὅ
873 555 911 580 τι
947 541 1086 592 τύχοι
1127 543 1255 579 τοῦτο
1291 540 1458 578 παθεῖν.

109 608 204 649 τόδε
231 606 376 661 μέντοι
404 603 451 648 εὖ
488 603 592 653 οἷδ’
630 606 717 656 οἰ,
760 605 912 658 ἐάνπερ
944 605 1052 652 εἰςιω
1095 604 1152 651 εἰς
1189 603 1462 656 δικαστήριον
1492 603 1534 644 D

110 764 314 797 CEFVW.
347 763 439 797 Flor.
464 774 494 795 a.
519 772 547 795 c.
575 762 606 794 (1.
630 774 674 794 111.
699 773 728 795 ο.
755 773 787 793 Χ.
823 761 934 799 δοκεῖ,
967 760 1059 802 quod
1093 759 1246 792 defendit
1269 760 1457 791 Hermann.

108 821 141 842 v.
166 809 287 852 explic,
325 809 392 841 Sed
416 810 453 840 in
478 806 651 840 πιστεύει)
675 807 855 839 scribendo
881 818 998 839 omnes
1024 806 1252 837 consentiunt.
1278 805 1355 836 Ald.
1380 805 1457 836 Bas.

109 855 139 887 1.
163 855 195 888 2
220 866 297 887 cum
319 855 411 886 Flor.
437 865 465 888 c.
491 853 521 888 d.
549 864 666 885 πιστει
671 853 845 895 ει,(1110(1
869 854 917 884 ita
943 853 1104 894 scriptum
1130 852 1172 883 ab
1196 852 1252 891 iis,
1278 852 1337 892 qui
1362 849 1459 882 δοκεῖ

108 901 144 933 in
168 900 266 933 codd.
290 901 363 933 suis
385 900 602 942 reperissent.

108 1046 149 1078 de
173 1057 240 1088 quo
264 1045 333 1078 vid.
357 1050 473 1078 annot.
504 1045 548 1078 ad
572 1046 750 1077 Theaetet.

107 1103 139 1145 p.
150 1090 228 1125 209.
251 1092 290 1126 Β.
315 1092 486 1132 Quorsum
510 1092 654 1124 fortasse
670 1091 750 1123 item

107 1139 177 1170 iam
195 1138 390 1193 respicitur.

152 1180 230 1238 ὀὐχ
275 1183 363 1223 ἐξει
403 1180 423 1214 ὅ
464 1194 498 1213 τι
543 1179 748 1223 χρήσεται

109 1225 275 1270 αὐτοῖς]
308 1227 386 1262 Vid.
411 1226 498 1268 adp
534 1226 610 1259 465.
636 1226 674 1258 C.

154 1273 236 1315 Cap.
252 1273 428 1305 LXXVII.
445 1238 498 1304 C.p
496 1254 534 1303 Ὠ
549 1284 563 1305 s
589 1283 657 1310 μοι
685 1270 748 1303 δο-

109 1323 198 1352 κεῖς
222 1337 266 1342 -—
291 1316 530 1350 πιστεύειν
554 1316 608 1360 ——]
634 1318 749 1356 Recte,

108 1365 249 1405 opinor,
288 1364 451 1395 Astius
489 1362 575 1395 haec
616 1363 750 1404 accepit

106 1419 166 1451 per
211 1408 512 1447 exclamationem,
563 1418 649 1449 quae
688 1408 750 1439 mi·

107 1453 205 1486 randi
241 1453 444 1495 ridendique
490 1453 750 1495 comprehendit

107 1498 413 1541 significationem:
471 1498 605 1537 Quam
644 1499 749 1529 mihi

107 1543 299 1583 videris,
324 1543 523 1582 Socrate,
557 1543 749 1574 confide-

106 1600 150 1621 re
176 1590 235 1621 —-!
259 1589 347 1621 Nam
371 1589 421 1620 ita
444 1587 566 1620 deinde
591 1588 748 1620 Socrates

107 1636 234 1691 optime
257 1634 457 1676 respondet.
493 1631 656 1674 Ἀιόητος
681 1631 749 1672 ἄρα

108 1679 188 1719 εἰμι’.
237 1679 349 1722 Supra
378 1690 410 1723 p.
435 1677 513 1711 490.
537 1679 583 1710 E:
617 1676 663 1712 ώς
695 1676 748 1709 ἀεὶ

109 1722 210 1757 ταύτὰ
234 1724 352 1767 λέγεις,
379 1724 405 1756 ὠ
434 1722 639 1764 >jd-anates!
669 1724 748 1756 Alio

107 1770 207 1802 modo
229 1770 441 1802 infinitivum
465 1776 542 1811 post
573 1781 619 1802 ω
654 1768 753 1801 δοκεῖ

109 1815 262 1847 defendit
301 1815 338 1847 C.
370 1816 434 1847 Fr.
468 1815 748 1846 Hermannus

108 1862 144 1892 in
170 1861 316 1902 specim.
348 1861 385 1892 in
409 1860 584 1892 Plutarch.
610 1861 662 1891 De
688 1861 749 1892 Su-

107 1907 237 1949 perstit.
269 1917 302 1948 p.
335 1904 385 1946 6.,
424 1906 484 1947 qui
514 1905 599 1937 duas
633 1912 750 1938 censet

107 1952 380 1984 constructiones
440 1951 608 1983 conflatas
663 1962 748 1983 esse.

109 1997 222 2036 Quum
247 1997 338 2028 enim
361 1996 543 2028 dicendum
568 1996 670 2027 fuerit
693 1997 748 2028 vel

109 2040 155 2075 ὥς
179 2053 235 2080 μοι
259 2042 366 2078 δοκεῖ,
393 2040 583 2079 πιστεύεις,
610 2042 665 2074 vel
691 2042 747 2073 60-

108 2091 180 2120 κεῖς
203 2098 261 2126 μοι
285 2083 470 2125 πιστεύειν,
493 2092 676 2128 utrumque
697 2097 748 2118 ar-

107 2132 253 2164 bitratur
275 2133 311 2163 in
334 2142 442 2163 unum
465 2132 646 2163 confusum
671 2143 747 2164 esse

107 2189 151 2210 ex
173 2177 236 2209 illa
266 2176 431 2218 loquendi
461 2177 612 2216 ratione,
646 2188 747 2219 quam

107 2228 242 2265 praeter
272 2222 358 2254 alios
390 2221 650 2254 illustraverunt
680 2224 748 2254 Er-

108 2269 151 2300 fu
162 2267 237 2299 rdt.
271 2267 314 2300 ad
339 2267 440 2309 Soph.
466 2267 581 2309 Antig.
614 2278 644 2298 v.
673 2266 747 2300 736.

109 2315 247 2345 Herm.
271 2313 313 2344 ad
327 2313 440 2355 Viger.
456 2323 486 2354 p.
503 2311 578 2344 751.
595 2314 747 2345 Matth.

109 2360 139 2398 ἓ.
162 2356 239 2391 539.
255 2357 285 2390 2.
310 2359 353 2390 cf.
377 2359 478 2390 etiam
502 2368 580 2389 mea
603 2358 644 2390 ad
668 2358 747 2390 Phi-

107 2402 174 2437 leb.
199 2414 231 2445 p.
255 2401 308 2435 46.

154 2448 224 2480 καὶ
250 2445 330 2479 οὐκ
353 2445 404 2479 ἂν
430 2447 680 2490 εἰςαχθεὶς]
707 2452 749 2479 et

108 2493 238 2535 quasi
269 2503 353 2524 non
385 2494 532 2534 possis
562 2494 604 2524 in
637 2493 747 2524 iudi-

108 2539 221 2571 cium
252 2538 357 2580 rapi
406 2538 494 2570 Nam
526 2539 745 2580 participium

108 2595 186 2615 cum
217 2581 262 2615 ἄν
291 2582 490 2624 copulatum
530 2595 590 2626 per
626 2585 747 2625 optati-

108 2640 189 2661 vum
221 2627 465 2671 explicandum
500 2635 567 2661 est.
609 2629 663 2660 καὶ
700 2640 746 2662 ως

108 2672 172 2707 οὐκ
203 2672 248 2706 ἂν
277 2673 454 2715 είςαχθείη
458 2685 484 2707 ς.
522 2675 562 2706 cf.
595 2674 746 2706 Matth.

109 2721 141 2760 ἓ.
171 2718 248 2753 598.
280 2718 359 2753 coll.
392 2723 507 2754 annot.
541 2719 584 2752 ad
613 2731 645 2762 p.
670 2717 747 2751 461.

819 1045 860 1076 D.
910 1045 954 1076 Et
978 1055 1019 1076 ne
1046 1054 1146 1085 quem
1171 1042 1338 1081 offendat,
1370 1041 1460 1083 quod

822 1101 891 1121 non
928 1091 1033 1141 pliori
1067 1089 1265 1131 participio,
1305 1087 1364 1119 sed
1396 1087 1461 1118 soli

819 1147 879 1177 pos
866 1136 998 1167 texiori
1023 1135 1146 1166 vocula
1172 1134 1287 1165 addita
1313 1138 1381 1171 est,
1416 1132 1458 1164 cf.

820 1180 1024 1235 Sophocl.
1070 1180 1152 1212 Oed.
1193 1179 1265 1211 Col.
1308 1190 1340 1209 v.
1376 1176 1458 1210 754:

821 1220 846 1257 ὦ
872 1224 982 1257 πάιτα
1007 1227 1138 1264 τολιιιῦι·
1162 1222 1251 1256 κάπὸ
1271 1221 1398 1256 παπιὸς
1415 1220 1461 1254 ἂν

822 1271 945 1312 φέοιινι
976 1270 1080 1313 λόγου
1114 1270 1245 1302 δικαιο1
1281 1267 1461 1311 μηχάνημα

820 1318 993 1354 ποικίλοι,
1030 1317 1052 1347 i.
1078 1327 1105 1347 e.
1140 1313 1178 1349 ὃς
1206 1313 1314 1346 πάιτα
1340 1315 1460 1355 τολμᾶς

819 1362 873 1393 καὶ
900 1359 966 1393 ἀπὸ
993 1373 1061 1392 παι
1066 1373 1120 1395 το
1146 1359 1189 1393 ἂν
1210 1360 1331 1412 φέροις
1354 1349 1458 1402 λογου

820 1407 849 1439 6.
874 1419 946 1449 μηχ.
974 1419 1081 1444 nom,
1115 1412 1221 1445 otu,
1247 1406 1318 1447 qui
1343 1415 1384 1437 es
1410 1405 1459 1436 ad

819 1454 965 1484 omnia
1012 1452 1155 1483 audax
1201 1453 1367 1493 quique
1409 1461 1458 1481 ex

819 1498 1022 1539 qualibet
1056 1508 1097 1529 re
1122 1498 1266 1528 iustae
1301 1497 1459 1528 oratio-

818 1544 884 1574 nis
929 1543 1124 1594 speciem
1176 1542 1459 1573 comminisci

818 1589 972 1630 possis.
998 1588 1090 1619 Male
1115 1588 1222 1630 igitur
1246 1586 1360 1618 Corn
1377 1587 1459 1618 ari-

818 1644 865 1664 us
919 1644 966 1667 ει
965 1634 1116 1674 αχθείςη
1169 1633 1295 1689 corrigi
1348 1632 1459 1663 iussit.

819 1677 935 1710 Verba
972 1676 1035 1710 υπὸ
1072 1676 1164 1709 πάιν
1191 1678 1275 1711 ι’σως
1299 1695 1339 1701 -
1368 1675 1457 1730 (1266-

819 1724 880 1755 λοι
906 1734 1013 1765 nuper
1037 1724 1072 1754 in
1097 1724 1314 1765 glossematis
1348 1723 1458 1775 suspi-

819 1771 951 1801 cionem
977 1769 1124 1801 adducta
1148 1774 1247 1809 sunt;
1283 1779 1349 1810 quo
1373 1769 1457 1808 iure,

819 1825 910 1865 1111110
935 1826 1003 1846 11011
1029 1814 1220 1847 decernam.

865 1858 882 1891 ὃ
909 1872 942 1891 τι
969 1858 1107 1900 τίχοι,
1140 1862 1266 1890 τοῦτο
1293 1857 1360 1912 π]
1393 1860 1458 1891 Mi-

818 1905 1231 1936 lerisHeindorfium
1257 1903 1316 1936 ὅτι
1339 1901 1388 1935 ἂν
1406 1903 1458 1936 τύ-

817 1962 866 1991 χοι
890 1952 1125 1993 corrigentem.
1172 1951 1259 1981 Nam
1284 1951 1457 1991 optativus

817 1997 955 2037 ponitur
991 1997 1033 2027 ob
1071 1995 1176 2027 velba
1211 1993 1377 2026 o‘zurozt
1412 1992 1458 2026 ἂι

819 2053 916 2072 τοιτο
957 2042 1099 2072 παθεῖι.
1164 2039 1457 2079 Quemadmodum

817 2087 922 2128 igitur
945 2088 978 2116 in
1000 2086 1147 2128 simplici
1167 2087 1345 2117 enuntiato
1364 2085 1458 2117 dixe-

817 2133 882 2162 ris:
918 2129 1074 2165 ὁςτιςοῦν
1113 2129 1222 2163 πάθοι
1259 2129 1303 2162 ἂν
1339 2133 1454 2168 τοῦτο,

817 2175 867 2207 ὅτι
902 2175 1009 2217 τύχοι,
1050 2178 1098 2208 ita
1128 2187 1221 2208 nunc
1253 2175 1271 2207 ὅ
1306 2188 1331 2207 τι
1369 2174 1457 2217 τύχοι

818 2222 961 2261 dicitur,
993 2223 1072 2263 quia
1096 2222 1162 2253 hoc
1187 2221 1457 2253 additamentum

817 2268 1005 2298 arctissime
1030 2278 1106 2300 cum
1131 2264 1298 2298 ὁντινοῦν
1322 2264 1367 2298 ἂν
1392 2278 1454 2298 πα-

820 2313 901 2344 θεῖν
933 2324 1029 2343 toz-to
1062 2313 1230 2344 cohaeret.
1290 2311 1456 2343 Similiter

817 2357 934 2398 Lysid
966 2368 996 2399 p.
1022 2356 1096 2389 207.
1130 2359 1180 2389 D.
1214 2357 1310 2389 δοκει
1339 2356 1377 2389 δέ
1403 2368 1455 2389 σοι

817 2400 994 2441 εὐδαίμωι
1025 2397 1115 2434 εἶπαι
1146 2400 1339 2442 ἄνθρωπος
1372 2403 1453 2434 60v·

816 2446 930 2479 λειῗων
953 2448 1006 2479 καὶ
1035 2460 1060 2491 ῳ
1087 2448 1197 2490 μηδὲι
1221 2447 1314 2490 ἐξειη
1341 2452 1454 2480 ποιεῖι

817 2493 869 2525 ώι·
893 2491 1078 2531 ἐπιθιιμοῑ,·
1110 2494 1243 2525 Phileb.
1298 2492 1383 2526 ..60
1416 2493 1454 2525 C.

816 2538 922 2580 Legg.
947 2539 1050 2580 XLp
1030 2549 1061 2580 p.
1084 2537 1159 2571 927.
1186 2538 1223 2570 C.
1247 2549 1279 2570 v.
1274 2504 1452 2570 pMatth.

817 2584 846 2623 ἓ.
877 2581 953 2615 529.
985 2584 1098 2616 Rost.
1138 2585 1166 2623 ἓ.
1200 2582 1275 2615 123.
1307 2582 1337 2615 3.
1384 2583 1452 2614 Ad-

816 2629 885 2660 dito
909 2627 953 2659 c'iv
972 2629 1036 2661 hoc
1052 2630 1125 2661 loco
1147 2628 1366 2661 scribendum
1381 2632 1454 2660 erat

819 2672 906 2715 τύχῃ.
946 2675 998 2705 De
1023 2686 1058 2706 re
1082 2675 1157 2716 ipsa
1180 2675 1317 2706 Menon.
1342 2685 1374 2715 p.
1398 2673 1452 2706 94.

816 2720 863 2751 E:
890 2716 936 2753 ὥς
961 2720 1046 2754 ἴσως
1071 2719 1135 2759 μὲν
1160 2719 1215 2751 καὶ
1240 2718 1279 2751 ἐν
1295 2716 1373 2761 ἄλλῃ
1391 2718 1452 2751 πό-
