1687 2969
530 169 571 174 —
644 147 807 186 CXXXIX
880 168 889 171 ·
900 168 921 171 ⁷-

153 263 385 306 Editiones
415 262 605 306 Phaedri
635 261 875 318 singulares
887 295 900 316 7
932 264 1089 318 quibus
1121 264 1186 305 usi
1218 280 1364 308 sumus
1378 295 1405 322 ,Α

44 322 125 363 hae
152 326 278 362 sunt:

156 374 422 420 Platonis
454 373 604 418 dialo
622 375 673 417 rri
703 390 807 430 qua
821 381 912 418 tuo
926 391 946 416 r
974 374 1170 432 (Lysias,
1193 378 1390 422 Charmi-

42 434 143 489 des,
174 433 364 489 Hippias
396 432 554 486 maior,
586 411 847 487 Piliaedrus).
914 432 1177 476 Emendavit
1210 442 1252 477 et
1291 453 1390 481 ann.

42 491 245 533 instruxit
278 491 332 532 L.
362 489 400 531 F
417 505 449 531 r.
480 489 621 532 Hein
635 489 697 531 do
710 506 729 530 r
742 490 769 531 f.
805 489 871 530 ed.
913 504 999 531 see.
1041 489 1098 530 ad
1136 500 1389 548 apparatum

42 548 121 589 Im.
140 547 332 590 Bekkeri
352 546 470 588 lectt.
502 546 670 588 emend.
704 547 740 587 P
756 546 845 589 hil.
877 546 914 587 Β
927 552 981 588 ut
995 553 1060 587 tm
1073 562 1097 588 a
1111 563 1265 593 nnus.
1305 550 1389 592 Be-

41 605 119 647 rol.
155 605 276 647 1802.
313 609 357 645 et
386 603 542 644 iterum
567 605 688 646 1827.
713 604 753 644 8.

155 662 215 703 Pl
229 667 281 703 at
294 677 317 703 o
330 660 416 703 nis
474 659 549 702 Ph
561 676 585 702 a
597 677 619 702 e
630 660 658 702 d
669 677 690 702 r
700 676 729 702 u
741 676 774 702 s.
864 658 1101 700 Recensuit
1114 693 1125 714 7
1186 662 1390 705 Hermiae

40 717 230 761 Seholiis
274 733 327 760 ex
374 716 470 759 eod.
516 718 693 760 Monac.
735 717 820 758 XI.
852 716 1027 770 suisque
1069 721 1390 762 commentariis

39 775 273 818 illustravit
301 774 370 816 Fr
384 773 450 817 id.
479 775 523 816 A
536 775 692 817 stius.
723 774 927 829 Lipsiae,
963 774 1082 816 1810.
1116 776 1155 816 8.

152 831 408 874 Platonis
449 830 644 887 Opera.
701 830 786 873 Ed.
817 829 966 873 Frid.
996 830 1211 873 Astius.
1246 832 1298 874 T.
1328 833 1389 875 X.

41 889 117 943 qui
156 889 350 931 eontinet
385 888 648 930 uberrimum
668 889 711 929 in
744 887 991 929 Phaedrum
1022 889 1389 931 commentarium.

165 945 399 987 Platone
439 944 725 987 Phaedrus
766 944 875 986 und
915 942 1231 995 Gastmahl;
1262 946 1390 988 iiber—

40 1008 177 1056 setzt,
224 1002 432 1044 erlautert
470 1001 561 1043 u'nd
599 1002 845 1044 verbessert
887 1016 974 1042 von
1013 1001 1050 1042 F
1063 1018 1095 1042 r.
1137 1003 1180 1044 A
1195 1009 1256 1044 st.
1296 1004 1388 1046 Ien.

43 1060 165 1101 1817.
197 1059 236 1100 8.

166 1115 398 1157 Platons
440 1113 725 1157 Phaedrus
739 1148 750 1169 7
795 1114 959 1172 griech.
990 1129 1032 1156 Π.
1065 1113 1271 1169 (leutsch,
1311 1116 1389 1157 mit

39 1173 138 1218 krit.
170 1187 211 1214 11.
245 1172 398 1215 erklar.
430 1171 788 1229 Anmerkungen.
819 1172 971 1227 Leipz.
1009 1172 1128 1212 18413.
1162 1172 1200 1213 8.

151 1246 411 1288 Platonis
442 1245 741 1287 Phaedrus.
774 1245 1012 1287 Recensuit
1033 1243 1218 1288 Carol.
1249 1245 1392 1288 Bad-

40 1303 168 1344 han).
230 1303 374 1345 Lond.
408 1304 547 1346 1851.
602 1303 639 1347 8.
689 1303 790 1344 min.
852 1301 1003 1343 Editio
1056 1302 1187 1344 habet
1235 1303 1391 1345 breves

39 1360 341 1458 anngtationes
372 1359 545 1401 criticas
588 1374 746 1414 easque
779 1359 933 1415 partim
973 1374 1182 1415 perquam
1227 1367 1392 1404 acutas.

39 1434 80 1459 v.
154 1423 405 1459 ommentar.

153 1489 368 1547 Lysiae
417 1488 758 1532 Amatorius.
827 1488 1050 1531 Lectionis
1099 1490 1309 1531 varietate
1351 1497 1395 1532 et

40 1547 347 1589 commentario
388 1546 593 1588 instruxit
622 1571 678 1576 ——
706 1545 797 1587 Ed.
829 1546 873 1587 Il
889 1547 1087 1587 aenisc.
1100 1546 1141 1587 11.
1173 1573 1227 1576 —
1259 1547 1393 1588 Prae-

40 1604 170 1646 missa
200 1610 269 1645 est
298 1603 604 1646 commentatio
636 1602 688 1643 de
719 1608 895 1644 auctore
937 1603 1156 1644 orationis.
1196 1603 1391 1659 Lipsiae,

44 1662 166 1702 1827.
214 1662 252 1702 8.
326 1660 484 1701 Editor
527 1660 766 1701 orationem
797 1659 1036 1716 Lysianani
1074 1676 1162 1702 non
1202 1660 1391 1714 Platoni⁷

40 1716 119 1758 sed
148 1717 309 1774 Lysiae
341 1716 487 1759 deberi
517 1715 745 1758 ostendere
777 1723 958 1758 conatus
988 1723 1065 1758 est.

152 1796 387 1841 Praeterea
408 1795 464 1837 ad
485 1794 736 1839 Phaedrum
765 1795 1073 1839 illustrandum
1093 1796 1261 1839 faciunt
1281 1811 1392 1850 quae

40 1852 372 1909 disputaverunt
427 1851 478 1895 C.
527 1852 612 1896 Fr.
665 1852 942 1894 Hermann
1012 1852 1057 1894 in
1106 1852 1292 1895 Iahnii
1348 1859 1393 1895 et

42 1910 261 1951 Klotzii
291 1909 451 1951 Annal.
496 1924 596 1950 nov.
629 1908 787 1951 Philol.
829 1914 873 1950 et
906 1908 1099 1965 Paedag.
1136 1910 1231 1952 vol.
1283 1909 1390 1951 VII.

41 1967 91 2008 P.
128 1966 209 2007 IV.
240 1982 276 2008 a.
310 1968 430 2009 1833.
460 1982 502 2023 p.
535 1967 631 2008 395.
675 1981 770 2021 sqq.
810 1965 930 2007 Chr.
972 1966 1166 2008 Eberh.
1211 1967 1392 2010 Finkh

41 2023 85 2064 in
116 2022 539 2067 Zimmermanni
572 2023 733 2067 diario:
770 2026 1100 2072 Zeitschrift
1137 2028 1169 2076 f.
1211 2026 1390 2066 Alter-

42 2082 596 2133 tknmswissenschafl
636 2096 674 2123 a.
708 2081 831 2124 1835.
872 2080 968 2123 Fol.
1000 2081 1067 2123 96.
1100 2087 1144 2122 et
1175 2082 1242 2122 97.
1285 2081 1388 2123 Vs>-

44 2135 209 2192 gelin:
249 2137 294 2177 in
324 2136 428 2178 edit.
459 2136 559 2178 min.
587 2136 707 2193 Opp.
738 2137 850 2178 Plat.
891 2137 1037 2178 Turio.
1077 2137 1178 2178 Vol.
1221 2137 1391 2182 XVIII.

44 2207 81 2233 a.
114 2193 239 2234 1841.
279 2193 457 2235 Fridr.
508 2192 1073 2237 Schleiermaeherus
1117 2192 1234 2250 Opp.
1269 2194 1382 2236 Plat.

43 2247 273 2304 Interpret.
327 2249 474 2293 Germ.
530 2250 625 2293 Vol.
674 2250 710 2295 Ι.
766 2249 916 2292 Frid.
958 2250 1154 2292 Astius
1208 2257 1250 2292 et-
1292 2251 1383 2295 Ios.

45 2303 255 2347 Sooher
292 2305 346 2348 de
376 2307 481 2348 Vita
512 2313 555 2349 et
584 2306 762 2363 Seriptt.
794 2307 967 2349 Platon.
1000 2305 1050 2348 C.
1081 2306 1230 2353 Frid.
1252 2309 1384 2352 Her-

44 2376 205 2402 mann
234 2361 495 2406 Gesehiehte
525 2363 616 2406 und
646 2363 823 2420 System
854 2362 929 2404 der
959 2363 1068 2404 Plat.
1100 2363 1384 2421 Philosophie

46 2432 88 2471 p.
110 2418 205 2458 510.
230 2432 324 2473 sqq.
354 2421 577 2462 Hieron.
609 2420 830 2463 Muller.
863 2426 905 2460 et
935 2418 1052 2461 Car.
1084 2419 1385 2463 Steinhart

43 2473 275 2530 Interpre-t.
305 2474 451 2518 Germ.
485 2476 604 2533 Opp.
635 2478 747 2519 Plat.
766 2476 866 2518 Vol.
906 2475 986 2517 IV.
1008 2492 1051 2531 p.
1074 2479 1112 2519 3.
1139 2493 1236 2533 sqq.
1257 2478 1383 2533 Lips.

48 2531 168 2572 1854.
209 2531 248 2573 8.
295 2532 432 2589 Aug.
471 2534 674 2576 Bernh.
723 2532 964 2574 Krische
1013 2533 1163 2576 Ueber
1202 2535 1384 2577 Platons

43 2585 284 2629 Phaedrus.
335 2586 534 2647 Getting.
588 2592 710 2633 1848.
761 2591 800 2631 8.
851 2589 1045 2632 Frane.
1099 2590 1383 2634 Susemihl

44 2642 128 2685 Die
157 2650 299 2700 genet.
342 2644 678 2704 Entwiekelung
715 2645 791 2688 der
820 2646 932 2687 Plat.
962 2646 1248 2703 Philosophie
1279 2649 1380 2690 Vol.

42 2699 79 2742 I.
109 2700 232 2757 Lips.
266 2702 387 2743 1855.
428 2718 470 2757 p.
501 2704 597 2745 211.
628 2719 725 2759 sqq.
778 2702 880 2745 Alia
907 2703 1090 2758 scripta,
1139 2705 1295 2758 quibus
1318 2705 1384 2749 usi
