1687 2969
447 161 690 201 GORGIAS.
720 162 763 200 P.
797 166 889 200 481.
922 165 1015 200 482.
1046 163 1105 200 ed.
1138 162 1194 201 St.
1413 166 1490 200 193

136 271 399 324 βουλεύμασί
436 285 479 312 τε
517 269 588 312 καὶ
623 271 765 324 λόγοις
806 271 884 323 οὐχ
922 266 1011 319 οἷός
1040 267 1071 311 τ’
1103 266 1143 311 εἷ
1171 269 1490 321 ἐναντιοῦσθαι,

138 332 252 386 dign,
282 336 322 376 εἴ
346 336 408 385 τίς
435 345 515 378 σου
543 335 743 388 λέγοντος
768 334 963 376 ἑκάστοτε
994 338 1019 376 ἃ
1049 336 1118 376 διὰ
1147 336 1328 384 τούτους
1358 334 1492 389 λέγεις

135 401 376 454 θαυμάζοι,
413 400 471 449 ὠς
508 402 649 442 ἄτοπά
687 400 821 450 ἐστιν,
864 401 966 448 ἴσως
1006 401 1139 449 εἴποις
1183 400 1236 441 ἂν
1275 401 1414 457 αὐτῷ,
1457 401 1492 442 εἰ

138 466 314 519 βούλοιο
352 462 520 519 τάληθῆ
554 465 715 520 λέγειν,
756 464 841 517 ὅτι,
883 467 916 506 εἰ
955 467 1012 519 μή
1054 481 1115 513 τις
1153 467 1305 506 παύσει
1344 465 1395 506 τὰ
1435 466 1487 507 σὰ

136 531 311 574 παιδικὰ
339 532 504 573 τούτων
531 534 617 572 τῶν
643 533 795 584 λόγων,
835 530 933 573 οὐδὲ
965 530 1018 570 σὺ
1045 531 1197 571 παύσει
1226 530 1327 572 ποτὲ
1356 535 1491 572 ταῦτα

136 595 283 649 λέγων.
322 597 465 650 νόμιζε
506 598 657 638 τοίνυν
695 597 766 637 καὶ
807 604 903 648 παρ’
946 595 1050 649 ἐμοῦ
1079 602 1231 649 χρῆναι
1260 595 1378 648 ἔτερα
1408 613 1489 637 τοι-

137 668 246 703 αῦτα
285 658 483 712 ἀκούειν,
522 661 593 702 καὶ
630 678 686 716 μη
725 662 943 715 θαύμαζε,
989 657 1053 701 ὅτι
1093 660 1176 713 ἐγὼ
1206 666 1340 703 ταῦτα
1368 661 1489 713 λέγω,

137 724 243 768 ἀλλὰ
278 725 357 781 τὴν
395 729 684 781 φιλοσοφίαν
726 727 776 767 τὰ
815 726 892 780 ἐμὰ
921 726 1114 775 παιδικά,
1155 731 1327 768 παῦσον
1355 732 1489 768 ταῦτα

137 790 359 845 λέγουσαν.
397 789 508 845 λέγει
546 793 650 845 γάρ,
693 786 726 832 ὦ
766 793 861 845 φίλε
902 790 1064 844 ἕταῑοε,
1106 787 1170 832 ἀει
1211 794 1237 832 ἃ
1275 799 1358 834 νῦν
1387 792 1490 846 εμοῦ

136 937 281 969 rentinis
312 941 456 979 excepto
486 936 518 968 d.

135 981 427 1025 praecedentibus.

204 1036 222 1071 ὁ
257 1037 393 1081 δῆμος
425 1035 442 1070 ὁ
475 1035 751 1080 Ἀθηναίων]
793 1038 986 1070 Secundum
1019 1036 1036 1069 ό
1069 1038 1232 1070 debemus
1267 1039 1371 1071 Coisl.
1403 1040 1487 1071 Ven.

139 1083 222 1116 ΞΣ.
255 1084 358 1116 Vind.
374 1083 404 1116 1.
421 1084 452 1116 2.
478 1083 508 1116 6.
535 1082 563 1116 7.
597 1085 673 1116 Par.
699 1084 761 1116 BC
776 1084 831 1115 IV
843 1085 894 1116 W.
927 1084 1016 1116 Flor.
1044 1094 1073 1115 a.
1100 1096 1126 1115 c.
1153 1084 1184 1115 d.
1209 1095 1252 1115 m.
1279 1096 1307 1116 ο.
1334 1096 1366 1115 x.
1400 1086 1488 1128 Aug.

135 1129 232 1162 Bodl.
249 1130 387 1162 Meerm.
426 1129 552 1162 Carent
569 1134 683 1162 tamen
702 1129 820 1162 eodem
845 1129 988 1161 articulo
1014 1129 1130 1161 Clark.
1156 1136 1187 1161 et
1213 1130 1291 1161 Vat.
1315 1141 1345 1161 v.
1372 1137 1487 1163 annot.

575 936 747 969 Videlicet
783 937 976 969 inserviunt
1010 937 1093 970 haec
1127 937 1343 979 explicandis
1374 937 1488 970 verbis

1518 466 1601 507 482

203 1189 484 1233 βουλεύμασί
514 1190 573 1234 τε]
616 1191 656 1223 V.
697 1190 896 1234 βουλήμασι
934 1203 985 1229 τε,

135 1237 253 1278 paucis
277 1236 366 1269 aliis.

1036 1196 1073 1222 ut
1112 1196 1162 1222 est
1200 1191 1236 1222 in
1272 1192 1350 1225 Par.
1386 1193 1424 1223 E.
1456 1197 1490 1224 et

201 1298 239 1330 P.
263 1296 340 1330 482.
388 1296 456 1330 αἐὶ
482 1296 502 1331 ἂ
531 1302 612 1330 νῦν
637 1297 742 1336 ἐμοῦ
766 1295 849 1340 clm]
876 1296 929 1329 ἀεὶ
957 1297 1110 1329 additum
1136 1309 1177 1329 ex
1204 1297 1308 1329 Coisl.
1337 1298 1422 1330 Ven.
1447 1298 1486 1331 Σ.

133 1343 236 1376 vind.
261 1342 292 1376 1.
315 1342 347 1377 2.
372 1343 402 1377 6.
429 1342 458 1376 7.
495 1345 571 1376 Par.
596 1345 653 1376 IV
664 1344 718 1376 W.
750 1344 842 1376 Flor.
867 1354 896 1376 a.
922 1342 953 1375 b.
981 1354 1005 1374 e.
1033 1354 1063 1375 0.
1097 1343 1195 1376 Bodl.
1222 1344 1362 1376 Meerm.
1389 1343 1432 1375 al.

133 1482 166 1510 et
196 1478 380 1511 adulantis.
427 1478 586 1510 Ceterum
617 1479 775 1521 exempla

134 1523 272 1555 articuli
308 1524 345 1555 in
380 1524 434 1556 his
464 1524 620 1556 formulis
650 1529 774 1556 temere

133 1569 281 1611 neglecti
296 1568 436 1611 collegit
456 1569 642 1601 Schacfc
654 1581 680 1601 r.
704 1571 776 1601 Me-

133 1614 204 1646 lett.
236 1615 307 1646 crit.
333 1625 365 1656 p.
391 1614 422 1646 8.
452 1618 485 1646 et
507 1615 705 1647 Fischer.
733 1614 775 1646 ad

133 1659 275 1692 Weller.
300 1660 340 1691 T.
366 1659 392 1691 Ι.
416 1670 447 1701 p.
473 1658 550 1692 341.

190 1752 362 1781 τοιαῦτα
417 1748 512 1788 ἔτερ
525 1748 570 1791 α]
626 1748 775 1781 itidem

132 1794 256 1826 talia.
303 1795 388 1826 Mox
411 1804 443 1836 p.
466 1792 542 1827 482.
567 1795 618 1826 A:
653 1798 775 1836 χρῆναι

133 1840 234 1880 ἕτερα
257 1842 392 1871 τοιαῦτα
415 1837 568 1871 ἀκούειν.
619 1840 774 1882 Sympos.

133 1895 165 1927 p.
182 1883 259 1918 201.
275 1885 318 1916 E.
347 1885 491 1917 Phaedr.
514 1896 549 1927 p.
562 1884 616 1917 58.
634 1886 690 1925 D.‚
715 1884 776 1916 ubi

133 1941 164 1964 v.
197 1933 312 1962 annot.
342 1949 387 1954 —
421 1928 707 1972 βουλεύμασι
737 1942 775 1962 τε

133 1975 202 2007 καὶ
243 1973 314 2018 λόγ
326 1986 363 2006 οι
375 1987 400 2009 ς.
450 1975 549 2015 Quod
586 1975 691 2007 schol.
732 1975 775 2006 ad

132 2020 164 2051 A
174 2021 280 2052 risto
290 2031 312 2062 p
322 2020 355 2051 h.
377 2020 468 2052 Plut.
488 2031 521 2052 v.
543 2019 621 2053 493.
645 2021 775 2061 statuit,

132 2063 310 2106 βούλευμα
327 2075 401 2097 esse
425 2075 470 2098 co
481 2076 504 2097 n
515 2066 668 2097 silium
693 2077 713 2107 p
726 2067 775 2097 ri-

132 2114 276 2142 vatum
299 2114 332 2142 et
359 2108 515 2152 βούλημα
539 2111 776 2142 consilium

132 2154 377 2197 publicum,
408 2155 474 2187 hoc
499 2155 681 2188 discrimen
707 2167 775 2187 non

131 2204 223 2232 recte
270 2210 344 2232 esse
392 2201 614 2232 constitutum
658 2201 775 2233 docuit

132 2246 155 2277 S
165 2257 186 2287 p
196 2257 216 2278 a
225 2245 278 2277 nh
289 2255 359 2278 em.
420 2246 540 2287 Itaque
588 2246 652 2278 hoc
699 2246 774 2278 loco

131 2291 329 2323 auctoritati
376 2291 534 2324 codicum
587 2290 775 2334 parendum

131 2335 370 2368 iudicavimus.

176 2414 213 2456 19.
247 2423 324 2458 482.
381 2428 510 2457 ταῦτα
534 2424 689 2468 λέγων]
716 2426 776 2457 Di-

133 2474 227 2502 ctum
257 2471 323 2503 hoc
360 2475 412 2502 est
450 2469 630 2509 δεικτικῶς,
666 2481 776 2512 neque

131 2526 235 2557 opus,
267 2519 306 2547 ut
329 2515 502 2547 scribatur
530 2513 650 2553 ταύτά,
683 2527 777 2558 prae-

131 2561 248 2592 sertim
289 2571 395 2602 quum
426 2561 608 2602 praecedat
646 2560 776 2593 τούτων

132 2609 200 2637 τῶν
223 2603 454 2648 λόγων.-τὰ
483 2605 559 2645 ἐμὰ
587 2604 775 2637 παιδικά.

132 2651 353 2692 Synesius
387 2661 420 2692 p.
452 2649 504 2682 22.
539 2651 593 2683 ed.
625 2650 775 2683 Turneb.

131 2695 311 2727 Platonem
344 2696 497 2727 imitatus
523 2697 602 2727 item
628 2696 776 2737 philoso-

167 2762 238 2787 Plat.
258 2762 330 2794 Opp.
351 2763 412 2788 Vol.
430 2763 467 2787 11.
486 2762 559 2787 Sect.
580 2764 601 2787 Ι,

843 1479 960 1521 phiam
991 1484 1093 1511 vocat
1124 1477 1161 1510 τὰ
1186 1477 1322 1511 παιδικὰ
1345 1489 1425 1521 sua.
1456 1490 1488 1511 v.

845 1535 931 1565 quae
987 1524 1027 1557 de
1074 1535 1140 1556 usu
1187 1525 1290 1556 huius
1309 1525 1488 1611 pnominis

845 1569 995 1601 diximus
1027 1569 1070 1600 ad
1101 1569 1276 1602 Phaedon.
1339 1569 1420 1602 ,68

843 1614 987 1646 Phaedr.
1026 1625 1057 1656 p.
1093 1613 1170 1647 249,
1204 1616 1244 1648 A.
1287 1634 1331 1638 —
1379 1571 1488 1646 ,τοὶΑι

846 1653 971 1701 ἧττοπ
1012 1660 1252 1701 ἑιιπληκτος
1311 1660 1486 1691 Suidas:

845 1705 1038 1746 ἑιιπλικτοι·
1065 1708 1202 1745 κοῦφοι,
1233 1685 1486 1747 eiuetdsslrprm.

844 1750 1050 1781 Eustath.
1087 1761 1118 1791 p.
1158 1749 1254 1782 1886.
1300 1751 1489 1791 ἐμπληκτον

843 1795 1084 1836 interpretatur
1107 1792 1263 1832 ἄστατον,
1299 1793 1487 1837 εὐμετάβο-

844 1841 914 1871 λον.
955 1840 1073 1882 Lysid.
1105 1851 1137 1882 p.
1162 1839 1238 1872 214.
1265 1840 1309 1872 C:
1345 1840 1488 1872 δοκοῦσι

844 1884 953 1927 λέγειν
980 1904 1023 1908 ——
1056 1885 1134 1919 zois·
1168 1883 1294 1918 κακοὺς
1318 1904 1360 1909 —
1385 1885 1487 1939 μηδὲ·

845 1942 925 1962 ποτε
946 1928 1085 1970 opos-,01
1081 1928 1190 1973 μηδ’
1217 1928 1344 1964 αι’τοι5·
1370 1928 1487 1964 aristot

843 1971 952 2012 εἶιαι,
997 1973 1064 2007 ἀλλ’
1107 1974 1320 2018 ἐμπλήκτοις
1360 1988 1391 2007 τε
1432 1976 1487 2007 καὶ

845 2018 1088 2063 ἀσταθμήτους
1073 2040 1098 2058 5,
1123 2020 1487 2053 ubiv.Heind01f.

845 2066 1155 2107 Eu1·ip.Troad.
1196 2077 1228 2098 v.
1270 2065 1374 2098 1211:
1419 2070 1487 2099 ταῖς

847 2115 988 2150 τοοπαῖ5
1012 2108 1076 2153 γὰο
1104 2123 1136 2142 αι
1165 2109 1267 2152 τύχαι,
1305 2111 1488 2153 «ἔμπληκτος

847 2153 894 2188 οἷς
917 2153 1121 2195 distem-ros,
1148 2153 1251 2187 ἄλλοτ’
1279 2140 1405 2187 ἄλλοσε
1425 2168 1487 2198 πη-

846 2200 939 2231 δῶσι,
965 2200 1191 2232 Plutarch.
1210 2202 1354 2232 Eumen.
1367 2212 1398 2242 p
1411 2183 1488 2233 584.

843 2246 882 2276 E.
908 2246 949 2276 T.
967 2246 1000 2276 I:
1029 2246 1214 2288 ἑμπληκτο5·
1232 2244 1283 2278 ὢι·
1299 2247 1353 2277 καὶ
1374 2249 1489 2286 ι;ῑ>ορο”ι5Ἰ

843 2288 965 2328 μεστὸς
1007 2288 1191 2333 ἀβεβαίου.
1254 2291 1360 2323 Plura
1397 2291 1491 2324 dabit

844 2334 1029 2368 Lobeck.
1063 2336 1107 2368 ad
1137 2336 1298 2377 Sophocl.
1324 2337 1423 2368 Aiac.
1456 2347 1486 2367 v.

845 2379 942 2412 1348.
986 2381 1290 2422 Wyttenbaeh.
1323 2382 1366 2414 ad
1397 2381 1488 2413 Plut.

846 2426 922 2456 Vol.
957 2426 1014 2457 VI.
1055 2427 1093 2458 P.
1128 2427 1170 2458 II.
1208 2437 1240 2469 p.
1272 2425 1347 2459 927.
1395 2426 1489 2458 Male

848 2471 952 2512 igitur
985 2471 1183 2503 Ficinus:
1224 2472 1369 2504 minus
1407 2476 1487 2503 sto-

845 2516 939 2547 lida
982 2520 1024 2547 et
1072 2517 1306 2559 pervicax.
1371 2517 1489 2558 Neque

845 2560 986 2602 dignum
1001 2566 1052 2593 est
1068 2563 1253 2602 mentione,
1279 2561 1370 2603 quod
1393 2561 1489 2592 scho-

845 2605 949 2637 liasta
979 2610 1012 2637 et
1037 2607 1383 2649 Olympiodorus
1407 2610 1490 2637 tam-

847 2662 948 2692 quam
986 2651 1089 2683 aliam
1131 2653 1313 2684 lectionem
1347 2662 1491 2683 comme-

847 2700 981 2727 morant
1007 2697 1179 2738 E‘usslqms.

1179 2763 1221 2795 13
