1687 2969
520 177 561 181 -
651 156 786 194 CXXXI
865 176 900 180 —

49 281 92 316 et
128 287 231 315 vero
271 272 399 313 etiam
429 269 676 312 Phaedrum
715 269 928 324 carpsisse
973 268 1285 311 existimandus
1313 276 1392 312 est.

48 329 137 375 Sed
178 328 298 372 istud
337 327 513 382 quidem
551 327 595 368 in
624 325 766 391 medio
796 326 1102 391 relinquamus.
1162 326 1392 383 Pergimus

79 387 194 429 otius
228 385 284 428 ad
319 387 662 440 olympiodorum,
691 383 768 453 qui
797 383 841 424 in
871 382 978 424 Vita
1007 382 1120 424 Plat.
1150 399 1192 439 p.
1225 386 1292 426 76.
1324 383 1392 426 0(1.

46 404 243 487 ξ’1501101.
291 441 400 484 haec
441 441 642 498 scripsit:
705 443 802 482 “lu
847 437 953 489 τοὺς
995 440 1315 496 διθυράμβους
1364 440 1389 484 ὁ

45 501 241 544 ΙΙἏάτων
265 497 448 552 ἤσκητο,
480 500 615 563 δῐ1λον
646 497 692 539 ὲκ
721 499 797 539 τοῦ
825 498 1027 538 Φαίὸοου
1057 500 1136 539 τοῦ
1161 496 1318 553 5ccc70'7
1320 514 1389 552 ου,

46 556 163 601 πάνυ
204 561 418 605 πνέοντος
458 557 538 597 τοῦ
578 551 960 621 διθνραιιβωδοις
992 570 1282 619 χαρακτηοος,
1314 553 1392 597 α’τε

45 613 295 663 Πλάτωνος
334 614 494 655 τοῦτον
537 613 712 667 πρῶτον
753 609 1015 667 γράψαντος
1057 609 1293 665 διάλογον,
1334 610 1392 661 (ὃς

46 673 231 726 λέγεταὶ.
288 669 361 712 De
400 684 487 725 quo
518 668 704 711 hominis
736 654 855 710 docti
885 667 1015 710 effato
1046 668 1216 710 etiamsi
1244 668 1391 710 nobis-

47 744 145 772 cum
164 729 211 770 in
241 729 438 769 Examin.
475 728 640 768 Testim.
663 741 705 781 p.
737 725 804 766 21.
828 740 923 779 sqq.
954 725 1016 766 ita
1032 730 1216 778 statuas,
1232 731 1282 766 ut
1297 725 1391 767 eius

47 782 298 828 auctoritati
343 798 432 825 non
480 783 661 824 multum
706 782 984 824 tribuendum
1021 796 1114 824 esse
1153 781 1389 835 existimes,

47 849 194 884 tamen
233 840 342 883 illud
383 839 501 882 nullo
540 839 720 896 negotio
759 839 1038 896 intelligitur,
1088 838 1244 881 hausta
1294 853 1390 881 esse

93 914 161 941 iae
193 897 378 954 protulit
413 912 466 938 ex
495 874 787 951 antiquiorum
817 871 1038 937 rhetoruni
1067 896 1285 949 fontibus,
1314 896 1390 950 qui

50 915 300 997 {thaedrum
328 953 692 1010 dithyrambicum
721 952 928 1007 quiddam
965 952 1128 1008 spirare
1156 952 1390 994 iudicavis—

52 1018 163 1054 sent.
235 1011 440 1066 Denique
481 1009 722 1052 audiendus
776 1010 903 1051 etiam
942 1009 1145 1051 Hermias
1185 1016 1275 1062 est,
1317 1010 1391 1076 qui

53 1067 200 1112 Schol.
242 1067 298 1110 ad
326 1064 514 1110 Phaedr.
554 1082 598 1122 p.
644 1067 710 1108 63.
750 1065 817 1108 ed.
857 1066 951 1108 Ast.
1000 1065 1107 1107 haec
1144 1065 1296 1108 refert:
1336 1083 1391 1107 τα

49 1125 301 1192 ἑγκληιιατα
337 1127 439 1179 νῦν,
480 1124 508 1165 ἅ
550 1140 667 1174 τινες
705 1124 1003 1189 κατηγοροῦσι
1039 1122 1284 1173 ΙΙλάτωνος
1321 1126 1393 1166 ἐπι

49 1181 194 1237 τούτῳ
225 1199 286 1235 τῳ
320 1197 429 1237 any>
430 1179 642 1252 ράμματι,
672 1205 727 1211 ——-
759 1179 828 1222 ὁτι
889 1178 1084 1222 ασκάνου
1112 1179 1233 1230 τινος
1263 1182 1392 1235 φι--λο

49 1243 197 1283 νείκου
237 1242 343 1281 νέου
381 1241 521 1280 ἔοικεν
561 1236 697 1288 εἶναι,
737 1238 1059 1291 κωιιιοδοῦντος
1107 1235 1187 1279 τὸν
1223 1236 1394 1295 ῥήτορα

50 1299 125 1339 καὶ
165 1300 227 1346 εἰς
266 1295 468 1351 ἀτεχνίαν
507 1294 647 1337 αὐτόν
684 1292 1011 1361 διαβάλλοντος·
1056 1295 1202 1336 έπειτα
1241 1296 1288 1337 δὲ
1318 1297 1394 1337 καὶ

49 1369 101 1413 τῃ
140 1353 253 1406 λέξει
291 1353 540 1409 κεχοησθαι
575 1350 670 1393 «ins.-
665 1348 851 1408 ροκοέλῳ
894 1354 965 1393 καὶ
1006 1351 1100 1405 ἐξω
1106 1354 1291 1416 κωμὲνη
1320 1368 1392 1394 και

51 1400 336 1477 στρομφωδει
379 1411 453 1451 καὶ
482 1410 687 1467 ποιητικῇ
722 1410 914 1463 μᾶλλον,
949 1407 1007 1457 ὠς
1036 1411 1105 1451 καὶ
1139 1409 1276 1458 αὐτος
1304 1413 1393 1450 ἐπε·

52 1466 296 1522 σημήνατο.
365 1466 513 1520 Atque
564 1456 672 1507 haec
719 1464 894 1521 quidem
931 1471 1033 1507 sunt
1069 1465 1158 1507 fere
1196 1472 1394 1507 veterum

50 1524 272 1566 rhetorum
311 1522 366 1565 de
406 1521 598 1565 Phaedri
641 1522 921 1577 eloquutione
958 1521 1134 1564 iudicia
1185 1521 1394 1565 Similiter

51 1597 154 1623 vero
196 1580 251 1622 de
289 1580 364 1622 illa
401 1585 633 1629 senserunt
662 1579 792 1620 etiam
835 1579 975 1621 critici
1021 1580 1301 1633 recentiores,
1342 1595 1396 1620 ex

53 1637 212 1692 quibus
243 1642 418 1691 praeter
456 1642 622 1678 eeteros
653 1635 906 1677 nominandi
950 1642 1051 1677 sunt
1080 1636 1212 1692 Aug.
1243 1635 1394 1677 Bern.

53 1693 385 1736 Krischius:
423 1692 575 1735 Ueber
592 1693 773 1734 Platons
795 1692 1071 1746 Phaedrusp
1043 1708 1085 1746 p.
1109 1694 1203 1734 135.
1233 1708 1330 1747 sqq.
1352 1699 1397 1734 et

54 1749 610 1794 Schleiermacheius
642 1749 785 1791 Praef.
827 1748 883 1790 ad
912 1749 1098 1790 Phaedx.
1130 1766 1172 1806 p.
1205 1751 1272 1791 69.
1303 1764 1400 1804 sqq.

55 1806 329 1862 Quamquam
368 1806 413 1848 hi
453 1806 583 1848 etiam
624 1806 709 1847 alia
750 1821 838 1847 non
868 1821 1009 1861 pauca
1046 1812 1252 1848 notarunt
1291 1813 1402 1847 tam-

55 1879 185 1919 quam
215 1863 468 1920 singularia,
500 1869 549 1904 ut
578 1863 886 1905 exuberantem
925 1862 1142 1916 quandmi
1170 1863 1403 1905 verborum

55 1936 106 1963 ac
137 1921 450 1963 sententiarum
478 1920 706 1973 luxuriam,
739 1920 1064 1962 insolentioiem
1094 1920 1305 1962 mat-,ionis
1337 1920 1403 1961 vi-

55 1992 204 2034 gorem
234 1983 279 2019 et
315 1977 604 2032 alacritatem,
647 1976 820 2018 ridendi
859 1984 991 2032 atque
1041 1976 1291 2032 exaoritandi
1329 1992 1405 2032 pe-

55 2013 304 2087 tulantiam,
337 2033 524 2076 colorem
553 2034 763 2076 sermonis
809 2034 913 2075 mire
944 2034 1179 2087 variatum,
1227 2033 1404 2075 affecta-

56 2097 147 2134 tam
185 2090 403 2145 quandam
442 2090 616 2132 dicendi
646 2091 930 2147 gravitatem,
972 2105 1128 2131 vanam
1160 2097 1203 2132 et
1232 2091 1406 2131 inanem

56 2148 161 2189 artis
201 2147 455 2195 dialecticae
494 2154 538 2189 et
583 2148 798 2189 oratoriae
829 2147 1180 2200 ostentationem,
1220 2153 1264 2188 et
1294 2161 1407 2200 quae

57 2203 124 2246 his
162 2210 349 2260 cognata
395 2211 499 2246 sunt
535 2204 655 2246 vitia.
715 2204 786 2246 Ex
830 2203 898 2245 his
950 2203 1147 2244 omnibus
1190 2218 1293 2244 vero
1332 2202 1406 2244 de·-

58 2259 189 2313 nique
254 2266 449 2302 veterum
524 2261 798 2315 criticorum,
869 2259 922 2301 de
994 2259 1150 2314 quibus
1220 2258 1404 2316 Olym-

58 2315 226 2370 plodo
239 2332 331 2359 rus
379 2317 546 2372 aliquid
582 2317 875 2381 prodidisset,
921 2316 1061 2357 secuti
1108 2317 1408 2358 auctoritatem

59 2377 266 2426 protenus
295 2374 618 2428 concluserunt,
647 2374 733 2417 ista
763 2373 907 2415 omnia
928 2387 1022 2414 esse
1051 2372 1259 2419 iuvenilia
1287 2373 1409 2415 ideo-

62 2443 146 2482 que
175 2427 420 2478 Phaedrum
439 2431 626 2473 iuvenile
656 2430 854 2495 Platonis
866 2444 985 2494 opus
1016 2443 1124 2471 esse.
1182 2430 1280 2472 Nec
1298 2445 1404 2472 vero

60 2485 213 2541 negari
242 2486 331 2528 ullo
361 2487 489 2530 modo
521 2494 670 2544 potest
698 2487 877 2543 reperiri
910 2486 955 2527 in
1002 2485 1204 2529 Phaedro
1235 2502 1285 2528 ea
1314 2487 1405 2538 fere

61 2542 220 2596 omnia,
257 2557 366 2597 quae
396 2544 448 2586 ab
479 2544 564 2587 illis
594 2550 744 2586 notata
773 2550 817 2585 et
845 2541 1143 2585 animadversa
1162 2550 1277 2585 sunt.
1318 2534 1408 2586 Sed

62 2613 323 2653 quamquam
361 2599 408 2640 id
444 2601 535 2643 sine
581 2602 670 2643 ulla
708 2600 974 2642 dubitatione
1014 2599 1285 2656 largiendum
1325 2606 1408 2652 est,

61 2661 208 2701 tamen
238 2670 317 2697 nos
347 2656 520 2710 quidem
549 2658 666 2700 nullo
688 2663 818 2713 pacto
847 2655 1170 2703 eoncedendum
1177 2663 1407 2722 putamus,

64 2711 181 2765 quod
223 2711 324 2754 inde
356 2712 647 2768 colligendum
674 2720 945 2756 censueiunt.
1004 2713 1088 2755 Est
1119 2713 1231 2755 enim
1265 2713 1405 2754 elocu-

1066 2780 1086 2819 1
1122 2780 1140 2799 1
