1687 2969
259 87 313 125 54
744 86 1124 131 PLATONIS

260 217 350 250 πως
385 205 667 259 σαφέστερον.
707 201 731 255 ἡ
759 202 844 261 γὰρ
880 202 986 248 ἄνευ
1020 204 1155 260 λόγου
1193 204 1319 259 δόξης
1344 210 1413 250 ἐπὶ
1448 204 1496 250 τὸ
1535 205 1611 264 ὀρ-

266 263 358 310 θὸν
381 264 582 322 ὁρμώσης
603 268 860 327 κρατήσασα
879 275 1112 327 ἐπιθυμία,
1133 271 1242 329 πρὸς
1265 272 1431 326 ἡδονὴν
1450 272 1609 330 ἀχθεῖ-

260 349 316 376 σα
351 332 540 386 κάλλους
572 339 643 379 καὶ
681 334 766 380 ὑπὸ
801 332 858 380 αὖ
896 341 982 381 τῶν
1019 342 1178 393 ἑαυτῆς
1211 344 1430 395 συγγενῶν
1448 339 1610 383 ἐπιθυ-

258 402 370 457 μιῶν
406 404 474 445 ἐπὶ
509 402 722 458 σωμάτων
756 403 928 456 κάλλος,
965 404 1215 464 ὲῤῥωμὲνως
1239 402 1608 464 ῥωσθεῖσακνική-

261 481 375 510 σασα
421 467 582 530 ἀγωγῇ,
624 471 701 513 ἀπ’
755 471 894 525 αὐτῆς
938 475 1015 525 τῆς
1042 471 1191 532 ῥώμης
1235 477 1486 529 ἐπωνυμίαν
1531 476 1609 516 λα-

257 536 402 590 βοῦσα
439 540 543 592 ἔρως
577 532 676 590 ὲκλή
685 541 763 591 θη.

354 600 503 659 Ἀτάρ,
539 597 569 646 ὦ
603 608 700 661 φίλε
740 607 921 661 Φαῖδρε,
961 609 1072 649 δοκῶ
1110 623 1153 649 τι
1188 610 1269 658 σοι’,
1302 604 1442 663 ὥςπερ
1477 611 1611 662 ἐμαυ-

261 672 341 723 τῷ,
377 672 508 713 θεῖον
537 669 692 720 πάθος
726 675 1030 723 πεπονθέναι,-

362 738 494 780 ΦΑΙ.

565 735 698 780 Ila'vv
741 741 821 795 μὲν
866 732 966 791 οὖν,
1013 757 1044 782 ω

1022 734 1041 752 ⁷
1091 739 1353 796 Σώκρατες,
1396 734 1518 797 παρὰ
1556 737 1605 782 τὸ

256 800 418 853 εἰωθὸς
456 801 611 860 εὔροια
648 808 711 855 τίς
746 820 791 848 σε
828 806 1018 866 εἴληφεν,

346 891 424 919 πᾶν
450 901 534 927 πως
562 891 850 935 σαφέστερον]
877 892 1052 925 Stobaeus
1077 902 1153 925 cum
1173 891 1268 925 Vind.
1290 892 1320 927 7.
1342 889 1426 927 Ven-
1441 890 1507 922 ΣΤ
1526 888 1610 922 Πάν-

254 945 332 974 τως,
357 934 450 976 quod
477 937 603 977 placuit
629 937 829 969 Heindorfio
859 942 894 970 et
920 940 1028 971 Astio.

347 980 385 1014 C.
433 981 542 1023 πρὸς
567 980 724 1023 ἡδονὴν
748 981 946 1023 ἀχθεῖσα
970 984 1025 1027 κ.]

1071 984 1163 1017 Flor.
1189 985 1228 1014 θ.
1256 986 1290 1015 et
1319 981 1415 1015 Bodl.
1443 981 1474 1013 in
1502 991 1608 1024 marg.

250 1025 394 1066 ἄγουσα,
420 1028 551 1060 omisso
568 1028 668 1060 etiam
693 1027 760 1060 ὑπὸ
787 1024 844 1062 αὖ.
865 1030 962 1064 Bodl.
987 1041 1005 1062 a
1023 1040 1071 1072 pr.
1096 1030 1253 1069 ηι,ἱαυτῇ
1270 1028 1370 1060 babet
1387 1037 1449 1069 pro
1470 1027 1608 1068 ἑαυτῆς·

252 1071 337 1104 Mox
374 1072 472 1107 Bodl.
506 1074 537 1105 in
569 1084 676 1116 marg.
707 1074 909 1118 ῥωσθεῖσαν,

253 1161 313 1183 cur
332 1152 618 1185 Heindorfius
637 1154 726 1186 istud
743 1157 812 1187 πᾶν
827 1167 896 1191 πως

250 1207 354 1229 sensu
393 1208 527 1231 cassum
570 1209 646 1232 esse
686 1199 894 1233 iudicaverit.

250 1241 338 1276 Nam
364 1247 430 1275 πᾶν
455 1249 508 1277 est
538 1245 894 1287 unumquodque,

250 1293 289 1321 ut
321 1300 444 1332 saepe3
484 1302 554 1326 πως
585 1295 701 1333 autem
736 1291 896 1324 cohaeret

251 1344 327 1367 culn
358 1337 584 1379 σαφέστερον,
619 1341 655 1368 ut
684 1337 726 1368 sit
751 1337 895 1378 aliquo

251 1380 395 1421 modo,
424 1382 720 1423 aliquatenus,
771 1382 895 1414 Proxi-

251 1436 384 1459 morum
410 1428 595 1460 verborum
621 1428 703 1460 llaec
726 1432 778 1461 est
801 1433 892 1460 stru-

252 1476 365 1504 cturat
397 1471 414 1513 ἦ
457 1472 522 1515 γὰρ
555 1475 725 1513 ἐπιθυμία
757 1473 774 1515 ἦ
812 1475 894 1505 ἄνευ

249 1516 358 1559 λόγου
388 1518 586 1561 κρατήσασα
623 1518 726 1561 δόξης
763 1519 819 1551 ἐπὶ
850 1518 891 1551 τὸ

248 1561 367 1608 ὀρθὸν
390 1563 547 1607 ὁρμώσης
575 1564 645 1597 κτλ.

295 1655 335 1688 C.
384 1654 455 1686 καὶ
496 1654 573 1689 ὑπὸ
618 1650 672 1688 αὖ
703 1675 747 1680 -
782 1654 898 1698 νική-

249 1713 356 1732 σασα
381 1700 544 1744 ἅγωγῇ]
572 1702 668 1735 lnhis
685 1702 762 1735 nillil
783 1703 894 1735 omni-

248 1756 292 1779 no
316 1746 377 1779 fuit
402 1748 597 1782 mutandum
624 1752 760 1790 praeter
791 1758 894 1780 unum

248 1793 359 1824 solum
377 1792 504 1835 ἀγωγή,
529 1804 630 1835 quem
647 1794 893 1826 nominativum

250 1838 472 1879 plurimorum
499 1841 775 1880 optimorumque
789 1840 894 1871 libro-

248 1893 324 1914 rum
358 1884 424 1916 [ide
449 1890 482 1917 et
515 1886 719 1916 auctoritate
743 1886 774 1916 in
804 1884 894 1927 ἄγω-

248 1932 303 1970 γῇ,
331 1929 494 1971 dativum,
527 1931 767 1962 convertimus.
815 1932 894 1964 Qua

250 1976 438 2008 mutatione
508 1976 595 2007 sacta
655 1980 758 2017 atque
819 1986 895 2008 ver-

249 2021 300 2052 bis
334 2026 370 2053 ut
402 2032 489 2054 nunc
532 2022 675 2057 fecimus
716 2021 894 2061 distinctis,

249 2068 361 2100 onmia
382 2066 505 2100 habent
522 2068 783 2108 explicationem
801 2066 893 2099 facil-

247 2113 374 2153 limam,
402 2118 440 2145 ut
461 2115 525 2146 iam
544 2115 642 2154 plane
660 2113 893 2154 improbemus

250 2162 323 2191 tum
365 2170 452 2200 qnae
497 2159 558 2201 ipsi
598 2158 642 2191 ad
687 2158 716 2192 li.
757 2160 777 2192 Ι.
811 2159 891 2191 olim

250 2206 471 2237 commentati
504 2215 643 2244 sumus,
677 2208 748 2236 tum
789 2204 890 2236 etiam

250 2260 302 2289 ea,
335 2261 423 2291 quae
456 2251 528 2290 alii,
560 2250 710 2292 inprimis
738 2251 889 2282 Astius

250 2298 285 2327 et
312 2295 629 2335 Heindorfius,
669 2295 711 2328 de
743 2306 784 2328 eo
821 2295 891 2327 dis-

248 2344 461 2382 putaverunt.
512 2341 686 2374 Sententia
709 2341 890 2374 verborum

247 2385 334 2418 haec
386 2391 456 2419 est:
515 2387 613 2419 Nam
663 2386 889 2429 cupiditas

247 2431 340 2463 sine
389 2433 562 2465 ratione
610 2432 889 2474 opinionem,

245 2487 357 2517 quae
404 2477 452 2509 ad
501 2482 662 2510 rectum
723 2479 888 2518 fertur,

245 2523 502 2564 devincens,
529 2523 597 2554 ubi
627 2523 806 2556 ducitur
838 2523 886 2555 ad

246 2570 524 2610 voluptatem
573 2579 622 2602 ex
677 2569 886 2611 pulcritu-

245 2613 340 2646 dine
384 2613 704 2647 redundantem
752 2618 888 2656 atque

248 2659 347 2694 item
385 2670 405 2693 a
437 2659 646 2702 cognatis
672 2670 761 2694 cum
787 2661 884 2703 ipsa

961 1076 1028 1108 Pro
1061 1074 1175 1119 ἀγωγὴ
1211 1074 1300 1107 idem
1334 1083 1414 1105 curu
1455 1073 1610 1116 plurimis

965 1154 1305 1197 cupiditatibus
1330 1152 1380 1185 ad
1405 1153 1610 1195 corporis

964 1200 1312 1244 pulcritudinem
1339 1198 1607 1241 (defertur),

965 1250 1174 1288 potenter
1221 1244 1513 1277 corroborata
1559 1254 1608 1277 eo

963 1292 1080 1334 quod
1118 1291 1255 1324 ductu
1291 1300 1365 1322 suo
1400 1293 1608 1332 reporta-

965 1338 1025 1369 vit
1051 1337 1295 1369 victoriani
1336 1335 1388 1377 (h.
1426 1346 1455 1370 e.
1482 1336 1608 1367 victrici

965 1384 1071 1415 ductu
1097 1393 1159 1415 suo
1191 1382 1248 1414 ubi
1283 1381 1508 1413 corroborata
1539 1381 1605 1423 est)

963 1429 1014 1462 ab
1040 1429 1118 1461 lioc
1144 1429 1242 1470 ipso
1260 1428 1426 1459 robore
1445 1436 1607 1468 cogno-

964 1476 1076 1508 mine
1102 1473 1503 1506 amorisnominata
1529 1476 1607 1507 est.

964 1521 1082 1561 ltaque
1108 1530 1260 1552 amorem
1296 1519 1366 1550 vult
1400 1529 1478 1551 esse
1503 1517 1608 1550 vehe-

965 1567 1168 1599 mentiorem
1195 1563 1432 1607 cupiditatem,
1458 1573 1544 1606 quae
1564 1563 1607 1596 ad

966 1612 1119 1654 corporis
1147 1609 1406 1653 pulcritudinem
1424 1610 1606 1651 pertineat,

967 1659 1090 1691 mentis
1115 1657 1256 1699 imperio
1282 1666 1348 1688 non
1375 1655 1606 1688 obedientem.

963 1704 1013 1736 Ea
1041 1714 1122 1735 vero
1158 1702 1324 1734 iudicatur
1355 1703 1436 1744 ἔρως
1462 1700 1526 1733 dici
1553 1705 1609 1732 ut-

965 1753 1045 1791 pote
1071 1747 1262 1791 ἒῤῥωμέινως
1287 1748 1478 1789 ῥωσθεῖσαι
1513 1746 1605 1787 quod

963 1795 1155 1827 arctissime
1184 1798 1366 1825 connectas
1399 1802 1475 1824 cum
1511 1791 1606 1833 νική-

963 1853 1050 1872 σασα
1074 1839 1197 1881 ἀγωγῇ.
1247 1838 1330 1871 Nam
1365 1848 1467 1880 prave
1501 1839 1604 1879 vulgo

964 1891 1042 1928 post
1061 1886 1236 1930 ῥωσθεῖσα
1248 1888 1415 1916 commate
1433 1883 1605 1925 interpun-

963 1932 1062 1973 gitur.
1120 1932 1219 1965 Quae
1260 1931 1332 1972 ipsa
1375 1939 1497 1961 caussa
1531 1928 1604 1968 fuit,

965 1988 1023 2008 cur
1058 1976 1346 2009 Heindorfius
1378 1975 1410 2006 in
1442 1974 1494 2006 his
1526 1985 1605 2016 gra-

963 2024 1050 2055 viter
1072 2022 1265 2055 offenderit.
1300 2021 1423 2053 Mirum
1445 2019 1530 2052 enim
1552 2020 1603 2051 in-

964 2068 1089 2100 dicavit
1122 2079 1221 2107 esse,
1252 2066 1344 2108 quod
1372 2077 1389 2098 a
1416 2066 1490 2097 solo
1517 2066 1602 2097 isto:

961 2114 1150 2157 ἒῤῥωμένως
1205 2114 1401 2157 ῥωσθεῖσα,
1447 2111 1604 2143 vocabuli

964 2160 1044 2200 ἔρως
1070 2160 1166 2201 origo
1194 2162 1380 2200 repetatur.
1435 2159 1478 2189 At
1502 2157 1603 2188 nimi-

961 2215 1033 2237 rum
1054 2204 1216 2237 cohaeret
1234 2203 1313 2236 illud
1339 2213 1415 2235 cum
1440 2202 1604 2243 νικήσασα

958 2249 1094 2292 ἀγωγῇ,
1128 2250 1191 2282 boc
1222 2259 1339 2282 sensu:
1382 2248 1603 2281 vincendo

961 2295 1270 2328 corroborata.
1316 2295 1429 2327 Recte
1449 2305 1529 2326 vero
1548 2295 1603 2336 325-

959 2340 1114 2383 ῥωμένως
1149 2340 1191 2372 ad
1229 2340 1405 2383 ῥωσθεῖσα
1446 2340 1601 2372 additum

959 2391 1031 2427 est,
1072 2391 1109 2418 ut
1152 2386 1246 2418 liuius
1283 2387 1388 2428 ipsius
1430 2386 1600 2425 vocabuli,

958 2431 1048 2465 unde
1073 2433 1153 2474 ἔρως
1180 2443 1303 2464 nomen
1333 2431 1523 2471 deducitur,
1549 2431 1599 2462 vis

959 2481 992 2510 et
1011 2478 1165 2520 potentia
1183 2479 1376 2511 extollatur.
1417 2477 1485 2510 lam
1518 2486 1600 2508 vero

955 2522 1140 2564 νικήσασα,
1179 2524 1197 2557 ἰ.
1233 2534 1261 2557 e.
1303 2522 1500 2566 κρατήσασα
1541 2525 1602 2563 τῆς

956 2568 1057 2600 ἐπὶ-[ὸ
1069 2567 1186 2611 ἅγαθό
1197 2582 1212 2600 ν
1228 2568 1385 2611 ὁρμώσης
1395 2567 1493 2610 δόξης
1503 2570 1600 2600 saon·

955 2613 1067 2657 λόγου
1093 2614 1186 2656 qnod
1211 2615 1365 2648 additum
1390 2614 1492 2647 habet
1509 2612 1599 2656 dym-

954 2663 1008 2702 γῇ,
1041 2660 1198 2694 conferas
1232 2669 1363 2703 quaeso
1394 2671 1425 2703 p.
1453 2659 1530 2694 256.
1558 2661 1597 2692 Α.
