1687 2969
796 123 1092 161 —XVI—

271 236 430 277 scholis
463 235 783 290 praecipiantur
815 235 868 276 de
900 236 1154 290 prooemiis,
1197 235 1249 277 de
1281 237 1612 288 narrationibus,

270 293 323 333 de
339 292 654 344 verisimilibus,
668 291 720 333 de
738 292 992 333 testimoniis
1009 299 1051 333 et
1062 293 1404 347 probationibus,
1418 293 1470 334 de
1487 309 1614 349 argu-

270 355 508 390 mentorum
549 349 856 402 confutatione,
889 348 942 390 de
972 348 1293 390 laudationibus
1326 356 1368 390 et
1399 350 1614 405 vitupera-

269 405 474 457 tionibus,
506 404 560 446 de
591 405 821 446 affectuum
852 404 1158 446 movendorum
1191 405 1374 458 auxiliis,
1399 405 1452 447 de
1477 406 1615 461 tropis

269 470 312 502 et
332 461 505 518 figuris,
537 461 590 502 de
619 462 874 515 elocutione,
907 462 1001 503 aliis
1019 460 1064 501 id
1083 476 1220 515 genus
1243 462 1372 503 rebus
1389 463 1613 504 similibus.

269 519 483 560 Nimirum
520 519 603 559 ista
641 519 783 560 omnia
815 534 946 573 quum
986 518 1146 558 oratori
1179 525 1280 559 nota
1319 533 1414 560 esse
1457 518 1612 560 debere

268 575 395 616 facile
424 574 698 628 concedatur,
730 582 873 616 tamen
905 574 1053 615 eadem
1092 574 1338 616 iudicantur
1365 575 1614 629 neutiquam

268 631 321 672 ad
366 632 505 688 ipsam
547 632 804 673 rhetoricam
851 632 1080 686 pertinere,
1122 631 1198 672 sed
1238 646 1332 673 esse
1371 632 1516 687 potius
1562 632 1613 672 τά

271 686 354 743 πρὸ
402 690 480 740 τῆς
525 693 677 743 τέχνης
724 689 942 740 ἀναγκαῖα
974 687 1226 741 μαθήματα
1269 689 1336 744 (p.
1380 690 1475 730 269.
1517 689 1613 742 B.).

272 744 490 798 Quocirca
519 752 754 800 carpuntur
784 751 912 798 atque
950 744 1200 788 vellicantur
1232 744 1386 787 dehinc
1417 745 1613 786 rhetores

271 812 314 843 et
344 802 578 857 sophistae,
611 802 684 856 qui
715 802 758 842 in
789 802 884 843 istis
919 801 1062 842 onmia
1090 801 1230 843 inesse
1260 802 1341 842 rati
1370 800 1615 843 istiusmodi

270 866 384 900 artes
403 874 490 899 non
507 859 596 900 sine
627 859 739 900 fastu
758 858 1050 910 iactavissent,
1084 857 1339 900 Theodorus
1359 858 1614 914 Byzantius,

270 915 448 957 Evenus
495 915 674 968 Parius,
718 915 882 967 Tisias,
929 913 1143 970 Gorgias,
1182 914 1421 968 Prodicus,
1462 914 1614 968 Polus,

270 973 557 1027 ProtagoraS,
588 971 936 1027 Thrasymachus
968 970 1303 1025 Chalcedonius,
1334 971 1508 1027 Lysias,
1542 970 1616 1012 de-

274 1029 403 1083 nique
460 1028 663 1070 universa
709 1028 866 1069 cohors
926 1027 1149 1069 rhetorum
1201 1043 1249 1069 ac
1306 1028 1615 1083 sophistarum,

273 1086 349 1140 qui
403 1100 499 1127 sese
554 1085 598 1125 in
658 1085 740 1126 isto
793 1100 945 1140 campo
1006 1085 1315 1126 exercuissent.
1421 1084 1615 1126 Reiectis

273 1156 376 1183 vero
426 1149 467 1182 et
518 1142 705 1197 explosis
755 1142 901 1197 pravis
962 1141 1056 1182 istis
1110 1142 1387 1197 opinionibus
1429 1140 1481 1181 dc
1522 1146 1616 1182 arte

273 1198 487 1240 rhetorica
542 1198 754 1253 susceptis
811 1199 885 1253 (p.
929 1199 1022 1239 268.
1061 1198 1152 1251 A.)
1209 1198 1429 1252 quaeritur
1487 1212 1616 1253 porro

274 1255 488 1308 subtilius,
525 1270 807 1309 quamnam
843 1261 894 1296 et
933 1254 1145 1308 quando
1176 1255 1287 1295 ista
1318 1254 1494 1295 omnia
1523 1253 1616 1294 ha-

274 1313 446 1354 beant
476 1311 581 1352 vim
612 1318 659 1352 et
693 1312 1006 1353 efficaciam
1037 1311 1155 1365 (riva
1187 1315 1258 1352 καὶ
1289 1312 1386 1352 ,τότ’
1425 1314 1505 1363 ἔχει
1537 1312 1617 1359 τὴν

273 1371 349 1420 τῆς
378 1375 528 1423 τέχνης
561 1366 779 1422 δύναμιν)
824 1367 879 1408 ad
908 1368 1233 1424 persuasionem
1264 1368 1306 1408 in
1339 1367 1489 1408 animis
1522 1366 1615 1408 effi-

274 1424 484 1467 ciendam.
544 1424 719 1466 Etenim
740 1425 826 1465 vim
847 1424 1017 1466 dicendi
1040 1423 1242 1466 Socrates
1274 1432 1420 1466 censet
1443 1423 1616 1465 minime

274 1497 400 1538 posse
421 1482 512 1523 istis
544 1482 765 1523 rhetorum
787 1482 979 1523 artificiis
1019 1488 1114 1522 tuto
1140 1481 1392 1537 comparari.
1454 1480 1616 1533 Quem-

274 1538 507 1580 admodum
557 1538 669 1580 enim
723 1554 848 1579 nemo
886 1538 1025 1594 possit
1063 1544 1198 1578 artem
1238 1537 1449 1579 medicam
1491 1536 1617 1578 facti-

275 1603 389 1649 tare,
431 1595 532 1650 quia
572 1594 783 1650 quaedam
822 1595 990 1636 noverit
1040 1594 1379 1647 medicamenta,
1421 1593 1617 1649 corporis

274 1659 428 1693 natura
466 1667 553 1693 non
593 1658 844 1708 perspecta,
886 1659 960 1692 aut
990 1658 1124 1692 artem
1156 1665 1357 1692 exercere
1390 1650 1616 1706 tragicam,

276 1709 378 1763 quia
434 1708 642 1762 quasdam
702 1708 919 1749 orationes
980 1707 1277 1749 lamentabiles
1339 1705 1617 1748 declamitare

276 1765 497 1819 didicerit,
551 1772 626 1806 aut
685 1765 935 1806 harmoniae
987 1765 1151 1820 peritus
1203 1763 1353 1805 haberi
1411 1764 1617 1817 quoniam

273 1823 383 1864 sciat
431 1821 636 1863 chordam
683 1828 852 1864 acutam
893 1828 1022 1876 atque
1066 1835 1244 1877 gravem
1299 1818 1516 1860 moderari
1564 1835 1617 1861 ac

269 1886 532 1934 temperare,
583 1877 933 1934 quandoquidem
971 1878 1054 1919 ista
1093 1877 1236 1918 omnia
1265 1875 1373 1916 nihil
1404 1875 1490 1917 sint
1530 1876 1616 1917 nisi

269 1951 404 1991 parva
443 1935 653 1989 quaedam
703 1934 954 1991 disciplinae
1003 1934 1231 1975 universae
1276 1933 1424 1985 initia,
1476 1947 1619 1987 neque

270 1995 408 2048 ipsam
447 1999 581 2033 artem
618 1991 844 2045 medicam,
876 1992 1098 2048 tragicam,
1130 1990 1336 2031 musicam
1358 1989 1616 2039 conficiant3

270 2050 331 2090 ita
361 2049 490 2090 etiam
522 2049 633 2091 bella
656 2049 740 2091 ista
767 2049 989 2090 rhetorum
1011 2046 1194 2088 artificia
1222 2045 1413 2087 nondum
1445 2045 1616 2087 efficere

271 2105 525 2159 arbitratur,
568 2117 615 2146 ut
646 2106 781 2147 oratio
812 2105 856 2146 in
887 2105 1038 2146 animis
1072 2103 1338 2144 audientium
1370 2103 1438 2144 vel
1466 2103 1617 2158 legen-

269 2163 377 2203 tium
412 2162 570 2204 iustam
607 2163 693 2203 vim
738 2162 894 2204 habeat
931 2162 1143 2218 planeque
1183 2159 1238 2200 ad
1270 2158 1617 2214 persuadendum

270 2219 347 2260 fiat
375 2219 698 2260 accommodata
730 2219 791 2274 (p.
823 2220 916 2260 268.
945 2219 1000 2260 A.
1033 2242 1087 2248 —
1122 2218 1215 2258 269.
1249 2216 1336 2270 C.)
1398 2215 1446 2258 Si
1484 2216 1618 2270 igitur

272 2275 516 2330 quaeritur,
557 2276 717 2330 inquit,
758 2275 872 2316 unde
903 2283 946 2316 et
987 2273 1201 2329 quomodo
1231 2273 1322 2315 veri
1359 2272 1544 2314 rhetoris
1575 2278 1617 2313 et

270 2332 314 2373 vi
343 2332 631 2386 persuadendi
659 2332 859 2388 pollentis
891 2347 959 2373 ars
990 2330 1224 2386 comparari
1259 2336 1409 2383 queat,
1443 2328 1616 2370 omnino

273 2388 446 2443 quidem
473 2388 725 2444 responderi
755 2396 913 2445 potest,
946 2387 1062 2443 quod
1091 2386 1315 2428 verissime
1358 2386 1419 2426 ita
1461 2385 1613 2426 statui-

271 2453 365 2498 tur,
399 2444 454 2485 ad
483 2446 721 2500 perfectam
763 2446 1052 2500 eloquentiam
1084 2443 1191 2484 haec
1221 2443 1304 2483 tria
1333 2442 1518 2496 requiri:
1549 2441 1615 2482 in-

272 2502 461 2558 genium,
494 2500 835 2555 doctrinam,·et
866 2501 1233 2549 exercitationem
1265 2498 1310 2539 id
1341 2497 1457 2552 quod
1488 2498 1616 2539 etiam

272 2559 327 2600 de
357 2558 450 2599 aliis
488 2558 617 2599 rebus
655 2558 714 2599 ita
751 2559 933 2600 iudicari
963 2558 1085 2600 solet.
1161 2555 1250 2599 Sed
1299 2561 1504 2609 quantum
1563 2569 1614 2595 ex

272 2616 340 2657 his
363 2614 419 2656 ad
437 2613 608 2656 dicendi
629 2622 761 2655 artem
791 2616 1086 2669 rationemque
1106 2613 1334 2669 pertineat,
1367 2612 1615 2665 neutiquam

273 2688 325 2713 ex
356 2671 500 2713 Tisiae
530 2678 603 2713 aut
633 2671 946 2728 Thrasymachi
963 2669 1206 2727 praeceptis
1224 2668 1501 2712 iudicandum
1533 2674 1612 2718 est,
