1687 2969
218 175 296 208 298
757 170 964 208 PLATON
966 170 1014 207 IS

220 279 425 332 βουλεύει,
457 272 490 318 ὦ
522 279 789 326 Καλλίκλεις’
833 273 886 319 οὐ
914 277 995 330 γὰρ
1024 276 1208 330 μιμητὴν
1237 278 1303 318 δεῖ
1329 273 1449 326 εἶναι,
1479 272 1564 316 ἀλλ’

218 342 454 395 αὐτοφυῶς
485 339 634 395 ὅμοιον
661 344 840 392 τούτοις,
870 344 903 384 εί
931 340 1090 396 μέλλεις
1119 358 1156 382 τι
1184 343 1362 395 γνήσιον
1385 342 1564 394 ἀπεργά-

218 412 363 460 ζεσθαι
393 408 449 456 εἰς
477 408 625 460 φιλίαν
662 414 719 460 τῷ
745 406 984 462 Ἀθηναίων
1022 408 1141 461 δήμῳ
1179 407 1250 447 καὶ
1286 406 1357 447 ναὶ
1393 407 1450 460 μὰ
1481 407 1567 447 Δία

217 476 275 530 τῷ
308 474 620 526 Πυριλάμπους
648 488 694 526 γε
722 474 839 525 πρός.
882 470 990 521 ὅςτις
1029 468 1109 513 οὖν
1139 481 1183 512 σε
1223 472 1389 519 τούτοις
1427 471 1564 524 ὁμοιό-

217 555 347 580 τατον
375 539 676 590 ἀπεργάσεται,
717 532 841 586 οὗτός
869 548 914 578 σε
943 538 1129 591 ποιήσει.
1161 537 1217 584 ὡς
1246 535 1466 589 ἐπιθυμεῖς
1495 552 1566 577 πο-

218 605 374 652 λιτικὸς
404 600 532 651 εἶναι,
572 603 790 644 πολιτικὸν
829 605 896 644 καὶ
929 602 1175 656 ῥητορικόν·
1217 603 1275 656 τῷ
1306 602 1447 643 αὐτῶν
1485 601 1566 654 γὰρ

217 672 314 723 ἤθει
351 669 590 722 λεγομένων
628 671 714 709 τῶν
761 669 902 721 λόγων
947 666 1115 708 ἕκαστοι
1162 667 1377 719 χαίρουσι,
1429 672 1486 718 τῷ
1523 665 1567 707 δὲ

217 735 424 789 ἀλλοτρίῳ
463 737 683 787 ἄχθονται.
724 733 758 773 εί
787 734 843 786 μή
882 747 919 772 τι
958 732 1010 772 σὺ
1047 735 1150 773 ἄλλο
1191 731 1344 785 λὲγεις,
1389 723 1424 771 ὦ
1464 732 1566 785 φίλη

217 801 393 853 κεφαλή.
449 796 643 852 Λέγομέν
672 814 709 839 τι
738 799 844 850 πρὸς
871 803 1017 846 ταῦτα,
1049 792 1081 838 ὦ
1114 798 1386 845 Καλλίκλειςς

302 865 407 922 Cap.
439 866 606 908 LXIX.
668 868 803 907 KAA.
850 862 941 906 Οὐκ
970 861 1066 914 οἶδ’,
1109 861 1257 905 ὅντινά
1297 880 1370 915 μοι
1408 864 1568 916 τρόπον

217 933 354 980 δοκεῖς
383 927 429 972 εὖ
457 930 608 984 λέγειν.
641 925 673 972 ὦ
703 932 938 982 Σώκρατες.
978 929 1179 971 πέπονθα
1208 929 1251 971 δὲ
1279 930 1326 970 τὸ
1355 932 1440 970 τῶν
1467 932 1565 969 πολ-

216 1000 303 1038 λῶν
344 998 507 1045 πάθος·
561 992 613 1037 οὐ
655 997 770 1036 πάνυ
813 1005 880 1036 σοι
920 996 1136 1049 πείθομαι.
1206 997 1302 1035 ΣΩ.
1336 989 1388 1035 Ὃ
1429 995 1567 1048 δήμου

270 1056 512 1115 γὲιρὲρως,ὧ
547 1062 816 1110 Καλλίκλεις,
856 1059 964 1101 ἐνὼν
994 1059 1040 1101 ἐν
1068 1065 1120 1113 τῇ
1150 1066 1264 1113 ψυχῇ
1294 1067 1344 1114 τῇ
1374 1066 1425 1113 σῇ
1456 1060 1566 1100 ‹ivu-

285 1195 322 1227 G.
350 1194 548 1237 Αέγομέν
575 1207 608 1226 τι
635 1192 743 1235 πρὸς
770 1192 917 1236 ταῦτα]
946 1192 1110 1237 Λέγωμεν
1134 1193 1220 1224 Ven.
1248 1192 1328 1225 ΞΣ.
1353 1192 1454 1225 Vind.
1479 1192 1509 1224 2.
1537 1191 1567 1224 7.

218 1243 293 1273 Par.
319 1241 404 1280 1V.,
435 1244 472 1272 ut
507 1239 647 1272 volebat
680 1239 858 1271 Heindorf.
892 1239 1041 1270 rescribi.
1098 1238 1164 1270 Sed
1196 1242 1284 1270 recte
1318 1249 1353 1270 se
1385 1238 1487 1270 habet
1518 1238 1568 1269 in-

217 1286 399 1325 dicativus,
423 1286 521 1318 cuius
545 1286 599 1317 hic
624 1289 674 1317 est
699 1295 838 1316 sensus:
870 1285 1127 1316 Dieimusne
1162 1283 1210 1314 ad
1235 1283 1343 1315 haec
1368 1283 1566 1325 aliquid?

219 1331 276 1364 Sic
302 1334 373 1364 πῶς
399 1331 558 1373 λέγομει’;
593 1332 624 1362 τί
655 1329 816 1372 λέγομει’;
864 1334 896 1361 et
928 1329 997 1361 alia
1028 1330 1295 1370 frequentantur.
1321 1339 1352 1360 v.
1385 1329 1426 1360 ad
1452 1329 1568 1370 Symp.

218 1375 414 1418 p.176..A

285 1421 411 1461 ὲρως,
444 1432 470 1452 ω
506 1419 644 1461 Καλλ.]
680 1419 774 1451 Istud
806 1432 832 1451 ω
869 1420 969 1451 Καλλ.
1003 1422 1078 1460 post
1115 1418 1151 1460 τῇ
1187 1417 1229 1460 σῇ
1262 1418 1404 1450 collocat
1437 1418 1566 1460 steph„

217 1470 350 1509 1)1··aete1
374 1465 480 1497 libros
505 1467 580 1497 Par.
605 1466 678 1496 EF.
706 1465 825 1506 paucis
851 1463 1131 1506 suffragantibus.

286 1513 327 1543 D.
378 1510 445 1542 ἐπὶ
480 1508 526 1542 τὸ
556 1510 746 1542 ἕκαστοι
778 1510 893 1551 θειλ]
945 1509 1060 1551 Steph.
1096 1507 1251 1540 ἑκάστοι.

219 1620 289 1655 εἴτ’
316 1622 386 1655 ἐπὶ
422 1620 463 1654 τὸ
495 1621 542 1664 χ.]
591 1622 661 1653 Nos
693 1621 855 1653 dicimus:

218 1669 265 1700 sei
288 1679 321 1701 es
338 1680 411 1700 mm
431 1667 520 1699 nach
544 1667 604 1699 cler
621 1667 753 1699 bessem
777 1667 857 1698 oder

217 1714 264 1745 sei
288 1724 320 1744 es
344 1713 432 1745 nach
456 1713 517 1744 der
536 1712 738 1744 sclzlechtern
757 1710 855 1743 Seite.

218 1769 250 1790 v.
283 1759 325 1790 ad
362 1757 495 1789 Phileb
532 1768 562 1799 p.
587 1756 641 1811 40.
674 1757 711 1789 C.
751 1757 856 1788 rh-u

218 1803 309 1845 cyd.
336 1803 362 1843 l,
385 1802 448 1835 21:
475 1800 553 1834 οὔτε
579 1800 857 1856 ώςλογογράφοι

219 1848 418 1889 §westfaal
458 1847 513 1879 ἐπὶ
558 1845 591 1878 τὸ
635 1845 855 1890 προςαγωγό-

220 1906 321 1934 τερον
340 1897 375 1935 τῇ
394 1890 557 1933 ἀκροάσει
574 1890 594 1935 ἢ
608 1890 856 1947 ἀληθέστερον.

219 1939 307 1970 Sunt
331 1949 409 1970 vero
435 1939 520 1969 haee
545 1948 623 1969 cum
640 1939 753 1969 verbis
771 1935 855 1968 avd-

219 1995 319 2023 μοιον
358 1981 440 2014 ὄντα
482 1986 518 2024 τῇ
553 1984 702 2025 πολιτείᾳ
733 1993 856 2015 eonne-

220 2029 350 2060 etenda.
385 2048 425 2052 —
459 2026 536 2060 οὐκ
575 2025 721 2068 ὀρθῶς
757 2028 855 2069 βου-

220 2073 355 2111 λεύει,
394 2084 474 2105 non
512 2074 620 2104 bene
651 2073 734 2104 tibi
768 2083 855 2104 con-

220 2119 343 2151 sulis.
368 2129 400 2149 v.
425 2118 467 2150 ad
493 2120 584 2150 Men.
609 2129 639 2160 p.
665 2117 719 2150 80.
745 2119 780 2149 B.

265 2164 306 2195 εί
358 2163 522 2202 μέλλεις
580 2176 612 2194 τι
667 2161 856 2205 γνήσιον

219 2206 282 2240 ιῖπ.
317 2208 379 2251 --]
429 2209 463 2240 si
508 2209 574 2239 vis
615 2209 855 2250 genuinum

220 2253 419 2295 quiddam
453 2254 600 2285 faeere
632 2253 680 2284 ad
706 2264 856 2295 paran-

219 2299 311 2330 dam
337 2299 422 2330 tibi
449 2308 536 2329 eum
559 2298 856 2340 populoAthe-

220 2344 369 2375 niensi
395 2344 650 2375 amicitiam.
700 2343 785 2375 Nam
813 2346 856 2385 τῷ

218 2406 261 2412 -
277 2386 372 2430 δήμῳ
397 2387 521 2429 pendet
544 2388 585 2419 ab
612 2389 742 2428 φιλίαν,
768 2393 857 2419 reete

219 2438 378 2465 monente
402 2433 681 2464 Heindorfio.
714 2433 779 2464 vid.
813 2433 856 2464 ad

218 2478 408 2520 Euthyphr.
434 2489 464 2519 p.
492 2476 542 2509 13.
569 2479 610 2510 D.
636 2477 688 2510 15.
713 2479 753 2509 A.

264 2524 333 2555 καὶ
376 2522 444 2554 ναὶ
486 2520 535 2560 μὰ
570 2524 652 2554 Δία
685 2522 745 2565 -J
794 2524 856 2554 Re-

219 2570 321 2610 spicit
346 2568 387 2599 ad
413 2566 517 2599 verba
540 2578 571 2609 p.
597 2566 673 2599 481.
700 2569 760 2607 D.,
796 2566 857 2599 ubi

219 2625 251 2645 v.
276 2617 391 2647 annot.
426 2614 477 2644 De
502 2612 556 2644 καὶ
581 2630 622 2635 -
649 2625 686 2655 γε
713 2612 800 2652 πρός
825 2624 856 2644 ν.

219 2659 261 2690 ad
286 2670 316 2700 p.
343 2657 418 2691 469.
443 2659 482 2692 Β.

265 2703 505 2743 ἐπιθυμεῖς
539 2700 762 2736 πολιτικὸιἸ
797 2698 854 2734 εἶ-

1301 1508 1455 1540 Distinxi
1480 1519 1568 1540 eom-

930 1633 1014 1658 ναι,
1042 1618 1235 1652 πολιτικὰ
1250 1633 1268 1651 ι·
1292 1633 1318 1652 κ.
1345 1618 1392 1661 ρ’.]
1420 1621 1566 1652 Iteratur

929 1664 1095 1699 πολιτικός
1128 1676 1195 1697 non
1222 1667 1295 1697 sine
1320 1666 1354 1696 vi
1387 1670 1419 1697 et
1452 1666 1564 1707 gravi—

926 1716 1013 1751 tate,
1044 1715 1083 1742 ut
1113 1722 1181 1742 non
1214 1712 1381 1742 assentiar
1413 1711 1471 1750 iis,
1506 1711 1564 1751 qui

926 1758 1038 1798 priore
1055 1756 1132 1787 loeo
1150 1756 1331 1787 delendum
1348 1760 1564 1787 censuerunt.

973 1805 1024 1843 τῷ
1065 1798 1207 1832 αὐτῶν
1246 1800 1325 1843 γὰρ
1369 1800 1429 1843 -]
1470 1812 1563 1832 nam

927 1845 1208 1879 orationibus
1233 1846 1282 1877 ad
1307 1857 1428 1877 suum
1455 1847 1565 1887 ipso-

926 1902 1013 1922 rum
1039 1892 1271 1932 ingenium
1303 1891 1436 1922 dictis
1467 1902 1564 1932 gau-

926 1935 1144 1967 dent—ei
1167 1933 1218 1977 μή
1243 1948 1277 1967 τι
1305 1933 1353 1967 οὐ
1377 1933 1451 1972 dit„
1477 1936 1566 1967 nisi

926 1982 1039 2012 forte
1064 1985 1107 2012 tu
1124 1981 1245 2012 aliud
1264 1980 1366 2021 quid
1385 1981 1562 2015 afferas.

926 2027 1013 2058 Nam
1045 2026 1092 2057 ita
1124 2026 1208 2057 haee
1240 2025 1472 2066 superioribus
1506 2036 1565 2056 an-

926 2071 1093 2103 nectenda
1118 2075 1205 2102 sunt.
1243 2072 1425 2112 Perperam
1449 2071 1563 2102 locum

927 2116 1085 2148 distinxit
1108 2115 1360 2147 Findeisen.

972 2163 1054 2203 Cap.
1089 2161 1213 2192 LXIX.
1252 2161 1288 2192 C.
1331 2158 1380 2191 οὐ
1422 2172 1453 2191 π.
1498 2171 1564 2192 σοι

928 2206 1158 2248 πείθομαι]
1192 2205 1268 2237 Vid.
1304 2210 1418 2237 annot.
1459 2205 1501 2236 ad
1533 2217 1564 2247 p.

925 2251 1000 2284 513.
1026 2253 1065 2283 A.
1115 2251 1278 2282 Similiter
1300 2250 1434 2281 varium
1459 2254 1492 2281 et
1514 2251 1564 2281 in-

926 2301 1085 2328 constans
1110 2297 1205 2337 vulgi
1237 2295 1402 2326 iudicium
1428 2299 1566 2327 notatur

926 2344 1062 2374 Menon.
1095 2352 1127 2382 p.
1150 2340 1203 2373 95.
1229 2340 1273 2371 C:
1312 2340 1365 2371 καὶ
1399 2339 1464 2381 γὰρ
1500 2338 1562 2371 αι’ν-

926 2385 981 2419 τὸς
1019 2386 1106 2427 ὅπερ
1152 2385 1186 2417 οἱ
1230 2386 1343 2416 πολλοὶ
1385 2384 1562 2416 πέπονθα·

926 2432 997 2463 τοτὲ
1021 2431 1082 2470 μέν
1105 2442 1159 2469 μοι
1185 2429 1337 2467 δοκοῦσι,
1365 2429 1436 2461 τοτὲ
1459 2427 1486 2460 δ’
1510 2427 1561 2461 οὗ.

970 2473 1051 2508 ἀλλ’
1093 2473 1169 2507 ἐὰι
1209 2475 1414 2507 πολλακις
1455 2475 1561 2506 ἴσως

926 2522 993 2553 καὶ
1025 2519 1070 2575 fist]
1114 2519 1351 2560 Exspectabas
1383 2523 1457 2551 aut:
1492 2516 1560 2550 ἀλλ’

926 2567 1012 2599 [roos
1037 2564 1100 2597 ἐὰν
1122 2564 1287 2601 πολλάκις,
1313 2568 1389 2597 aut:
1415 2561 1482 2595 ἀλλ’
1501 2561 1581 2595 ἐὰν

928 2624 959 2643 π.
986 2611 1040 2642 καὶ
1066 2611 1097 2651 β.
1111 2610 1252 2643 -ἴσως
1278 2607 1472 2651 πεισθήσει.
1497 2609 1564 2640 Ita-

926 2668 990 2698 que
1015 2655 1268 2687 Findeisen.
1293 2659 1325 2686 et
1349 2653 1562 2686 Heindor—

926 2702 1016 2734 fius
1053 2700 1212 2732 voculam
1257 2699 1452 2742 paullulum
1495 2703 1563 2731 tra-
