1687 2969
486 214 560 252 AD
589 213 833 252 GORGIAM
863 214 1132 251 PLATONIS.
1200 269 1204 270 ⁷
1438 217 1485 252 71

136 328 236 365 latae
266 326 364 366 vitia
392 340 463 364 nec
492 326 585 365 artis
615 325 737 364 civilis
767 326 847 364 sive
877 325 1055 374 politicae
1083 340 1167 362 cum
1199 340 1243 363 ea
1263 326 1487 364 coniunctae

135 385 274 421 damna
302 383 379 420 iam
406 383 463 421 ita
492 385 744 429 emerserant,
785 387 829 420 ut
858 395 901 419 00
932 383 1042 419 modo
1072 383 1197 420 taxari
1226 386 1264 420 et
1293 382 1481 431 exagitari

136 439 351 489 potuerint,
393 452 468 490 quo
497 439 538 476 in
567 440 638 476 1100
677 451 788 488 opere
827 438 911 475 fieri
951 438 1204 475 meminimus.
1262 440 1299 475 N
1302 452 1362 475 am
1393 439 1483 476 arti-

135 496 270 534 ficialis
300 496 455 547 quidem
485 495 704 546 eloquentia
734 508 852 545 quum
883 496 929 531 ab
959 494 1042 543 ipso
1073 495 1213 542 Gorgia
1243 495 1412 543 principe
1442 495 1482 531 in

135 553 366 591 Graecorum
394 551 573 590 notitiam
603 552 767 589 adducta
795 551 856 597 sit,
887 551 1194 601 quotusquisque
1226 558 1283 588 est
1313 551 1379 601 11111
1409 551 1480 587 sibi

134 609 364 659 persuadeat
411 621 495 646 eam
535 609 612 645 iam
650 607 715 644 illo
745 608 826 656 ipso
865 612 1056 656 tempore,
1097 620 1171 657 11110
1211 607 1275 643 ille.
1316 607 1481 655 primum

135 666 311 704 Athenas
348 664 607 714 pervenisset,
657 663 840 701 eiusmodi
889 676 1071 700 censurae
1119 663 1252 700 subiici
1301 663 1482 712 potuisse,

137 723 290 772 qualem
319 721 360 758 in
389 721 531 769 Gorgia
560 724 719 770 experta
757 719 840 758 est?
879 720 1085 757 Enimvero
1124 720 1161 756 id
1193 725 1293 756 certe
1322 724 1429 768 patet
1460 733 1481 756 a

133 778 293 817 Platone
312 790 389 815 non
408 777 580 827 potuisse
606 777 680 814 nisi
699 782 942 826 praepostero
961 776 1100 813 iudicio
1120 776 1175 813 ita
1194 775 1356 821 institui,
1387 789 1480 827 qua-

134 835 211 872 lem
239 834 394 885 quidem
421 834 551 871 iudicii
580 834 871 883 perversitatem
901 846 1048 869 summo
1078 832 1314 880 dialogorum
1345 832 1479 869 artifici

133 903 243 929 nemo
263 894 407 930 temere
429 889 577 928 crimini
608 890 724 927 dabit.
754 889 968 938 Disciplina
988 902 1079 927 vero
1100 889 1222 927 civilis
1243 888 1306 926 vel
1336 901 1396 925 ars
1416 902 1480 937 po-

132 947 248 994 litica,
278 959 376 998 quae
396 960 482 984 cum
508 946 575 983 illa
595 946 810 984 consociata
828 946 901 983 fuit
923 950 961 983 et
982 946 1021 982 in
1043 945 1183 993 Gorgia
1202 958 1280 981 una
1300 958 1385 981 eum
1416 945 1482 982 illa

132 1004 386 1050 examinatur,
413 1003 582 1053 profecto
603 1015 680 1040 11011
701 1002 776 1040 alia
795 1002 1034 1050 intelligitur,
1055 1015 1169 1052 quam
1192 1014 1289 1051 quae
1310 1001 1481 1038 doctrina

134 1060 393 1110 sophistarum
420 1060 546 1097 labem
576 1065 813 1108 susceperat:
846 1058 883 1095 id
904 1059 1004 1109 quod
1027 1058 1233 1095 clarissime
1253 1057 1482 1106 perspicitur

133 1131 181 1154 ex
201 1117 259 1164 iis,
289 1129 388 1168 quae
416 1129 438 1153 a
457 1116 549 1153 Polo
578 1115 839 1165 imprimisque
869 1128 890 1151 a
912 1115 1065 1152 Callicle
1096 1115 1351 1163 disputantur,
1383 1127 1480 1163 1111110

132 1186 310 1222 magnam
328 1176 477 1222 partem
495 1172 715 1221 planissime
737 1185 823 1209 011111
842 1171 887 1207 iis
907 1171 1161 1213 consentiunt,
1182 1184 1279 1221 quae
1300 1171 1345 1206 de
1365 1170 1482 1218 pesti-

131 1230 222 1268 feris
242 1229 471 1279 sophisticae
491 1229 713 1278 disciplinae
734 1228 883 1277 placitis
901 1228 1076 1276 exposita
1097 1227 1257 1274 legimus
1276 1227 1333 1263 De
1353 1227 1481 1275 Repu-

133 1286 231 1324 blica
248 1286 351 1324 Libr.
373 1286 405 1322 I.
424 1299 460 1335 p.
474 1288 564 1322 338.
588 1285 626 1322 C.
639 1298 741 1335 seqq.
763 1285 815 1321 Π.
839 1287 929 1321 358.
943 1284 1096 1334 (3.501111.
1119 1284 1234 1331 Legg.
1258 1283 1308 1319 X.
1330 1296 1364 1331 p.
1389 1286 1479 1318 888.

133 1343 177 1380 E.
218 1356 322 1393 seqq.
362 1343 556 1390 Protagor.
604 1355 639 1390 p.
683 1344 773 1378 323.
815 1353 917 1391 seqq.
961 1344 1051 1377 329.
1091 1340 1137 1377 D.
1180 1352 1283 1390 seqq.
1323 1339 1479 1375 Theaet.

133 1413 168 1448 p.
204 1400 291 1437 172.
321 1399 368 1436 D.
399 1411 504 1449 seqq.
563 1396 665 1438 Quid
695 1396 811 1435 vero?
850 1410 975 1434 nonne
1005 1397 1093 1433 inde
1125 1409 1147 1433 a
1175 1396 1265 1433 belli
1294 1395 1478 1443 Pelopon-

132 1455 275 1493 nesiaci
304 1454 425 1493 initiis
454 1455 607 1492 demum
636 1454 690 1491 ita
717 1456 862 1491 factum
892 1466 973 1490 esse
1005 1458 1172 1497 constat,
1211 1456 1253 1489 111
1283 1451 1480 1500 opiniones

131 1512 220 1549 illae
248 1511 366 1550 latius
394 1511 736 1549 disseminarentur
774 1515 890 1560 atque
930 1522 1005 1546 non
1034 1510 1144 1545 modo
1183 1509 1312 1544 domos
1349 1513 1386 1545 et
1425 1508 1481 1544 fa-

133 1568 269 1614 milias,
291 1568 358 1605 sed
377 1567 494 1606 etiam
514 1580 644 1604 omnes
665 1566 897 1615 reipublicae
917 1571 1046 1614 partes
1066 1565 1330 1614 pervaderent,
1360 1577 1481 1614 usque

133 1625 225 1661 dum
254 1624 371 1662 etiam
399 1623 639 1672 disciplinam
668 1622 859 1672 publicam
898 1628 1013 1671 atque
1044 1621 1211 1659 civitatis
1242 1620 1481 1657 administra-

133 1681 276 1719 tionem
306 1681 560 1729 depravarent
589 1684 627 1717 et
657 1678 965 1727 corrumperent?
995 1677 1201 1714 Enimvero
1229 1682 1312 1714 tum
1332 1682 1483 1725 praeter

133 1737 314 1786 Gorgiam
331 1736 473 1786 prodiit
493 1736 609 1774 etiam
630 1737 856 1783 Protagoras
878 1734 1092 1779 Abderites,
1120 1733 1177 1769 illi
1196 1734 1276 1770 fere
1299 1732 1480 1782 aequalis,

133 1798 216 1832 tum
244 1793 447 1839 Prodicus,
487 1796 572 1830 tum
601 1792 784 1841 HippiaS‚
826 1794 908 1829 tum
938 1789 1246 1840 Thrasymachus
1277 1789 1482 1825 Chalcedo-

133 1850 232 1896 nius,
262 1853 345 1888 tum
375 1849 441 1886 alii
468 1848 623 1898 plurimi
652 1848 888 1897 prodierunt,
919 1860 1081 1897 quorum
1111 1853 1153 1883 ut
1183 1845 1343 1895 quisque
1374 1858 1481 1881 suam

133 1907 325 1957 quandam
345 1909 467 1944 artem
486 1918 529 1943 ac
548 1905 759 1942 doctrinam
779 1906 972 1953 professus
1001 1908 1068 1948 051,
1099 1903 1155 1940 ita
1172 1902 1482 1951 Thrasymachus

132 1962 318 2012 imprimis
347 1962 385 1999 id
416 1961 504 2010 egit,
535 1964 581 1999 ut
599 1961 746 1999 iustum
766 1974 847 1997 esse
872 1960 1128 2004 contenderet,
1159 1959 1261 2009 quod
1282 1958 1481 2007 expediret

131 2018 358 2068 potentiori,
401 2031 517 2068 quam
555 2017 786 2055 sententiam
825 2016 940 2054 etiam
970 2016 1106 2053 Polum
1145 2019 1183 2052 et
1212 2014 1403 2051 Calliclem
1442 2014 1481 2049 in

133 2075 275 2124 Gorgia
302 2075 505 2121 defendere
534 2074 796 2120 meminimus3
828 2078 910 2111 tum
931 2072 1096 2122 denique
1117 2071 1233 2108 etiam
1253 2070 1328 2108 viri
1349 2070 1481 2107 civiles

134 2131 379 2177 exstiterunt,
408 2130 450 2167 in
479 2130 639 2180 quibus,
681 2129 774 2180 quid
800 2129 946 2166 novitia
978 2128 1052 2165 ista
1082 2126 1271 2176 sapientia
1301 2126 1341 2162 in
1368 2139 1481 2174 repu-

133 2188 232 2226 blica
259 2187 418 2233 valeret,
448 2186 681 2224 luculentius
712 2185 907 2234 apparuit,
947 2198 995 2221 ex
1033 2197 1195 2233 quorum
1224 2194 1382 2218 numero
1414 2182 1481 2218 im-

133 2243 265 2293 primis
305 2243 524 2280 Alcibiades
575 2246 613 2280 et
651 2242 789 2279 Critias
837 2240 1071 2277 memorandi
1121 2243 1228 2284 sunt,
1280 2251 1348 2287 per
1387 2251 1482 2288 quos

134 2299 294 2337 sanioris
331 2299 594 2348 philosophiae
633 2298 776 2335 auctori
816 2304 932 2347 atque
981 2296 1130 2345 parenti
1168 2295 1377 2344 plurimum
1425 2295 1483 2331 in-

135 2356 261 2394 vidiae
300 2359 416 2406 atque
456 2355 532 2393 odii
571 2355 778 2392 conflatum
817 2367 898 2390 esse
938 2352 1126 2390 novimus.
1194 2351 1401 2388 Enimvero
1441 2355 1486 2388 ut

135 2411 266 2461 paucis
287 2411 467 2458 dicamus,
498 2412 599 2462 quod
616 2424 677 2448 res
701 2414 770 2457 est,
802 2413 1061 2458 pervenerunt
1081 2408 1232 2445 omnino
1255 2407 1485 2456 sophisticae

137 2468 230 2506 artis
260 2480 303 2504 ac
331 2467 553 2516 disciplinae
582 2468 731 2504 fructus
760 2470 869 2504 tanto
898 2465 1020 2513 magis
1058 2465 1098 2501 in
1127 2464 1253 2501 lucem
1281 2463 1484 2513 publicam,

137 2538 212 2574 quo
241 2523 393 2572 longius
423 2524 568 2561 bellum
596 2524 693 2560 illud
721 2523 948 2572 pestiferum
978 2524 1036 2558 est
1063 2524 1318 2570 protractum,
1358 2520 1414 2557 ita
1443 2524 1486 2557 111

139 2594 182 2618 00
211 2580 290 2617 fere
321 2580 368 2617 ad
397 2580 544 2618 exitum
574 2584 757 2628 vergente
797 2578 1072 2616 evidentissimi
1114 2580 1229 2627 atque
1260 2576 1484 2613 luculentis-

138 2636 224 2674 simi
273 2635 466 2674 exstitisse
505 2636 720 2675 videantur.
788 2638 918 2684 Atque
967 2648 1016 2671 ex
1054 2634 1115 2670 his
1165 2633 1340 2670 omnibus
1380 2632 1486 2668 nullo

138 2692 313 2741 negotio,
353 2692 504 2741 opinor,
544 2693 783 2740 intelligetur
819 2703 909 2728 vere
941 2703 1009 2727 nos
1047 2691 1275 2727 contendere
1316 2693 1354 2725 et
1384 2702 1485 2725 asse-

140 2761 275 2789 verare
315 2748 432 2787 etiam
469 2761 619 2787 omnem
658 2748 957 2798 disputationem
995 2747 1035 2784 in
1065 2746 1207 2795 Gorgia
1237 2744 1420 2794 agitatam
1450 2745 1492 2782 in
