1687 2969
515 164 756 204 GORGIAS.
785 164 828 201 P.
862 167 952 201 509.
983 163 1042 200 ed.
1075 163 1130 200 St.
1403 163 1480 196 285

143 276 323 329 βοηθεῖν
359 274 430 317 καὶ
470 276 646 328 αἰσχύνη
684 279 760 314 τοῦ
800 273 869 326 μή.
902 263 985 324 ἆρα
1013 274 1146 319 ἄλλως
1174 269 1200 323 ἢ
1230 268 1364 317 οὕτως
1391 266 1486 321 ἔχει,

145 336 178 382 ὦ
209 342 477 390 Καλλίκλεις;
529 341 662 380 ΚΑΛ.
695 339 786 380 Οὐκ
814 340 964 386 ἄλλως.

229 407 332 464 Cap.
364 408 503 451 LXV.
563 406 661 446 ΣΩ.
707 406 850 444 Λυοῖν
888 399 968 444 οὖν
1007 405 1176 451 ὄντοιν,
1218 404 1295 441 τοῦ
1325 399 1486 439 ἀδικεῖν

143 489 185 515 τε
214 474 283 515 καὶ
312 475 574 521 ἀδικεῖσθαι,
613 474 756 525 μεῖζον
792 471 868 525 μέν
907 485 1047 524 φαμεν
1076 469 1209 511 κακὸν
1237 469 1283 509 τὸ
1313 468 1488 516 ἀδικεῖν,

146 537 320 581 ἔλαττον
356 540 400 581 δὲ
441 538 488 581 τὸ
517 539 768 580 ἀδικεῖσθαι.
798 538 837 578 τί
866 533 946 579 οὖν
975 537 1028 577 ἂν
1057 535 1488 587 παρασκευασάμενος

144 608 377 657 ἄνθρωπος
414 606 666 659 βοηθήσειεν
708 603 843 657 αὐτῷ.
884 599 982 650 ὥςτε
1011 600 1253 655 ἀμφοτέρας
1280 601 1354 647 τὰς
1383 600 1488 650 [ὀφε-

144 670 256 718 λείας
293 672 447 719 ταύτας
476 668 603 724 ἔχειν,
642 670 720 722 τήν
748 683 789 709 τε
819 665 903 708 ἀπὸ
932 674 1008 708 τοὺ
1037 666 1092 721 μὴ
1124 663 1284 707 ἀδικεῖν
1314 664 1383 707 καὶ
1412 664 1490 718 τὴν
1521 669 1562 710 D

146 731 230 776 ἀπὸ
268 738 347 777 τοῦ
386 736 443 790 μὴ
473 734 732 782 ἀδικεῖσθαις
770 734 927 785 πότερα
956 733 1162 785 δύναμιν,
1206 731 1231 784 ἢ
1262 732 1489 783 βούλησιν;

147 792 227 841 ὧδε
256 801 300 842 δὲ
327 801 453 854 λέγω·
498 802 679 852 πότερον
708 799 783 840 ἐὰν
811 798 867 852 μὴ
897 799 1100 851 βούληται
1129 797 1382 846 ἀδικεῖσθαι,
1413 797 1491 837 οὐκ

146 864 408 920 ἀδικήσεται,
460 866 486 919 ἢ
536 865 611 907 ἐὰν
656 866 841 918 δύναμιν
893 864 1262 916 παρασκευάσηται
1310 865 1387 903 τοῦ
1435 861 1491 915 μὴ

147 929 399 980 ἀδικεῖσθαι,
440 932 520 973 οὐκ
547 929 811 985 ἀδικήσεται;
854 932 990 970 ΚΑΛ.
1021 932 1168 982 Δῆλον
1198 928 1249 982 δὴ
1278 929 1404 970 τοῦτό
1433 943 1492 981 γε,

149 997 213 1039 ὅτι
252 996 326 1039 ἐὰν
354 998 548 1050 δύναμιν.
606 998 707 1037 ΣΩ..
759 997 808 1036 Τι’
833 994 876 1036 δὲ
905 994 956 1049 δὴ
985 998 1062 1036 τοῦ
1091 991 1274 1044 &densim
1312 996 1493 1045 πότερον

149 1062 224 1104 ἐὰν
251 1062 308 1116 μὴ
337 1064 541 1116 βούληται
571 1059 745 1112 ἀδικεῖν,
787 1060 938 1102 ἱκανὸν
966 1061 1079 1101 τοῦτ’
1110 1058 1221 1100 ἔστιν
1253 1085 1298 1088 —
1331 1060 1382 1100 οὐ
1412 1059 1492 1113 γὰρ

149 1125 338 1182 ἀδικήσει
361 1152 424 1177 —,
453 1128 479 1180 ἢ
500 1126 568 1169 καὶ
588 1126 657 1168 ἐπὶ
678 1130 804 1169 τοῦτο
825 1127 887 1168 δεῖ
915 1127 1098 1179 δύναμίν
1126 1141 1219 1166 τινα
1246 1125 1314 1166 καὶ
1343 1124 1493 1178 τέχνην
1523 1125 1560 1167 Ε

147 1194 576 1245 παρασκευάσασθαι,
617 1193 694 1240 ὡς,
735 1192 809 1233 ἐὰν
847 1191 903 1246 μὴ
932 1194 1052 1246 μα’θῃ
1082 1191 1189 1232 αὐτὰ
1218 1191 1288 1231 καὶ
1317 1191 1491 1244 ἀσκήσῃ,

149 1259 358 1312 ἀδικήσεις
397 1260 446 1298 Τί
475 1259 554 1299 οὐκ
584 1259 687 1299 αὐτό
716 1257 761 1310 γέ
791 1273 862 1311 μοι
891 1265 1016 1299 τοῦτο
1047 1258 1272 1308 ἀπεκρίνω,
1316 1251 1348 1297 ὦ
1381 1259 1492 1297 Καλ-

149 1325 321 1373 λίκλεις,
373 1325 553 1377 πότερόν
602 1334 670 1365 σοι
717 1323 929 1376 δοκοῦμεν
976 1324 1118 1376 ὀρθῶς
1168 1323 1495 1376 ἀναγκασθῆναι

218 1457 290 1490 τοῦ
321 1455 494 1490 ἀδικεῖν
525 1469 565 1489 τε
596 1459 665 1489 καὶ
698 1455 971 1500 ἀδικεῖσθαι]
1005 1458 1118 1500 Vulgo
1150 1469 1188 1499 γε
1221 1468 1280 1499 pro
1313 1469 1346 1489 τε
1371 1456 1495 1488 scribe—

150 1504 249 1535 batur
271 1504 390 1535 invitis
415 1503 511 1535 codd.
537 1504 707 1545 plerisque
730 1505 897 1535 omnibus.
946 1503 1011 1535 Sed
1036 1505 1112 1534 Par.
1137 1504 1176 1535 E.
1201 1502 1304 1534 habet
1328 1514 1375 1545 γε.
1412 1503 1494 1534 Mox

151 1549 231 1580 ordo
262 1548 445 1580 verborum
473 1548 577 1591 vulgo
605 1549 670 1580 fuit
700 1549 775 1581 hie:
817 1547 924 1580 κακόν
957 1560 1070 1588 φαμεν
1105 1546 1138 1579 τὸ
1174 1546 1324 1584 ἀδικεῖν,
1363 1554 1496 1589 praeter

150 1593 251 1626 fidem
276 1594 373 1626 codd.
397 1595 467 1625 fere
491 1595 651 1625 omnium.

216 1640 255 1671 E.
303 1651 374 1678 μοι
400 1638 523 1671 τοῦτο
550 1636 794 1681 ἀπεκρίνω]
826 1639 866 1670 V.
890 1635 1094 1679 ἀπεκριίὀυ.
1130 1639 1305 1671 Aoi-istum
1330 1638 1494 1670 debemus

151 1684 251 1716 Vind.
275 1684 306 1717 6.

151 1808 268 1840 multis
313 1809 400 1840 locis
447 1812 649 1850 usurpatur,
705 1819 789 1849 quos
859 1819 890 1850 p.
923 1806 998 1839 262.
1040 1807 1090 1839 ed.
1132 1808 1250 1854 Reisk.
1294 1812 1327 1840 et
1371 1809 1496 1840 Hein-

151 1856 274 1896 partim
308 1854 464 1885 indicant
495 1853 713 1885 Schaefer.
748 1853 790 1884 ad
860 1853 964 1884 dors.
991 1852 1032 1884 ad
1056 1853 1089 1884 h.
1115 1853 1138 1884 1.

151 1901 249 1931 Dem.
273 1900 360 1941 App.
382 1900 442 1931 III.
467 1910 499 1940 p.
521 1897 598 1931 295.
620 1897 696 1931 337.
712 1898 789 1930 491.
903 1899 942 1929 Ε.
991 1896 1064 1935 ὠς,
1097 1897 1141 1929 ἑὰ
1156 1911 1173 1928 ²·
1206 1898 1256 1940 μὴ
1293 1896 1409 1940 μάθῃ
1442 1918 1496 1934 -,

151 1946 357 1987 Krueger.
382 1945 425 1976 ad
443 1944 601 1986 Thucyd.
624 1945 665 1976 V.
690 1943 744 1983 56,
759 1943 790 1976 2.

152 1991 345 2021 Discrimen
390 1991 549 2032 passivae
590 1994 623 2021 et
662 1989 791 2022 mediae

153 2036 280 2067 formae
334 2036 452 2076 utique
501 2040 664 2076 apertum.
722 2035 789 2066 vid.

153 2081 381 2112 Matthiae.
418 2081 447 2119 ἕ.
477 2079 555 2114 494.
587 2081 630 2111 ΙΙ.
678 2081 790 2112 Rost.

154 2125 278 2165 §.114.
298 2125 326 2159 1.
352 2126 599 2156 Buttmann.
621 2126 650 2164 ἕ.
670 2124 744 2157 123.
759 2124 791 2158 3.

155 2189 198 2194 -
236 2173 309 2202 τοῦ
350 2171 401 2212 μὴ
443 2167 709 2202 ἀδικεῖσθαι.
754 2172 791 2202 Ρ.

155 2215 232 2249 457.
247 2217 293 2247 E:
320 2219 378 2247 τοῦ
402 2216 596 2254 καταφανὲς
614 2215 791 2258 γενέσθαι,

154 2261 215 2293 ubi
245 2272 277 2293 v.
309 2266 425 2293 annot.
473 2260 629 2293 Ceterum
658 2261 792 2292 notabis

156 2307 392 2348 repetitionem
423 2307 602 2338 verborum
636 2303 698 2337 οὐκ
722 2304 793 2338 ἀδι-

157 2351 302 2393 κήσεται,
327 2362 413 2392 quae
430 2356 544 2383 tamen
569 2352 604 2383 in
629 2351 694 2383 hae
719 2362 792 2382 sen-

156 2398 338 2428 tentiarum
369 2398 581 2438 oppositione
610 2407 679 2428 non
703 2401 794 2428 earet

157 2443 192 2473 vi
222 2453 292 2473 sua.
329 2452 359 2473 v.
390 2442 433 2473 ad
455 2442 574 2484 Lysid.
599 2453 628 2484 p.
654 2441 729 2474 209.
756 2442 793 2474 C.

157 2487 286 2519 Criton.
304 2497 336 2528 p.
351 2486 404 2519 54.
421 2488 461 2519 A.
486 2488 575 2519 infra
599 2498 630 2529 p.
655 2486 729 2520 516.
755 2488 792 2519 Ε.

157 2543 188 2574 p.
211 2531 288 2564 522.
309 2533 349 2563 Ε.

205 2577 255 2609 Τι’
277 2576 325 2609 δὲ
345 2575 392 2618 δὴ
415 2580 486 2608 τοῦ
509 2575 715 2619 ‹maneb-,ff
742 2578 793 2608 De

157 2623 221 2654 hoo
245 2623 404 2664 'genitivo
429 2633 460 2652 v.
485 2623 660 2654 Phaedon.
683 2633 714 2664 p.
742 2621 794 2654 78.

158 2668 200 2699 D.
232 2668 284 2699 De
309 2668 389 2709 Rep.
415 2667 491 2698 VII.
514 2678 545 2709 p.
570 2667 645 2700 515.
663 2669 701 2698 B.
735 2668 793 2698 IX.

157 2723 188 2754 p.
204 2711 280 2744 582.
299 2712 336 2744 C.
363 2712 580 2744 Demosth.
601 2713 653 2744 De
669 2713 792 2744 Coron.

860 1940 1080 1986 ἀδικήσει]
1122 1944 1295 1985 quippe,
1333 1945 1421 1976 nisi
1452 1945 1498 1976 il-

859 1989 942 2020 lam
974 1989 1187 2020 didicerit
1217 1994 1259 2020 et
1295 2000 1498 2022 exercue-

860 2035 936 2073 rit,
972 2035 1134 2066 iniuste
1168 2035 1316 2066 faciet.
1371 2037 1497 2066 Prono-

860 2091 936 2111 men
974 2077 1059 2110 αι’·ιά
1094 2081 1237 2111 refertur
1273 2081 1316 2111 ad
1350 2080 1498 2119 δύναμιν

862 2125 915 2156 καὶ
934 2123 1062 2165 τέχνην.
1087 2136 1117 2156 v.
1137 2125 1179 2156 ad
1194 2125 1321 2156 Phaed.
1337 2136 1367 2167 p.
1387 2125 1440 2158 88.
1457 2129 1497 2158 A.

862 2170 938 2202 coll.
963 2170 1116 2201 Matth.
1143 2171 1172 2209 ξ.
1198 2169 1272 2202 439.

913 2216 961 2248 Τι’
989 2212 1066 2246 οὐκ
1100 2213 1202 2247 αὐτό
1235 2215 1281 2257 γέ
1311 2227 1382 2254 μοι
1409 2220 1496 2247 τοῦ·

864 2273 903 2292 το
922 2260 978 2301 -]
1006 2261 1111 2302 Age,
1137 2261 1212 2292 hoe
1233 2263 1372 2302 ipsum
1393 2262 1497 2293 mihi

861 2306 1091 2347 responde,
1117 2317 1135 2337 ο
1158 2306 1360 2338 Callicle.
1383 2307 1496 2339 Etiam

861 2351 915 2382 hic
950 2348 1032 2382 αὐτὸ
1066 2354 1161 2383 τοῦτο
1185 2351 1317 2383 indicat
1339 2363 1427 2393 rem,
1462 2354 1497 2384 in

862 2397 960 2428 euius
995 2397 1261 2438 investigatione
1296 2398 1401 2429 totius
1433 2398 1498 2429 dis-

862 2442 1049 2483 putationis
1076 2442 1183 2473 veluti
1207 2442 1309 2474 cardo
1332 2448 1498 2483 versatur,

862 2492 899 2518 ut
913 2487 1087 2519 commode
1102 2488 1267 2529 explicari
1282 2494 1399 2529 queat:
1419 2489 1440 2520 h
1450 2499 1468 2519 o
1479 2499 1497 2519 e

863 2533 1063 2572 maxime,
1101 2533 1176 2564 hoe
1209 2534 1498 2574 potissimum,

864 2577 904 2608 de
929 2588 994 2618 quo
1018 2588 1083 2609 usu
1107 2579 1224 2610 monui
1248 2577 1290 2609 ad
1314 2589 1345 2619 p.
1363 2578 1438 2610 488.
1455 2580 1496 2610 D.

865 2626 897 2654 et
920 2621 995 2654 482.
1018 2624 1060 2655 D.
1096 2623 1405 2654 Heindorfium
1429 2635 1496 2655 non

864 2667 968 2708 probo
1005 2668 1088 2700 haee
1121 2669 1169 2700 sie
1201 2669 1496 2710 interpretantem:

864 2713 943 2744 hoc
977 2723 1101 2745 unum
1132 2714 1238 2745 mihi
1272 2714 1497 2755 responde.
