1687 2969
490 189 563 226 AD
593 188 836 227 GORGIAM
865 189 1134 227 PLATONIS.
1438 195 1488 228 23

137 303 238 340 bona
273 301 334 340 sit.
373 303 415 339 P.
448 306 539 340 494.
571 302 610 340 O.
642 324 698 328 ——
729 305 819 339 495.
858 303 899 339 B.
912 301 951 349 ἢῆ)
1019 303 1196 351 Negante
1235 306 1365 341 autem
1404 303 1489 341 Cal-

135 358 222 396 licle
264 358 475 396 iucundum
515 372 537 396 a
579 360 674 396 bono
715 372 797 395 esse
827 359 1039 404 diversum,
1082 361 1165 407 Age
1195 360 1304 406 dum,
1345 360 1484 410 inquit,

135 415 500 466 161116110111161111115
549 415 773 453 accuratius.
851 415 1019 452 Scientia
1056 415 1175 463 igitur
1224 420 1262 454 et
1298 416 1484 454 fortitudo

136 472 306 508 omnium
334 471 475 509 iudicio
503 473 625 509 bonae
665 471 851 519 suntffiss),
892 473 957 509 sed
998 472 1150 509 easdem
1188 472 1374 509 iucundas
1404 486 1487 510 esse

134 541 211 566 non
251 541 381 565 omnes
422 542 541 579 aeque
580 528 808 576 largiuntur.
876 529 1027 565 Bonum
1072 528 1192 576 igitur
1230 529 1260 565 si
1299 529 1401 566 idem
1439 530 1490 567 sit

136 587 252 635 atque
281 585 510 631 iucundum,
551 585 726 635 sequitur
761 584 959 622 scientiam
999 588 1036 622 et
1064 585 1333 622 fortitudinem
1373 585 1488 623 simul

137 654 218 678 esse
250 644 289 679 et
317 643 436 678 bonas
477 646 515 679 et
542 655 620 678 non
651 643 788 687 bonas,
830 641 1010 691 quoniam
1048 654 1126 677 non
1164 641 1257 678 item
1296 642 1486 679 iucundae

134 701 236 735 sunt.
294 696 406 737 Quod
436 702 537 735 certe
567 698 650 735 fieri
680 698 826 747 nequit.
886 698 986 745 Ergo
1024 699 1167 734 bonum
1207 704 1246 735 et
1274 698 1486 735 iucundum

134 767 210 790 non
248 753 471 792 1ᾶ61116556
511 755 767 804 consequitur.
809 755 850 791 P.
883 758 974 791 495.
1006 754 1044 791 C.
1075 776 1131 780 ——
1160 754 1204 790 Ε.
1272 755 1486 792 Dubitante

133 823 224 848 vero
253 810 465 848 etiamnum
493 811 648 848 Callicle
678 812 723 848 de
754 811 868 847 huius
896 810 1023 847 iudicii
1054 811 1229 856 veritate,
1260 824 1339 848 rem
1368 811 1485 848 etiam

135 867 379 916 explanatius
409 867 617 905 dilucidare
656 867 838 905 instituit.
898 868 968 904 Est
998 880 1118 914 genus
1158 879 1305 913 rerum,
1346 867 1484 917 inquit,

133 923 234 961 inter
271 937 311 961 se
351 924 645 969 contrariarum,
687 937 784 974 [luae
823 937 1021 973 nunquam
1062 924 1286 961 coniunctae
1324 928 1486 972 possunt

132 980 173 1017 in
202 993 278 1017 uno
318 981 526 1031 eodemque
566 981 701 1017 inesse.
781 979 971 1020 Quorsum
1011 980 1207 1029 pertinent
1244 980 1407 1017 felicitas
1448 984 1486 1017 et

132 1036 348 1083 infelicitas,
379 1037 524 1074 sanitas
555 1037 720 1086 corporis
751 1042 789 1074 ct
818 1039 984 1083 morbus,
1014 1038 1131 1073 robur
1163 1040 1201 1073 et
1230 1037 1485 1081 imbecillitas,

133 1093 208 1130 alia
236 1094 369 1130 multa.
427 1094 538 1139 Nam,
569 1098 612 1131 ut
642 1094 816 1142 exemplo
845 1098 952 1139 utar,
990 1093 1195 1141 ingruente
1224 1094 1354 1130 morbo
1385 1093 1484 1130 tolli-

132 1152 197 1187 tur
227 1162 408 1199 prospera
439 1150 605 1199 corporis
634 1151 826 1195 valetudo,
858 1154 896 1187 et
925 1149 1187 1187 imbecillitate
1218 1162 1353 1198 corpus
1376 1162 1484 1186 occu-

132 1210 248 1255 pante
277 1206 483 1255 pristinum
514 1206 595 1244 eius
625 1208 741 1243 robur
780 1206 992 1251 evanescit,
1034 1212 1150 1256 atquc
1183 1206 1361 1243 vicissim.
1422 1207 1483 1243 Ad

131 1263 204 1300 hoc
242 1270 371 1300 autem
409 1276 537 1300 rerum
585 1276 706 1311 genus
745 1263 913 1300 dubitari
954 1276 1029 1299 11011
1067 1265 1194 1311 potest
1233 1262 1327 1312 quin
1366 1262 1483 1299 etiam

132 1321 275 1357 bonum
304 1324 343 1357 et
371 1320 514 1357 malum
543 1321 785 1357 referendum
806 1320 865 1357 sit.
906 1319 1062 1357 Etenim
1092 1319 1156 1355 ubi
1177 1318 1278 1355 mala
1297 1319 1482 1364 incidunt,

131 1375 185 1413 ibi
214 1376 403 1413 tolluntur
441 1378 560 1422 bona,
601 1380 640 1413 et
679 1376 847 1414 vicissim
886 1376 926 1412 in
972 1377 1097 1412 locum
1135 1376 1343 1421 malorum,
1385 1388 1483 1425 quae

133 1433 372 1479 auferuntur,
404 1433 586 1471 continuo
614 1446 747 1470 rursus
786 1434 885 1469 bona
915 1433 1134 1469 succedunt.
1193 1430 1300 1471 Quae
1332 1432 1362 1469 si
1391 1444 1483 1469 vera

131 1493 232 1535 sunt,
263 1489 472 1527 certissime
503 1490 760 1540 consequitur,
790 1494 835 1526 ut
863 1502 960 1539 quae
991 1489 1105 1525 simul
1133 1488 1173 1524 in
1196 1490 1329 1525 eodem
1357 1488 1482 1525 inesse

130 1550 275 1595 queant
302 1559 455 1596 unaque
485 1547 665 1583 accedant
694 1546 949 1595 recedantquc
978 1547 1078 1582 bona
1106 1545 1256 1581 malave
1287 1557 1369 1581 esse
1408 1558 1485 1581 non

129 1602 289 1650 possint.
347 1603 431 1638 Iam
459 1615 550 1640 vero
588 1602 717 1649 negari
758 1615 835 1638 non
874 1608 1000 1650 potest
1040 1602 1079 1637 in
1111 1601 1386 1649 cupiditatibus
1417 1614 1483 1638 ex-

130 1658 280 1707 plendis
320 1659 394 1695 duo
425 1659 557 1695 adesse
598 1659 718 1695 solere
751 1658 961 1704 contraria,
1002 1662 1047 1695 ut
1084 1662 1186 1695 recte
1218 1657 1393 1694 contendi
1426 1657 1483 1694 vi-

131 1716 267 1752 deatur
305 1715 524 1764 voluptates
562 1714 651 1752 inde
692 1715 870 1751 oriundas
911 1714 951 1750 in
991 1727 1149 1750 numero
1190 1715 1377 1751 bonorum
1406 1727 1483 1750 non

129 1784 211 1808 esse
241 1772 447 1809 habendas.
487 1770 617 1812 Quum
646 1771 747 1808 enim
776 1783 1030 1821 unaquaeque
1061 1770 1249 1819 cupiditas
1281 1770 1483 1807 coniuncta

130 1841 212 1865 esse
242 1829 363 1866 soleat
392 1841 479 1865 cum
506 1828 720 1876 indigentia
749 1828 915 1878 quadam
935 1831 974 1864 ct
1001 1827 1187 1871 molestia,
1218 1826 1340 1865 veluti
1362 1840 1481 1877 quum

130 1884 281 1922 sitimus
311 1888 350 1922 et
379 1884 586 1931 esurimus,
627 1888 775 1930 tamen,
815 1885 907 1920 dum
934 1883 1001 1920 illa
1031 1884 1227 1932 expletur,
1270 1895 1355 1919 cum
1384 1882 1482 1919 indi-

131 1940 284 1988 gentiae
314 1954 428 1978 sensu
467 1941 581 1977 simul
612 1942 744 1978 adesse
774 1941 871 1978 solet
899 1940 1151 1977 iucunditatis
1190 1939 1482 1989 voluptatisque

128 1997 331 2046 perceptio.
375 1998 547 2035 Solemus
578 1997 680 2034 enim
700 1997 874 2034 sitientes
902 1996 1032 2033 bibere
1057 2000 1095 2033 et
1115 1995 1327 2033 esurientes
1358 1997 1480 2041 edere,

129 2054 201 2090 hoc
231 2057 290 2092 est
319 2054 490 2091 dolentes
522 2053 635 2091 simul
673 2054 850 2102 gaudere.
908 2054 1047 2103 Itaque
1089 2053 1257 2089 dolorem
1296 2056 1335 2089 ct
1372 2052 1481 2089 volu-

128 2113 276 2158 ptatem
316 2123 338 2147 a
377 2112 475 2147 bono
515 2114 554 2147 et
602 2111 702 2147 malo
739 2110 893 2146 differre
932 2123 1088 2158 prorsus
1127 2121 1280 2145 necesse
1312 2112 1369 2145 651
1380 2107 1481 2154 ΗΧ).

132 2167 173 2203 Ρ.
207 2170 298 2203 496.
330 2168 376 2203 Α.
408 2188 464 2192 -—-
494 2167 586 2203 497.
618 2168 664 2204 A.
696 2189 752 2192 —
781 2168 990 2216 Postquam
1021 2166 1196 2202 Socrates
1226 2165 1298 2201 1100
1328 2177 1481 2215 quoque

130 2226 354 2270 argumento
394 2223 671 2261 demonstravit
710 2223 919 2260 iucundum
959 2235 981 2259 a
1017 2223 1115 2259 bono
1155 2234 1237 2258 esse
1276 2220 1481 2266 diversum,

129 2278 315 2325 Callicles,
345 2292 394 2316 ne
424 2279 589 2328 turpiter
617 2280 810 2317 refutatus
831 2279 1011 2323 discedat,
1042 2291 1082 2314 se
1112 2278 1159 2314 ad
1189 2277 1358 2315 minutas
1388 2277 1482 2314 istas

130 2334 302 2385 vilesque
332 2335 720 2383 interrogatiunculas
750 2335 914 2384 amplius
943 2346 1217 2382 responsurum
1246 2336 1373 2381 negat.
1413 2334 1482 2371 Oo-

130 2391 308 2429 hortante
338 2396 467 2429 tamen
488 2392 638 2439 Gorgia,
670 2397 714 2429 ut
744 2405 791 2429 nc
823 2404 1034 2428 sermonem
1062 2394 1142 2428 tam
1172 2390 1246 2427 cito
1267 2391 1482 2438 abrumpat,

128 2460 262 2484 rursus
291 2448 475 2485 disserere
504 2461 661 2498 remque
691 2448 913 2495 diligentius
944 2447 1061 2484 etiam
1081 2447 1280 2495 explorare
1300 2446 1482 2483 instituit.

131 2503 313 2553 Sequitur
341 2503 459 2552 igitur
488 2505 603 2542 tertia
633 2505 743 2551 ratio,
774 2518 851 2554 qua
879 2503 1088 2540 iucundum
1119 2516 1140 2540 a
1169 2505 1269 2541 bono
1289 2503 1483 2541 diversum

197 2645 229 2686 ²¹⁶)
257 2644 517 2686 comparandus
542 2646 582 2678 de
607 2647 660 2678 his
685 2647 783 2678 locus
808 2644 944 2677 Philebi
970 2649 1021 2677 est
1043 2657 1075 2687 p.
1099 2644 1153 2679 46.
1178 2646 1221 2681 D.
1246 2663 1291 2669 -—-
1314 2643 1368 2677 47.
1392 2645 1431 2676 Β.

198 2689 252 2731 *³¹0)
278 2691 331 2721 De
355 2690 566 2724 fortitudinis
592 2703 670 2724 cum
696 2691 838 2723 scientia
863 2691 1106 2723 coniunctione
1131 2702 1162 2723 v.
1187 2690 1329 2722 Lachet.

198 2735 273 2777 ΜΨ)
300 2735 397 2770 Conf.
423 2745 502 2768 cum
525 2737 579 2769 his
600 2736 734 2770 Phileb.
759 2747 791 2778 p.
816 2734 869 2770 32.
894 2736 935 2768 B.
957 2734 1011 2769 33.
1036 2737 1074 2769 O.
1097 2735 1151 2770 34.
1176 2737 1216 2770 E.
1240 2734 1294 2768 51.
1319 2734 1360 2768 A.
1384 2732 1439 2766 53.
