1687 2969
416 174 661 214 GORGIAS.

691 174 735 212 P.
767 177 862 213 484.
893 176 985 211 485.
1017 174 1076 212 ed.
1108 174 1164 212 St.

1386 177 1464 211 205

122 283 259 337 βαίνει
286 283 369 336 γὰρ
397 285 445 325 τὸ
474 290 552 325 τοῦ
584 283 846 334 Εὐριπίδου·
877 282 1068 335 λαμπρός
1095 277 1126 323 τ’
1156 279 1269 323 ἐστὶν
1296 281 1469 330 ἕκαστος

117 347 164 389 ἐν
192 348 343 403 τούτῳ,

658 411 761 453 κάπὶ
789 406 900 451 τοῦτ’
932 410 1151 464 ἐπείγεται,

252 475 394 530 νέμων
422 477 469 519 τὸ
497 480 695 519 πλεῖστον
722 476 881 550 ἡμέρας
908 477 1046 532 τούτῳ
1074 476 1214 530 μέρος

259 539 310 583 ἵν’
339 543 468 592 αὐτὸς
497 543 631 584 αὑτοῦ
659 543 846 595 τυγχάνῃ
877 541 1089 593 βέλτιστος
1117 543 1190 582 ὥν.

121 605 234 648 ὅπου
274 603 311 648 δ’
351 607 405 648 ἂν
454 611 617 658 φαῦλος
656 623 704 661 ῃ,
758 607 958 648 ἐντευθεν
997 608 1144 660 φεύγει
1184 605 1251 646 καὶ
1291 605 1475 656 λοιδορεῖ
1502 613 1584 654 485

119 679 267 722 τοῦτο,
308 671 356 714 τὸ
395 673 430 713 δ’
459 671 604 725 ἕτερον
644 671 830 719 ἐπαινεῖ,
873 673 1019 726 εὐνοίᾳ
1047 679 1096 726 τῇ
1127 669 1304 720 ἑαυτοῦ,
1346 670 1473 724 ἡγού-

119 751 246 790 μενος
277 737 412 785 οὕτως
441 736 571 786 αὐτὸς
600 734 754 779 ἑαυτὸν
783 736 982 778 ἐπαινεῖν.
1023 733 1128 787 ἀλλ’,
1159 732 1297 789 οἶμαι,
1327 735 1375 776 τό
1406 735 1473 787 ὀρ-

120 803 308 844 θότατόν
353 801 466 844 ἐστιν
516 803 770 857 ἀμφοτέρων
809 805 1038 856 μετασχεῖν.

1089 802 1346 854 φιλοσοφίας
1382 799 1473 854 μέν,

120 864 225 909 ὅσον
253 869 448 916 παιδείας
492 870 637 922 χάριν,
676 867 809 909 καλὸν
837 866 1044 921 μετέχειν,
1083 867 1151 908 καὶ
1191 868 1269 908 οὐκ
1299 863 1474 919 αἰσχρὸν

120 935 322 989 μειρακίῳ
352 936 444 975 ὄντι
485 936 763 985 φιλοσοφεῖν·

809 933 981 975 ἐπειδὰν
1010 932 1054 974 δὲ
1083 933 1162 986 ἤδη
1191 933 1476 996 πρεσβύτερος

119 998 180 1040 ὢν
208 1001 440 1052 ἄνθρωπος
469 997 528 1040 ἔτι
558 1004 793 1052 φιλοσοφῇ,
824 997 1151 1052 καταγέλαστον,
1184 999 1216 1038 ὼ
1235 998 1476 1048 Σώκρατες,

186 1140 224 1171 P.
249 1138 325 1173 485.
352 1138 552 1180 λοιδορεῖ
574 1139 708 1182 τοῦτο]
746 1140 785 1174 V.
813 1138 937 1182 τούτῳ,
973 1139 1062 1181 quod
1087 1150 1129 1170 ex
1154 1138 1252 1172 codd.
1278 1138 1415 1180 optimis
1441 1143 1473 1168 et

118 1185 222 1226 longe
244 1184 403 1226 plurimis
428 1185 655 1218 emendatum.

187 1228 432 1270 ἄνθρωπος
458 1231 518 1261 ἔτι
543 1229 777 1273 φιλοσοφῇ]

120 1274 337 1307 emendatum
361 1287 403 1308 ex
429 1275 545 1310 Clark.
566 1276 643 1309 Vat.

120 1403 350 1446 plurimum
384 1404 523 1437 alicui
548 1405 763 1446 tribuere,

121 1449 310 1481 illustravit
333 1450 598 1485 Valckenar.
624 1450 646 1482 l.
673 1461 700 1482 c.
730 1454 763 1482 et

121 1495 164 1526 ad
208 1495 386 1537 Hippolyt.
428 1506 458 1538 p.
500 1494 577 1528 306.
617 1514 659 1519 -—
696 1497 762 1527 Pro

124 1539 288 1582 τυγχάνῃ,
337 1540 428 1582 quod
480 1540 609 1572 habent
665 1541 763 1573 codd.

122 1595 241 1617 omnes
264 1590 398 1626 praeter
421 1596 528 1617 unum
550 1586 652 1626 Flor.‚
678 1587 763 1618 Ste-

122 1630 336 1672 phanus,
385 1631 763 1671 Valckenarius,

123 1675 438 1716 Heindorfius,
470 1677 763 1708 Buttmannus

122 1720 166 1752 ad
190 1720 362 1753 Alcibiad.
386 1721 430 1753 ΙΙ.
454 1732 486 1763 p.
512 1720 587 1754 146.
612 1723 653 1753 A.
685 1734 763 1764 τιγ-

121 1763 185 1806 χάν
194 1777 229 1797 ει
254 1771 485 1807 correxerunt,
512 1768 593 1808 quia
614 1768 670 1798 ἵνα
694 1778 763 1798 non

124 1812 169 1842 sit
184 1811 352 1852 particula
371 1811 496 1852 finalis,
521 1812 579 1844 sed
594 1823 654 1854 pro
674 1811 763 1844 ὅποι

124 1856 284 1898 positum.
352 1857 396 1888 Et
435 1857 500 1890 hoc
535 1857 672 1900 quidem
709 1868 764 1889 ve-

124 1912 217 1942 rum,
256 1901 316 1934 sed
349 1902 439 1944 quod
471 1902 551 1934 inde
590 1903 766 1935 concluse-

123 1950 205 1978 runt
236 1946 462 1979 indicativum
493 1958 567 1980 esse
601 1948 765 1981 reducen-

126 1991 225 2031 dum,
262 1992 298 2023 id
332 1992 522 2025 iudicatum
559 1998 610 2026 est
647 1993 764 2035 paullo

125 2036 419 2069 inconsideratius.
457 2039 547 2070 Satis
572 2039 663 2071 enim
689 2049 765 2071 con-

126 2086 194 2114 stat
230 2087 348 2123 poetas
388 2083 502 2125 epicos
549 2087 582 2115 et
619 2085 766 2126 tragicos

127 2125 176 2164 ὃς,
203 2126 303 2165 fisus,
328 2126 429 2163 ὅπου,
457 2129 513 2159 ι’ἰα
538 2128 662 2170 (ubi),
688 2129 753 2163 ἔςω

128 2174 213 2212 πρίν
237 2182 316 2204 cum
340 2173 414 2205 solo
435 2175 657 2205 coniunctivo
687 2184 766 2205 con-

127 2218 312 2258 struxisse,
348 2217 409 2249 ubi
442 2229 563 2260 prosae
601 2219 766 2251 orationis

126 2272 210 2294 usus
234 2260 277 2293 c'z'v
303 2262 456 2295 additum
478 2264 600 2306 poscit.
625 2274 655 2295 v.
673 2265 767 2296 Por-

127 2317 211 2339 son.
235 2307 278 2339 ad
302 2308 394 2340 Med.
423 2320 456 2341 v.
480 2308 556 2342 222.
589 2309 632 2341 ad
656 2309 766 2341 Orest.

128 2351 254 2386 v.141.
279 2356 313 2384 et
336 2364 420 2395 quos
435 2354 575 2386 laudavi
601 2354 643 2385 ad
660 2355 767 2386 Phae-

128 2397 205 2429 don.
231 2407 302 2439 cap.
326 2398 383 2430 VI.
410 2399 579 2439 Quocirca
604 2401 661 2431 ι’ἰα
687 2411 763 2452 τυγ-

128 2440 211 2483 χάνῃ
250 2442 340 2474 idem
377 2448 427 2475 est
465 2445 555 2486 quod
594 2443 683 2476 57101
723 2442 768 2475 ἂι

128 2484 286 2528 τυγχάνῃ.
333 2456 485 2520 Veramq
488 2501 561 2522 esse
592 2489 683 2521 hanc
717 2490 768 2520 in-

128 2533 402 2584 terpretationem
458 2535 541 2566 satis
600 2540 768 2567 testantur

129 2587 216 2618 quae
252 2578 325 2619 ipse
355 2578 455 2621 Platq
490 2579 637 2611 addidit.
679 2578 766 2611 ὅποι

130 2619 157 2652 δ’
192 2620 236 2653 ἂι
271 2623 402 2661 φαῦλος
436 2622 466 2665 ᾗ.
503 2643 546 2648 —
585 2625 767 2657 Genitivus

130 2664 179 2698 αἱ
193 2679 263 2698 τοι
295 2668 451 2699 cohaeret
482 2679 559 2701 cum
585 2670 766 2711 βέλτιστος,

127 2716 166 2743 ut
196 2713 364 2744 sententia
393 2713 479 2745 haec
511 2715 572 2746 sit:
608 2716 650 2745 in
686 2725 767 2755 quo

827 1230 967 1262 Soloece
999 1229 1103 1271 vulgo
1140 1230 1345 1268 φιλοσοφεῖ,
1380 1227 1471 1270 quod

670 1275 773 1309 Coisl.
793 1276 880 1309 Ven.
909 1275 984 1307 ΞΣ.
1012 1275 1113 1309 vind.
1139 1274 1168 1308 2.
1187 1274 1218 1308 6.
1244 1274 1322 1306 aliis
1346 1274 1474 1306 multis.

833 1415 876 1436 se
914 1405 1097 1436 maxime
1138 1404 1363 1436 excellere
1389 1413 1475 1435 sen-

833 1451 954 1482 serit.
989 1450 1107 1482 Genus
1131 1449 1294 1491 loquendi
1328 1449 1475 1491 explica-

832 1496 883 1526 vit
906 1496 1063 1527 Matth.
1089 1496 1119 1534 g.
1143 1494 1220 1527 460.

879 1542 914 1572 Ρ.
939 1539 1017 1573 485.
1050 1542 1118 1571 καὶ
1153 1540 1364 1579 λοιδορεῖ
1387 1542 1474 1570 τοῦ·

836 1585 890 1628 το]
930 1586 1070 1617 Referas
1104 1589 1201 1617 τοῦτο
1234 1584 1276 1616 ad
1309 1583 1398 1616 ὅπου
1432 1582 1476 1615 ἂι·

836 1642 873 1670 φ.
899 1625 929 1671 ἦ.
967 1631 1055 1663 Nam
1080 1629 1169 1662 ὅπου
1196 1630 1286 1661 idem
1311 1634 1362 1661 est
1386 1629 1476 1671 quod

835 1675 874 1706 ἐι·
911 1670 937 1717 ᾦ
970 1676 1025 1707 vel
1058 1676 1136 1715 περὶ
1163 1674 1190 1708 ὅ.
1240 1675 1340 1714 Quod
1370 1675 1475 1716 vulgo

832 1721 1012 1762 legebatur
1030 1719 1149 1763 τούτῳ,
1174 1720 1208 1751 id
1232 1720 1372 1763 linguae
1391 1720 1476 1762 legi-

834 1765 898 1798 bus
923 1766 1131 1798 adversatur.
1186 1766 1274 1798 Nam
1298 1765 1476 1797 verissime

834 1811 942 1843 schol.
967 1811 1010 1843 ad
1035 1811 1208 1853 Aristoph.
1234 1811 1323 1842 Plut.
1343 1821 1376 1843 v.
1392 1810 1474 1843 456:

837 1854 869 1888 τὸ
896 1856 1119 1896 λοιδοροῦμαι
1157 1857 1353 1898 παθητικῶς
1388 1855 1475 1887 δοτι-

835 1905 875 1943 κῇ
903 1900 1146 1939 συντάσσεται,
1180 1901 1406 1944 εἰέργητικιῦς
1439 1900 1477 1932 δὲ

834 1946 1016 1989 αἰτιατικῇ,
1053 1946 1112 1978 ubi
1144 1957 1175 1978 v.
1207 1947 1352 1989 interpp.
1378 1946 1476 1978 Cous.

835 1992 984 2026 Matth.
1011 1993 1041 2031 ἓ.
1066 1991 1142 2025 384.
1169 1991 1199 2024 2.

880 2036 988 2069 ὅσον
1023 2037 1226 2070 παιδείας
1259 2035 1408 2079 χάριν]
1443 2047 1478 2068 30

835 2082 900 2114 rz'eZ
921 2094 982 2114 zm·
1007 2082 1223 2124 allyemeinen
1247 2082 1400 2123 Bilduny
1423 2092 1477 2123 ye-

835 2127 919 2159 hort.
943 2128 1082 2169 Protag.
1106 2138 1138 2169 p.
1164 2126 1239 2160 312.
1266 2128 1315 2158 B:
1347 2125 1478 2158 τούτων

835 2171 902 2214 γὰρ
932 2183 974 2204 συ
999 2172 1148 2214 ἑκάστη]
1167 2170 1230 2204 01⁷2(
1256 2171 1323 2203 ἐπὶ
1351 2171 1476 2213 τέχιῃ

837 2218 965 2256 ἔμαιςῖε
990 2215 1036 2251 ὠς
1062 2216 1272 2260 δημιουργὸς
1298 2215 1466 2256 ἐσόμενο-

835 2260 903 2294 ἀλλ
951 2262 1022 2294 ἐπὶ
1071 2262 1270 2305 παιδειᾳ,
1320 2259 1366 2295 ὠς
1420 2260 1479 2294 τὸν

837 2305 980 2349 ιδιώῐην
1005 2309 1060 2339 καὶ
1091 2307 1151 2339 τὸν
1177 2306 1371 2349 ἐλεύθεροι·
1396 2307 1477 2348 πρέ-

838 2364 903 2384 πει.
950 2353 1125 2386 Theaetet.
1157 2363 1189 2395 p.
1222 2351 1297 2385 145.
1328 2354 1378 2384 A:
1413 2354 1478 2394 ζω-

835 2397 1025 2440 γραφικός,
1072 2397 1320 2440 γεωμετρικός,
1352 2396 1478 2439 ἀστρο-

840 2442 998 2481 νομικός,
1051 2442 1255 2486 λογιστικός,
1311 2444 1367 2475 καὶ
1415 2442 1480 2475 ὅσα

838 2487 994 2522 παιδείας
1020 2489 1136 2529 ἔχεται.
1163 2489 1376 2521 Sententiam
1400 2488 1479 2520 illu-

837 2538 922 2565 strat
947 2533 1044 2565 locus
1077 2535 1130 2565 De
1154 2535 1234 2576 Rep.
1262 2535 1321 2565 VI.
1346 2545 1378 2575 p.
1402 2532 1478 2566 487.

838 2578 874 2610 C.
892 2579 935 2609 D.
961 2579 1086 2610 Totum
1111 2581 1170 2620 qui
1188 2580 1342 2620 sequitur
1365 2579 1480 2610 locum

836 2627 961 2655 tractat
993 2623 1168 2656 Gellius
1201 2625 1242 2658 N.
1276 2624 1315 2655 A.
1349 2625 1392 2663 X,
1425 2623 1479 2656 22.

836 2669 977 2700 Frustra
1007 2669 1230 2700 Heus-dius
1270 2680 1352 2700 corr.
1392 2667 1480 2700 ὅσον

838 2711 973 2745 παιδιᾶς
998 2711 1106 2754 χάριν.
1135 2715 1184 2746 Cf.
1212 2714 1254 2746 ad
1280 2724 1311 2756 p.
1338 2712 1415 2746 487.
1440 2715 1478 2746 Β.
