1687 2969
462 179 705 217 GORGIAS.
735 181 779 217 P.
811 182 903 217 461.
935 181 993 218 ed.
1025 181 1080 219 St.
1365 181 1440 218 127

101 286 246 338 λογίας
284 285 485 343 ἐναντίον
517 302 556 327 τι
593 285 752 340 συνέβη
794 286 840 328 ἐν
867 291 956 336 τοῖς
983 290 1146 341 λόγοιςς
1184 284 1306 330 τοῦθ’
1339 286 1362 329 ὃ
1392 288 1443 341 δὴ

99 351 276 404 ἀγαπᾷς,
307 350 440 400 αὐτὸς
461 352 635 406 αγαγὼν
657 351 724 393 ἐπὶ
743 360 917 393 τοιαῦτα
948 352 1204 407 ἐρωτήματα.
1235 353 1321 395 ἐπεὶ
1350 354 1445 394 τίνα

101 416 178 456 οἴει
226 417 548 470 ἀπαρνήσεσθαι
601 416 657 471 μὴ
699 417 792 471 οὐχὶ
830 417 900 459 καὶ
937 415 1069 459 αὐτὸν
1106 418 1355 460 ἐπίστασθαι
1393 419 1444 460 τὰ

99 481 241 522 δίκαια
281 482 352 524 καὶ
387 485 542 531 ἄλλους
579 484 780 534 &affligam
823 484 909 524 ἀλλ’
952 484 1008 532 εἰς
1046 484 1095 525 τὰ
1123 489 1299 525 τοιαῦτα
1327 487 1446 537 ἄγειν

100 545 235 600 πολλὴ
283 548 478 600 ἀγροικία
517 547 601 588 ἐστὶ
637 548 737 596 τοὺς
773 549 939 601 λόγους.
1008 551 1109 589 ΣΩ.
1163 541 1217 589 Ὧι
1256 552 1445 590 κάλλιστε

102 614 252 662 Πῶλε,
294 613 399 653 ἄλλα
433 629 498 654 τοι
527 612 756 667 ἐξεπίτηδες
783 614 980 666 κτώμεθα
1009 613 1202 666 ἑταίρους
1230 613 1300 655 καὶ
1328 615 1445 663 υἱεῖς,

99 677 183 726 ἵνα,
225 676 394 718 ἐπειδὰν
420 674 542 720 αὐτοὶ
569 679 845 731 πρεσβύτεροι
871 680 1117 733 γιγνόμενοι
1145 681 1446 732 σφαλλώμεθα,

99 743 307 794 παρόντες
343 743 462 796 ὑμεῖς
497 744 539 784 οῖ
563 745 758 797 νεώτεροι
787 743 1067 796 ἐπανορθοῦτε
1096 745 1217 798 ’ἡμῶν
1244 747 1320 785 τὸν
1350 746 1447 798 βίον

99 807 171 849 καὶ
199 807 245 848 ἐν
273 806 411 861 ἔργοις
435 809 504 850 καὶ
535 808 581 850 ἐν
609 810 761 862 λόγοι-ς.
794 809 859 850 καὶ
890 817 972 850 νῦν
1001 810 1039 850 εἴ
1064 827 1102 850 τι
1132 809 1212 863 ἐγὼ
1242 809 1312 851 καὶ
1342 813 1382 851 Γ
1378 825 1446 861 ορ-

98 942 294 974 BEFIW.
327 942 474 974 Vind.1.
499 941 529 974 2.
555 942 586 975 6.
621 943 717 974 Bodl.
744 944 832 985 Aug.
858 945 1067 974 Meermann.
1092 943 1183 975 Flor.
1210 943 1231 973 f.
1257 953 1283 974 s.
1307 954 1339 974 x.
1367 953 1445 974 eum

97 987 176 1018 edit.
200 988 278 1019 Bas.
302 986 332 1021 2.
376 988 489 1030 Vulgo
513 994 585 1019 erat
609 986 713 1028 ἄγων,
740 989 829 1029 quod
854 988 1075 1019 Heindorfius
1100 987 1312 1019 defendebat.

166 1029 267 1064 ἀλλά
300 1044 359 1063 τοι
392 1032 672 1075 ἐξεπίτηδες]
707 1034 802 1065 Bass.
836 1033 864 1067 1.
899 1034 929 1065 2.
971 1034 1060 1065 Flor.
1092 1045 1125 1064 X.
1157 1031 1240 1064 ἀλλά
1266 1046 1308 1069 τι,
1346 1033 1444 1064 male.

97 1078 188 1109 Dein
215 1078 329 1109 Clark.
356 1078 432 1109 Vat.
458 1079 542 1109 Ven.
571 1079 608 1110 Σ.

641 1079 702 1110 alii
733 1078 874 1119 ἐτέρους
909 1078 1004 1112 pleis.

1060 1079 1131 1109 Alii
1164 1078 1323 1118 ἑταίρους
1356 1078 1445 1109 ὐἱεῖς

96 1122 151 1155 vel
176 1122 315 1163 ἑτέρους
341 1124 394 1154 καὶ
425 1123 523 1161 υἱεῖς,
547 1124 637 1155 unde
662 1124 738 1154 vitii
762 1125 912 1166 origines
937 1134 1143 1166 cognoscere
1169 1124 1258 1154 licet.

167 1167 209 1199 οἱ
242 1167 447 1208 νεώτεροι
480 1168 556 1200 ἐπα
570 1181 612 1200 vo
627 1181 642 1209 ρ
656 1169 797 1212 stelle]

98 1224 201 1255 supra
224 1224 360 1245 versum
385 1212 630 1253 ἑπανυρθῶτε,
662 1214 752 1255 quod
777 1214 869 1245 dedit
894 1214 1037 1246 Bekker.

841 1171 915 1201 Par.
950 1170 973 1200 Ι.
1008 1168 1263 1209 ἐπαινορῐὴῦται.
1296 1170 1372 1200 Par.
1404 1169 1444 1199 V.

1086 1215 1129 1245 Et
1154 1215 1203 1246 sie
1228 1215 1329 1246 etiam
1355 1214 1444 1246 Flor.

99 1260 129 1290 b.
154 1270 186 1290 x.
214 1269 290 1290 cum
316 1259 365 1290 ed.
393 1260 469 1290 Bas.
494 1258 525 1291 2.
551 1260 714 1301 seriptum
739 1260 910 1291 exhibent.

165 1306 207 1336 D.
257 1305 325 1335 καὶ
356 1307 434 1336 νῦν
457 1305 503 1336 εἴ
526 1317 557 1336 τι
583 1305 682 1347 ἐγώ]
710 1305 823 1347 Steph.
852 1317 881 1335 re
908 1315 1028 1336 errore.

98 1428 266 1460 Nimirum
305 1428 467 1459 convenit
505 1427 590 1460 haee
632 1429 738 1460 oratio

99 1484 181 1504 sane
199 1473 249 1504 ori
266 1472 410 1504 calidius
430 1472 612 1514 loquentis.
650 1475 739 1505 Tum

98 1519 211 1549 ἔπειτα
245 1528 322 1549 cum
351 1518 386 1548 vi
416 1517 550 1549 illatum
562 1543 569 1558 ‚
602 1529 668 1559 quo
693 1518 738 1558 id,

98 1563 189 1604 quod
205 1573 248 1594 ex
265 1563 414 1605 Gorgiae
429 1564 643 1595 confessione
660 1574 739 1595 eon-

98 1612 259 1649 sequatur
269 1633 277 1648 ,
312 1618 391 1640 cum
415 1608 563 1649 quadam
595 1620 739 1651 exagge-

96 1655 229 1685 ratione
252 1653 474 1696 significetur.
518 1654 606 1685 Nam
631 1655 739 1686 solere

99 1699 212 1730 ἔπειτα
242 1699 310 1738 sie,
345 1699 493 1730 maxime
529 1704 606 1740 post
638 1701 740 1741 parti-

98 1744 197 1786 cipia,
214 1744 373 1785 usurpari
389 1743 431 1775 ad
447 1744 618 1775 Phaedon.
637 1755 670 1786 p.
687 1744 739 1777 76.

99 1790 137 1820 E.
171 1789 330 1820 docuisse
364 1789 528 1821 videmur.
582 1790 740 1831 Denique

98 1835 195 1870 ἴσως,
220 1834 260 1866 fo
269 1845 284 1865 r
293 1838 307 1865 t
315 1844 335 1865 a
345 1845 361 1866 s
370 1845 386 1865 s
398 1845 432 1874 e,
456 1835 557 1866 iterat
580 1835 739 1876 quodam-

98 1879 198 1911 modo
222 1889 460 1922 praegressum
483 1879 570 1910 illud
594 1881 671 1918 οἴει,
704 1881 739 1912 in

99 1935 166 1966 quo
209 1924 297 1956 nihil
321 1924 324 1926 ’
340 1929 392 1956 est
428 1935 489 1956 cur
528 1925 739 1957 haereamus.

98 1970 170 2002 Iam
200 1970 433 2012 interrogandi
463 1971 560 2012 signo
592 1976 669 2012 post
701 1970 740 2001 ἐν

99 2019 169 2048 τοῖς
201 2012 316 2057 λόγοις
350 2016 386 2046 in
421 2015 533 2047 locum
563 2016 739 2048 commatis

98 2060 281 2092 substituto
323 2060 424 2092 facile
464 2061 627 2092 concedes
665 2072 739 2093 sen-

99 2106 240 2137 tentiam
264 2105 332 2136 loci
356 2106 447 2136 hanc
471 2116 660 2148 emergere:
688 2118 706 2138 a
717 2117 738 2137 n

98 2154 244 2192 putas,
265 2155 495 2192 propterea
515 2151 623 2192 quod
645 2152 740 2183 Gor-

98 2197 194 2238 gias
219 2206 312 2228 cum
331 2195 495 2237 pudore
516 2195 739 2228 dubitavit

97 2251 180 2272 non
219 2251 297 2273 con
309 2240 460 2272 cedere
494 2242 645 2283 (negare)
684 2242 740 2272 v-i-

98 2296 190 2316 rum
266 2286 534 2317 rhetoricum
611 2287 738 2317 etiam

99 2331 220 2361 iusta
243 2331 422 2363 novisse
455 2335 495 2362 et
518 2331 674 2372 pulcra
699 2337 740 2362 et

98 2374 179 2407 bon
192 2385 228 2414 a,
261 2385 308 2407 ac
340 2377 376 2407 si
407 2376 504 2417 quis
528 2376 578 2407 ad
601 2377 738 2417 ipsum

99 2419 278 2452 accedat
298 2420 446 2452 harum
463 2432 601 2452 rerum
624 2422 739 2463 igna-

99 2476 187 2497 rum
200 2489 208 2504 ‚
266 2465 400 2497 fateri
453 2466 593 2507 ipsum
649 2477 739 2498 eum

99 2511 205 2542 haee
243 2520 335 2541 esse
369 2510 417 2542 do
429 2515 613 2550 cturum,
654 2515 739 2542 tum

98 2565 205 2587 vero
243 2566 291 2586 ex
329 2555 404 2586 hac
442 2556 537 2588 eius
570 2567 739 2588 conces-

100 2601 224 2633 sione
242 2600 507 2632 contrarium
524 2601 738 2642 quiddam,

99 2644 212 2687 quod
235 2649 398 2686 pugnet
422 2656 510 2677 cum
534 2645 738 2687 reliquis,

99 2694 409 2731 consequutum
439 2692 558 2722 esse?
594 2710 635 2714 —-
674 2692 739 2723 De-

807 1428 886 1459 inde
932 1425 1028 1459 zouff
1069 1426 1087 1459 ὅ
1135 1433 1298 1469 sequente
1344 1429 1447 1459 verbo

808 1473 904 1504 finito
935 1473 1061 1504 dicitur
1093 1478 1130 1504 ut
1154 1474 1227 1506 Lat.
1253 1473 1295 1504 id
1325 1473 1447 1515 quod.

809 1518 1029 1560 Comparavit
1053 1519 1143 1549 hane
1168 1520 1202 1550 in
1228 1529 1299 1550 rem
1323 1520 1449 1550 Hein-

809 1564 979 1595 dorfius
1005 1564 1145 1596 Theaet.
1170 1575 1201 1605 p.
1219 1563 1293 1596 172.
1309 1565 1352 1595 D.
1395 1565 1448 1595 De

808 1609 890 1650 Rep.
915 1609 954 1640 V.
988 1620 1020 1650 p.
1044 1608 1119 1640 4612.
1145 1610 1204 1649 D.,
1236 1609 1360 1650 quibus
1393 1609 1449 1640 ad-

810 1654 936 1684 didisse
972 1653 1103 1685 iuvabit
1137 1655 1225 1685 Tim.
1260 1665 1291 1695 p.
1324 1654 1378 1686 61.
1409 1655 1447 1685 E.

809 1699 889 1730 Crit.
917 1698 992 1731 116.
1018 1699 1053 1730 C.
1090 1699 1310 1740 Aristoph.
1335 1699 1450 1731 Nubb.

809 1755 839 1775 v.
859 1742 942 1776 373:
969 1741 1035 1775 dm!
1051 1743 1137 1777 dats
1152 1742 1169 1776 ὁ
1190 1745 1352 1785 βροντῶν
1368 1743 1448 1781 ἐστι,

810 1787 962 1829 φράσον,
994 1787 1091 1820 ΤυῠιΨ
1127 1788 1144 1821 ὅ
1168 1801 1208 1828 με
1234 1794 1326 1821 ποιεῖ
1348 1801 1450 1830 utne-

809 1837 954 1873 μιαίνειν.
992 1835 1072 1865 Vov.
1100 1833 1142 1877 δή
1166 1839 1290 1874 autem,
1315 1838 1351 1866 ut
1375 1836 1449 1866 Lat.

809 1879 1003 1919 scilicet,
1066 1881 1233 1911 irrisionis
1285 1880 1450 1912 indicium

809 1925 899 1955 facit.
942 1925 1099 1966 Denique
1125 1925 1215 1966 quod
1239 1926 1352 1966 recepi
1376 1926 1449 1967 plu-

808 1971 969 2001 rimorum
1019 1980 1201 2011 eorumque
1245 1971 1449 2011 optimorum

806 2015 971 2047 librorum
1004 2014 1184 2046 lectionem
1211 2013 1368 2058 ἀγαγών,
1407 2017 1448 2047 ab

808 2061 840 2091 H
850 2071 867 2091 e
878 2063 918 2091 in
929 2060 949 2091 d
959 2072 977 2091 0
989 2072 1004 2091 r
1013 2061 1063 2091 fii
1089 2062 1258 2092 sententia
1274 2061 1450 2092 disceden-

807 2106 887 2136 dum
911 2106 994 2144 fuit,
1027 2106 1086 2147 qui
1109 2112 1259 2147 tempore
1283 2106 1339 2137 hie
1364 2116 1449 2147 opus

808 2161 880 2182 esse
935 2150 1120 2182 arbitratur
1167 2151 1449 2182 consuetudinem

808 2195 978 2236 quandam
988 2195 1212 2237 significante,
1226 2207 1294 2227 non
1304 2200 1450 2238 praeter-

808 2242 891 2272 itam
922 2242 1099 2273 actionem.
1143 2242 1279 2272 Etenim
1304 2242 1450 2273 aoristus

808 2285 969 2326 quoniam
994 2285 1036 2317 ad
1062 2287 1231 2318 actionem
1255 2286 1449 2318 idemtidem

808 2331 985 2371 repetitam
1009 2331 1163 2372 refertur,
1195 2336 1227 2363 et
1251 2333 1323 2373 ipse
1347 2332 1451 2363 moris

809 2380 841 2406 et
876 2375 1134 2407 consuetudinis
1166 2377 1450 2419 significationem

809 2419 935 2451 habere
961 2421 1056 2452 solet.

854 2466 891 2496 C.
941 2465 982 2496 οἱ
1020 2464 1227 2507 νεώτεροι
1262 2466 1450 2507 ἐπανορ-

812 2511 932 2542 {rofre
956 2507 1027 2553 ἦα]
1049 2512 1152 2543 Recte
1166 2513 1201 2543 in
1215 2512 1312 2546 codd.
1325 2512 1452 2554 legitur

809 2554 1089 2596 ἐπανορθοῖτε,
1115 2557 1205 2598 quod
1223 2557 1451 2589 Heindorf.

808 2600 992 2632 Bekker.
1025 2602 1112 2633 Ast.
1147 2602 1208 2633 alii
1238 2603 1274 2633 in
1300 2601 1450 2643 ἐπανορ-

809 2645 901 2677 θῶτε
931 2650 1115 2678 mutarunt.
1160 2648 1246 2678 Nam
1278 2647 1451 2688 optativus

807 2694 884 2731 post
914 2691 1099 2733 particulas
1130 2691 1251 2723 finales
1275 2692 1311 2722 in
1335 2692 1450 2723 huius-
