1687 2969
423 114 840 159 PHAEDRUS.
873 117 924 159 P.
965 120 1045 159 ‘239
1079 116 1144 159 St.
1410 119 1461 159 57

105 234 421 290 υποδεέστερον
455 232 527 277 ἀεὶ
563 230 871 290 ἀπεργάζεται.
906 231 1050 286 ἥττων
1089 237 1134 278 δὲ
1169 232 1361 291 ἀμαθὴς
1389 250 1464 278 σο-

104 301 212 360 φοῦ,
232 299 373 352 δειλὸς
396 299 616 358 ἀνδρείου,
650 298 876 351 ἀδύνατος
905 305 1040 344 εἰπεῖν
1059 299 1312 360 ῥητορικοῦ,
1350 304 1464 358 βρα-

105 364 181 418 δὺς
211 365 412 424 ἀγχίνυυ.
449 365 672 411 τοσούτων
710 369 856 411 κακῶν
890 371 963 411 καὶ
999 371 1062 411 ἔτι
1098 368 1312 412 πλειόνων
1346 368 1462 412 κατὰ

104 450 187 488 την
216 434 423 479 διάνοιαν
460 431 652 492 ἐραστὴν
687 439 884 517 ἐρωμένη)
922 434 1094 490 ἀνάγκη
1129 453 1199 491 712¹
1203 442 1397 492 νομένων
1417 453 1462 480 τε

105 504 178 545 καὶ
223 501 350 560 ᾳύσει
385 500 576 546 ἐνόντων
611 502 698 544 τῶν
742 504 823 557 μὲν
866 500 1084 555 ἣδεσθαι,
1134 519 1189 545 τα
1236 505 1281 546 δὲ
1316 520 1463 560 παρα-

105 568 339 622 σκευαζειν,
375 566 402 623 ὴ
439 570 677 625 στέοεσθαι
706 570 785 612 τοῦ
811 574 1064 626 παραυτίκα
1097 568 1232 623 ἡδέος.
1288 573 1461 629 φθονε-

106 634 188 693 ρὸν
223 635 274 690 δὴ
309 635 483 689 ἀνάγκη
520 634 642 686 εἶναι,
678 638 750 679 καὶ
787 639 962 680 πολλῶν
995 640 1075 694 μὲν
1113 635 1260 680 ἄλλων
1303 653 1464 682 συνου-

107 704 213 747 σιῶν
247 703 519 761 άπείργοντα
537 705 610 746 καὶ
631 701 876 762 ὠφελίμων,
899 703 1016 747 ὅθεν
1047 702 1104 748 ἄν
1134 703 1311 760 μάλιστ’
1347 703 1462 759 ἀνὴρ

105 772 314 826 γίγνοιτο,
358 768 548 828 μεγάλης
589 769 736 814 αἴτιον
781 770 890 815 εἶναι
936 771 1121 827 βλάβης,
1165 776 1369 826 μεγίστης
1418 774 1464 814 δὲ

105 839 184 891 τῆς
228 837 345 883 ὅθεν
386 835 446 882 ἂν
488 835 830 898 φρονιμώτατος
877 838 958 892 εἴη.
1013 842 1149 884 τοῦτο
1194 841 1255 904 δὲέ
1284 838 1310 892 ἡ
1355 842 1464 883 θεία

108 982 223 1018 Codd.
246 982 310 1015 τὸν
335 983 350 1014 ἐ
379 1006 387 1016 .

199 1031 235 1062 Ρ.
260 994 371 1064 239.ρ
386 1029 453 1062 ἀεὶ
477 1025 758 1072 ἆπεργᾰζετα
769 1027 799 1072 ι]
827 1029 945 1073 steph.
979 1031 1147 1073 probante
1168 1029 1343 1071 Hirscliig.
1364 1028 1468 1071 ἀπερ-

109 1072 263 1118 γάσεται,
289 1075 399 1108 invitis
424 1075 610 1110 codicibus.

200 1119 386 1164 ἐραστὴν
411 1122 608 1164 ἐρωμένῳ
635 1119 719 1164 cha]
747 1121 786 1154 V.
803 1123 867 1153 τοῦ
885 1120 1090 1166 ῥαστοῦτῷ
1115 1122 1268 1165 ἐρωμένῳ
1285 1120 1350 1162 ὡκ,
1375 1120 1466 1162 quod

109 1176 187 1200 cum
217 1167 376 1200 Bekkero
411 1178 452 1200 ex
482 1167 580 1201 Bodl.
614 1172 649 1200 et
683 1168 806 1199 ceteris
833 1167 932 1200 codd.
959 1168 1031 1201 fere
1059 1167 1218 1201 omnibus
1246 1168 1467 1201 mutavimus.

111 1212 196 1246 Dein
225 1212 325 1248 Bodl.
350 1223 456 1256 prave
479 1212 512 1244 ἓν
536 1213 644 1246 ὄντων
670 1222 732 1256 pro
758 1211 913 1248 ἐνόντων.

109 1326 223 1360 Verba
250 1327 336 1361 lnmc
370 1329 403 1361 in
437 1327 578 1362 modum
615 1328 756 1369 iungan-

108 1377 183 1409 iur·
214 1372 345 1417 ἀνάγκη
376 1373 539 1418 ἐραστήν,
579 1373 757 1407 τοσούτων

108 1423 218 1451 κακῶν
241 1420 299 1451 καὶ
329 1420 380 1452 ἔτι
404 1420 567 1452 πλειόνων
599 1422 755 1463 ἰρωιιενῳ

108 1468 316 1508 γιγιομένων
346 1478 382 1498 τε
405 1466 463 1498 καὶ
487 1465 590 1509 φύσει
613 1467 757 1498 ἐιόιτων

110 1510 197 1542 κατὰ
224 1510 287 1552 τὴν
311 1511 490 1551 διάνοιαν
512 1516 579 1544 τῶν
602 1516 660 1553 μὲν
685 1515 754 1552 (sc.

111 1555 214 1600 φύσει
237 1557 404 1612 ἐνόντων)
445 1556 618 1599 ἥδεσθαι,
648 1571 690 1590 τι
718 1559 757 1590 δὲ

112 1604 183 1646 (sc.
223 1601 427 1646 γιγνόμενα)
475 1603 755 1644 παρασκευάζειν.

111 1649 495 1691 Quuminquit‚tam
514 1652 652 1682 multa
674 1661 754 1682 ma-

113 1696 148 1727 la
165 1693 364 1737 adeoque
381 1696 506 1738 plura
524 1694 754 1732 amatiani—

109 1747 174 1776 mo
194 1741 258 1773 vel
283 1741 579 1774 accidantvel
601 1747 753 1774 natura

111 1786 271 1827 insint,
335 1797 516 1829 prorsus
565 1798 754 1821 necesse

111 1836 178 1865 est
247 1836 486 1865 amatorem
567 1834 752 1875 alteris,

110 1887 223 1920 quae
286 1889 306 1911 a
359 1882 518 1911 natura
566 1879 754 1922 profici-

112 1927 314 1964 scantur,
339 1923 554 1966 gaudere‚
589 1926 753 1967 altera,

111 1979 220 2011 quae
295 1971 584 2002 extrinsecus
641 1972 752 2003 acci-

112 2015 441 2055 dant,efficere
458 2016 753 2051 studere.Sen-

111 2061 218 2093 tentia
250 2061 353 2103 igitur
389 2063 478 2094 clara
520 2066 574 2094 est
614 2066 648 2094 et
673 2073 751 2106 per-

112 2107 225 2149 picua.
287 2107 358 2139 Sed
407 2107 554 2139 offendit
603 2106 756 2148 ἥδεσθαι

113 2162 189 2185 cum
215 2152 364 2194 genitivo
390 2157 638 2186 constructum.
689 2155 757 2186 lta—

112 2198 485 2239 queHeindorfius
503 2200 756 2235 correxitrnic

112 2244 174 2285 μὲν
226 2242 390 2283 ἧᾘδεσθαι
462 2244 756 2287 Hirscliigius

114 2292 228 2321 autem
255 2289 298 2321 de
324 2300 386 2322 suo
415 2290 554 2332 scripsit
578 2294 657 2322 τῶν
681 2293 757 2333 μὲν

113 2332 356 2375 κήδεσθαι,
382 2337 528 2369 altera
555 2337 759 2369 sollicite

115 2379 274 2412 iuvare
312 2384 442 2423 atque
486 2383 620 2415 alere.
685 2382 759 2415 Nec

115 2424 253 2457 dubium
295 2429 367 2466 est,
414 2428 616 2460 alterutrum
660 2428 686 2460 si
726 2428 757 2459 in

115 2469 217 2504 codd.
243 2475 337 2503 esset
364 2476 559 2514 repertum,
586 2473 665 2515 quin
693 2474 757 2506 loci

115 2516 286 2558 scriptura
336 2517 556 2558 acquiescere
624 2520 754 2551 liceret.

114 2560 212 2595 Nunc
237 2571 318 2594 vero
347 2561 438 2594 libris
456 2564 614 2596 omnibus
634 2564 757 2597 adver-

116 2607 270 2639 santibus
285 2606 435 2648 ἥδεσθαι
453 2609 550 2642 unice
558 2609 757 2651 tenendum,

117 2653 208 2694 quod
224 2653 423 2686 insolentius
442 2654 591 2696 genitivo
605 2655 756 2688 iunctum

118 2701 171 2731 est
187 2702 225 2731 ut
238 2698 453 2740 χολοῦσθαι,
475 2697 599 2742 ἀλγεῖν,
618 2700 755 2742 ζηλοῦν,

823 1329 983 1372 ἄγασθαι
1007 1328 1084 1367 alia,
1104 1328 1146 1362 de
1167 1328 1288 1371 quibus
1307 1339 1336 1361 v.
1358 1329 1468 1362 Mat-

825 1375 944 1408 thiae
970 1375 1032 1406 Gr.
1059 1374 1120 1408 Gr.
1149 1378 1180 1416 §-
1207 1375 1285 1410 368.
1337 1375 1468 1408 Eadem

825 1420 1084 1454 constructione
1143 1432 1224 1453 usus
1285 1426 1339 1454 est
1393 1422 1468 1452 So-

825 1466 964 1509 phocl.
1006 1466 1150 1501 l’luiloct.
1193 1467 1271 1501 715.
1309 1464 1348 1503 ὃς
1389 1466 1470 1509 μηδ’

825 1511 1008 1552 οἰνοχότου
1033 1511 1196 1554 πώματος
1233 1511 1327 1555 ἥσθη
1354 1512 1471 1554 δεκέτη

820 1557 967 1600 χρόνον,
1015 1568 1117 1599 quem
1177 1560 1290 1591 locuni
1348 1558 1470 1590 Butt-

824 1614 959 1636 mann.
993 1605 1216 1645 comparavit.
1266 1604 1316 1636 De
1351 1604 1470 1636 ordine

823 1651 1005 1683 verborum
1041 1651 1226 1692 paullulum
1255 1650 1471 1693 impeditiore

824 1696 961 1738 egregie
989 1696 1017 1728 H
1036 1696 1167 1728 eindo
1181 1696 1226 1728 rfi
1240 1706 1307 1727 us:
1357 1695 1469 1735 „lnud

824 1740 1011 1785 ἐραστιίν,“
1038 1742 1157 1784 inquit,
1186 1747 1291 1782 „ante
1319 1742 1470 1783 ἐρωμένῳ

822 1788 970 1831 positum
1005 1792 1058 1820 est
1095 1799 1136 1820 ex
1170 1798 1267 1820 more
1299 1788 1357 1820 illo
1381 1787 1470 1818 anti-

823 1844 966 1875 quorum
1019 1833 1176 1876 iungendi
1218 1832 1468 1876 praeponendi-

821 1890 889 1922 que
923 1879 1061 1912 verbum
1090 1880 1216 1919 verbo,
1252 1889 1375 1911 nomen
1409 1890 1471 1911 ιιο-

821 1925 921 1965 mini,
964 1935 1051 1967 quae
1083 1930 1163 1957 sunt
1206 1925 1295 1957 inter
1333 1936 1371 1958 se
1412 1929 1472 1957 aut

824 1971 992 2004 contraria
1023 1975 1080 2003 aut
1103 1971 1235 2010 similia,
1262 1975 1321 2003 aut
1356 1972 1472 2012 aliquo

823 2017 926 2050 modo
954 2017 1014 2049 sibi
1039 2016 1267 2059 respondent:
1296 2016 1385 2049 unde
1409 2027 1472 2048 no-

821 2063 872 2095 bis
889 2062 1020 2104 quidem
1046 2064 1192 2095 moleste
1210 2062 1378 2094 interdum
1397 2072 1475 2094 ver-

826 2109 946 2141 borum
976 2108 1061 2140 ordo
1081 2109 1272 2141 turl)atur.“
1291 2126 1334 2132 —-
1363 2105 1472 2139 κατὰ

825 2153 1034 2187 διάνοιαν
1068 2152 1153 2185 infra
1178 2164 1210 2193 p.
1239 2152 1319 2187 239.
1345 2153 1383 2185 C.
1412 2164 1474 2195 ορ-

825 2200 962 2242 ponitur
987 2202 1028 2240 τῇ
1054 2201 1119 2231 τοῦ
1138 2197 1296 2240 σώματος
1315 2198 1389 2240 ἕξει,
1410 2209 1475 2231 usu

827 2246 1050 2287 pervulgato,
1101 2254 1203 2285 quem
1255 2244 1475 2277 Heindor-

827 2291 918 2323 fius
946 2291 1085 2331 copiosa
1120 2292 1357 2332 exemplorum
1393 2301 1476 2323 enu—

828 2336 1024 2369 meratione
1054 2336 1245 2368 illustravit.
1278 2347 1308 2370 v.
1327 2337 1477 2379 DeRep.

831 2383 859 2415 ιι
891 2381 968 2415 371
986 2382 1027 2413 D
1049 2381 1107 2415 ιιι.
1122 2381 1199 2415 395
1218 2382 1259 2414 Ε.
1277 2382 1397 2461 ieggE
1404 2383 1478 2416 vn.

827 2427 906 2461 816
938 2428 977 2459 D.
1002 2427 1063 2459 Xl.
1094 2427 1172 2463 916.
1199 2432 1238 2462 A.
1266 2428 1344 2463 925.

873 2518 914 2550 Β.
984 2517 1199 2560 μεγίστης
1282 2520 1323 2552 δὲ
1401 2522 1477 2560 τῆς

826 2561 1009 2606 ὁ’θεν-]
1046 2564 1200 2598 Breviter
1238 2565 1363 2598 dictum
1392 2575 1474 2607 pro:

824 2609 986 2652 μεγίστης
1012 2610 1047 2642 δὲ
1070 2609 1202 2653 βλάβης
1220 2613 1352 2653 (αἴτιον
1370 2608 1476 2651 εἶναι)

824 2655 1033 2698 ἀπείργοντα
1065 2655 1107 2687 τὰ
1136 2657 1279 2690 παιδικὰ
1314 2659 1375 2696 τῆς
1400 2668 1477 2688 συν-

825 2701 962 2741 ουσίας,
1018 2699 1107 2734 ὅθεν
1159 2703 1230 2737 κτλ,
1305 2702 1390 2735 Dein
1436 2700 1477 2732 ὃν
