1687 2969
781 198 821 201 —
893 177 1007 215 LXXX
1078 196 1120 201 -

283 306 426 331 earum
482 289 675 345 exemplo
725 288 1067 341 demonstratur,
1113 303 1255 330 verani
1320 289 1490 331 dicendi
1537 290 1622 332 vim

283 349 342 390 ita
362 347 533 388 demum
564 347 759 400 existere,
781 346 817 388 si
839 346 1022 388 orationi
1043 346 1095 387 ab
1128 345 1269 387 animo
1293 345 1497 388 divinitus
1519 362 1621 389 con-

283 406 414 447 citato
458 410 499 445 et
533 403 743 445 celsarum
776 418 919 444 rerum
953 401 1097 443 studio
1131 408 1173 443 et
1203 403 1464 458 cogitatione
1493 403 1621 459 pleno

281 469 498 515 tamquam
539 460 629 501 vita
669 466 712 501 et
753 459 929 515 spiritus
974 458 1177 511 accedat,
1218 458 1278 499 ita
1325 466 1373 500 ut
1411 474 1622 501 summum

282 516 616 573 philosophandi
644 516 806 558 fontem
846 516 889 556 in
931 514 1077 556 divino
1117 530 1259 556 amore
1298 515 1485 571 positum
1517 532 1622 557 eun-

283 575 379 616 dem
418 575 538 615 illum
582 588 674 614 esse
720 572 947 625 doceatur,
994 587 1018 612 a
1057 587 1141 626 quo
1184 572 1321 613 omnis
1353 572 1524 613 dicendi
1554 573 1620 615 vis

283 646 455 673 manare
497 629 781 671 existimanda
831 628 897 670 sit.
969 627 1303 670 Considerantes
1334 629 1446 669 enim
1476 629 1621 685 paullo

283 688 532 743 diligentius
561 702 728 727 omnem
758 686 975 742 Lysianae
1005 685 1166 740 pariter
1196 691 1324 740 atque
1355 686 1508 741 prioris
1541 685 1622 729 So-

284 746 467 787 craticae
513 743 720 785 orationis
767 742 1001 784 dictionem
1043 742 1167 783 facile
1218 742 1621 797 animadvertemus,

286 803 380 843 illas
412 801 585 854 utique,
618 799 708 841 sive
739 799 1002 851 sententias,
1037 814 1145 853 quae
1174 798 1337 853 insunt,
1369 799 1459 840 sive
1491 799 1624 841 verba

284 865 327 900 et
357 857 654 909 elocutionem,
688 871 814 910 quani
834 855 1008 907 habent,
1030 861 1288 910 spectemus,
1310 855 1416 896 mira
1439 855 1624 910 quadam

284 916 479 957 laborare
519 913 744 966 tenuitate,
786 912 1031 965 ieiunitate,
1070 912 1276 967 languore
1317 911 1528 967 denique,
1576 918 1625 954 ut

284 986 418 1027 prope
449 984 689 1024 exsangues
721 974 763 1010 et
791 968 911 1010 vitali
942 968 1096 1023 spiritu
1122 968 1352 1010 destitutae
1382 969 1623 1010 videantur.

283 1029 398 1070 Nam
428 1026 621 1083 Lysiana
653 1024 826 1080 quidem
859 1024 1113 1066 declamatio
1133 1026 1221 1066 fere
1247 1025 1364 1066 humi
1393 1026 1526 1081 repit;
1556 1041 1623 1068 res

286 1083 559 1141 quotidianas
582 1097 631 1124 ac
651 1081 846 1123 sordidas
875 1082 1075 1132 rimatur3
1108 1081 1288 1138 frigidas
1320 1087 1466 1137 captat
1497 1098 1624 1139 argu-

273 1143 388 1195 tias,
431 1140 532 1181 dum
563 1139 798 1180 artificiosa
827 1138 896 1179 vel
926 1138 1149 1194 ingeniosa
1178 1138 1314 1180 videri
1348 1139 1459 1189 vult3
1489 1154 1624 1195 parva

285 1205 328 1240 et
356 1197 554 1246 humilia,
592 1196 677 1236 imo
712 1196 840 1236 etiam
871 1194 1040 1236 abiecta
1072 1201 1199 1250 atque
1229 1195 1372 1251 turpia
1402 1202 1624 1238 consecta—

285 1262 376 1306 tur3
420 1253 604 1308 denique
639 1253 682 1293 in
720 1267 885 1293 summa
921 1251 1062 1293 laudis
1102 1252 1312 1293 oratoriae
1352 1251 1623 1294 affectatione

284 1319 429 1354 tamen
468 1325 616 1351 revera
655 1309 697 1351 vi
742 1307 914 1350 dicendi
945 1309 1116 1349 omnino
1152 1314 1282 1350 caret.
1343 1308 1518 1365 Quippe
1549 1309 1624 1350 ha-

285 1369 359 1411 bet
388 1383 438 1410 ea
467 1366 572 1408 nihil
603 1365 860 1421 quidquam,
893 1364 1010 1419 quod
1040 1371 1114 1406 aut
1142 1371 1325 1406 mentem
1356 1366 1524 1407 erudiat
1551 1371 1625 1407 aut

286 1426 472 1467 animum
503 1428 675 1465 moveat
713 1428 787 1463 aut
826 1422 1014 1463 studium
1054 1428 1097 1463 et
1133 1422 1400 1463 voluntatem
1440 1422 1495 1464 ad
1536 1438 1624 1464 me-

285 1483 394 1524 liora
434 1481 582 1522 flectat
624 1485 753 1534 atque
785 1478 955 1535 dirigat.
1015 1478 1113 1520 Nec
1143 1494 1244 1520 vero
1276 1479 1410 1521 multo
1444 1479 1527 1521 alia
1555 1494 1623 1521 ra-

284 1540 344 1581 tio
386 1544 452 1580 est
487 1536 641 1592 prioris
674 1536 878 1577 orationis
917 1534 1179 1578 Socraticae.
1240 1535 1364 1588 Quae
1396 1536 1477 1577 etsi
1507 1541 1625 1578 caret

283 1596 400 1637 vitiis
441 1594 525 1635 illis
565 1593 827 1645 dialecticis,
873 1592 1028 1647 quibus
1069 1593 1228 1634 referta
1261 1598 1326 1634 est
1355 1593 1517 1649 Lysiae
1549 1592 1624 1634 de-

284 1651 509 1704 clamatio,
557 1656 697 1691 tamen
737 1649 940 1704 quoniam
977 1649 1022 1689 in
1060 1648 1211 1690 eodem
1263 1650 1416 1691 amoris
1467 1664 1623 1706 genere

281 1716 410 1765 atque
451 1707 646 1764 Lysiana
686 1706 822 1747 oratio
871 1711 1065 1747 versatur
1102 1705 1314 1762 planeque
1345 1705 1457 1747 idem
1496 1721 1625 1762 argu-

281 1776 471 1808 mentum
503 1769 683 1817 tractat,
715 1763 810 1818 ipsa
841 1777 1012 1818 quoque
1045 1769 1111 1804 est
1140 1762 1373 1804 admodum
1402 1762 1622 1820 languida,

283 1822 403 1865 arida
433 1827 562 1876 atque
594 1819 766 1861 humilis
797 1835 876 1861 nec
908 1834 1090 1873 usquam
1121 1819 1248 1861 altius
1279 1820 1488 1875 assurgit,
1520 1820 1625 1861 licet

284 1880 487 1923 Socrates
526 1875 763 1918 identidem
802 1876 1024 1917 celsiorem
1065 1875 1293 1930 quemdam
1333 1876 1529 1932 spiritum
1573 1890 1623 1918 ac

285 1936 463 1978 deorum
501 1933 694 1974 afflatum
725 1932 918 1982 simulet3
959 1931 1004 1972 id
1045 1932 1161 1986 quod
1200 1948 1285 1974 non
1325 1933 1418 1975 sine
1467 1931 1624 1975 callida

285 1993 479 2035 irrisione
509 1990 570 2031 ita
601 1990 653 2031 ab
687 2004 737 2031 eo
769 1989 863 2030 fieri
898 1988 1002 2030 satis
1032 1995 1229 2045 apertum
1270 1995 1484 2045 putamus.
1542 1989 1624 2031 Ni·

281 2050 435 2092 mirum
464 2062 565 2088 vera
594 2060 751 2102 parens
785 2045 1056 2100 eloquentiae
1085 2045 1174 2087 vita
1205 2051 1247 2087 et
1278 2046 1431 2102 spiritu
1462 2046 1623 2087 anima-

281 2114 351 2148 tae
395 2111 438 2147 et
476 2104 527 2145 in*
559 2103 710 2145 animis
749 2102 968 2144 hominum
1006 2117 1106 2143 vere
1148 2103 1339 2145 efficacis
1383 2108 1450 2145 est
1501 2117 1621 2144 mens

282 2163 479 2220 gravium
510 2160 823 2217 dignarumque
854 2174 995 2200 rerum
1029 2174 1160 2201 sensu
1191 2165 1233 2200 et
1263 2160 1525 2216 cogitatione
1555 2174 1622 2200 re-

282 2222 416 2269 ferta3
458 2233 543 2273 qua
576 2217 612 2258 si
644 2217 739 2271 quis
768 2223 934 2269 careat,
967 2231 1071 2269 nae,
1104 2216 1155 2270 is,
1188 2216 1354 2258 etiamsi
1386 2216 1528 2258 omnia
1558 2215 1623 2256 di-

282 2275 408 2319 cendi
446 2273 629 2316 artificia
664 2273 708 2314 in
747 2278 970 2314 numerato
1000 2272 1180 2325 habeat,
1221 2279 1364 2315 tamen
1408 2273 1515 2314 nihil
1551 2287 1623 2314 us-

284 2348 413 2388 quam
451 2331 597 2387 magni
635 2335 678 2371 et
716 2329 950 2386 praeclari,
991 2329 1097 2370 nihil
1138 2329 1254 2384 quod
1295 2330 1482 2371 animum
1522 2344 1622 2371 vere

282 2395 454 2431 moveat
492 2394 534 2430 et
577 2386 631 2428 ad
661 2402 803 2428 rerum
832 2385 1074 2428 sublimium
1117 2386 1411 2440 celsarumque
1441 2385 1623 2428 medita-

282 2447 446 2487 tionem
478 2444 649 2497 evehat,
681 2443 768 2485 ullo
800 2442 928 2485 modo
960 2442 1134 2495 efficiet,
1166 2442 1446 2497 haerebitque
1477 2442 1622 2499 potius

281 2503 326 2544 in
357 2502 463 2555 luto,
497 2499 612 2542 unde
641 2500 807 2541 etiamsi
838 2514 1053 2556 emergere
1075 2499 1334 2553 connitatur,
1365 2506 1508 2541 tamen
1528 2514 1621 2541 sese

281 2575 368 2601 non
398 2558 538 2614 possit
568 2556 694 2598 altius
727 2557 934 2599 attollere.
995 2554 1130 2598 Cuius
1161 2556 1399 2598 sententiae
1429 2555 1622 2598 testimo-

282 2616 400 2657 nium
430 2615 522 2670 ipse
552 2628 724 2668 quoque
764 2613 966 2656 Socrates
998 2613 1184 2655 exhibet.
1245 2613 1289 2655 Is
1323 2613 1435 2654 enim
1464 2612 1538 2654 ubi
1568 2612 1621 2653 de

283 2688 327 2714 re
358 2671 522 2724 humili,
557 2668 730 2712 sordida
757 2685 807 2712 ac
837 2686 986 2726 parum
1015 2669 1260 2711 verecunda
1288 2670 1447 2711 invitus
1479 2668 1621 2710 dicere

283 2735 458 2771 coactus
490 2733 577 2780 est,
608 2726 709 2766 licet
741 2727 844 2768 vitia
874 2743 897 2768 a
929 2726 1062 2783 Lysia
1093 2726 1135 2767 in
1167 2726 1404 2767 dialecticis
1436 2725 1621 2767 admissa
