1687 2969
772 201 814 205 —
887 180 1020 220 LXVIII
1092 201 1132 206 -—

280 294 500 351 descripti,
533 309 778 351 germanam
809 295 938 337 animi
977 296 1077 350 vim,
1110 310 1195 350 qua
1224 295 1293 337 ille
1323 294 1377 336 ad
1409 294 1625 338 diviniora

281 351 533 405 contendat,
575 351 760 407 imagine
804 352 908 393 satis
946 353 1175 408 perspicua
1207 352 1313 408 (vid.
1344 369 1385 409 p.
1432 353 1528 395 246.
1567 352 1619 394 C.

279 409 336 451 D.
378 409 473 450 248.
514 409 567 450 B.
600 406 650 449 C.
681 409 774 452 249.
806 409 881 463 Α.)
922 409 1150 466 designare
1181 408 1490 451 existimandae
1520 410 1619 451 sint.

279 465 492 507 Nimirum
528 471 577 506 ut
618 464 725 506 nihil
764 464 818 507 de
859 481 908 507 eo
949 465 1166 519 dicamus,
1208 465 1325 520 quod
1355 466 1460 507 haec
1490 466 1620 507 animi

278 522 443 579 speeies
475 527 518 563 et
543 522 686 577 imago
718 521 999 578 descriptioni
1035 523 1148 564 vitae
1181 522 1357 564 deorum
1387 528 1430 563 et
1457 523 1620 564 animo·-

277 595 371 620 rum
423 579 717 620 sollertissime
772 585 1056 635 attemperata
1107 585 1193 633 est,
1244 579 1424 621 inservit
1470 579 1620 620 eadem

277 636 347 677 vel
385 636 593 691 imprimis
636 636 763 677 etiam
805 636 1072 678 illustrandis
1103 636 1259 678 amoris
1292 636 1426 678 divini
1456 636 1620 677 caussis

279 699 322 735 et
353 693 613 748 originibus,
647 691 998 747 quandoquidem
1027 692 1128 734 inde
1157 693 1384 749 perspicue
1414 692 1618 748 intelligi-

277 756 370 803 tur,
402 751 488 791 vim
519 749 648 790 animi
677 749 852 790 humani
882 765 1084 805 capacem
1116 750 1290 804 quidem
1319 750 1432 791 vitae
1463 748 1620 791 divini-

277 807 363 848 oris
395 812 438 848 et
468 806 660 848 celsioris
689 806 999 862 intelligentiae
1030 807 1248 860 extitisse,
1291 805 1368 848 sed
1399 821 1449 847 ea
1475 813 1620 847 tamen

277 864 473 905 laborare
517 862 834 916 imbecillitate,
875 869 924 904 ut
952 869 1129 919 propter
1159 863 1439 919 cupiditatem
1470 862 1525 904 ad
1554 863 1620 903 in-

276 920 432 961 feriora
469 919 638 960 labatur
674 919 902 961 fatiscente
942 920 1164 976 paullatim
1202 921 1349 961 nativo
1379 935 1522 961 rerum
1552 919 1618 960 di-

276 977 470 1017 vinarum
501 975 722 1031 appetitu;
762 991 814 1017 ex
854 991 940 1030 quo
979 976 1074 1032 ipso
1115 976 1306 1019 divinum
1335 976 1620 1032 philosopho-

276 1049 369 1074 rum
408 1047 595 1074 amorem
634 1032 871 1074 secundum
909 1033 1137 1074 Platonem
1180 1033 1365 1074 traxisse
1409 1033 1619 1088 originem

274 1089 506 1144 unicuique
545 1094 742 1145 apertum
785 1104 878 1132 esse
919 1089 1228 1131 existimamus.
1299 1090 1393 1131 Iam
1424 1105 1542 1138 *vero
1582 1091 1619 1131 si

273 1147 519 1201 quaerit-ur,
560 1160 765 1200 quorsum
802 1145 979 1187 tandem
1019 1146 1231 1202 pertineat
1270 1146 1503 1202 magnifica
1545 1146 1619 1187 illa

273 1203 507 1259 descriptio
548 1203 662 1244 vitae
705 1202 943 1244 animorum
975 1203 1208 1259 superioris
1238 1220 1279 1259 p.
1313 1204 1408 1244 246.
1437 1203 1490 1244 E.
1521 1217 1616 1258 sqq.

273 1275 458 1315 quacum
499 1259 737 1301 arctissime
779 1260 1011 1302 coniuncta
1065 1266 1131 1301 est
1178 1259 1355 1315 grandis
1405 1259 1618 1314 quaedam

271 1318 440 1374 pictura
476 1316 667 1358 universi
704 1315 854 1357 mundi
893 1322 981 1357 tam
1025 1316 1309 1373 intelligibilis
1361 1332 1489 1371 quan]
1540 1316 1616 1357 ad-

272 1373 546 1430 spectabilis,
587 1379 654 1414 est
692 1388 795 1414 sane
839 1372 883 1413 in
921 1381 1091 1429 promtu
1130 1373 1355 1429 responsio
1386 1374 1440 1428 ²⁸).
1502 1373 1618 1415 Nam

273 1447 404 1486 quum
433 1430 561 1472 Plato
600 1430 674 1470 illa
712 1429 955 1471 exhibenda
985 1430 1240 1486 gravissima
1276 1430 1437 1486 placita
1468 1430 1521 1472 de
1551 1430 1616 1471 in-

271 1487 493 1545 telligibili
542 1485 729 1542 quodam
775 1502 910 1543 regno
961 1487 1199 1529 animorum
1249 1486 1389 1541 deque
1436 1487 1618 1543 pristina

270 1545 555 1586 humanorum
581 1543 819 1585 animorum
849 1558 946 1585 cum
963 1544 1136 1585 numine
1169 1543 1316 1585 divino
1347 1544 1617 1586 coniunctio-

270 1617 324 1644 ne
364 1600 645 1643 illustraverit
675 1615 810 1654 eaque
851 1601 1173 1656 opportunitate
1204 1601 1333 1642 etiam
1362 1600 1489 1643 huius
1520 1600 1617 1641 uni-

270 1659 384 1701 versi
415 1657 750 1713 descriptionem
781 1672 874 1698 eam
904 1657 1195 1713 proposuerit,
1226 1656 1341 1698 unde
1371 1672 1459 1699 non
1488 1656 1617 1699 modo

271 1714 490 1771 quodnam
515 1713 744 1756 discrimen
773 1714 885 1755 inter
899 1713 1107 1755 mundum
1136 1713 1252 1756 hunc
1282 1713 1618 1770 adspectabilem

270 1780 401 1827 atque
429 1770 638 1813 mundum
666 1770 977 1827 intelligibilem
1005 1770 1311 1824 intercederet,
1351 1771 1617 1827 perspicere-

269 1839 354 1882 tur,
387 1844 533 1870 verum
566 1827 694 1869 etiam
723 1828 947 1882 utriusque
985 1827 1100 1870 illius
1124 1843 1260 1869 nexus
1292 1833 1335 1868 et
1365 1828 1614 1869 coniunctio

269 1885 603 1941 intelligeretur3
655 1892 747 1925 tum
795 1883 1079 1940 philosophus
1127 1883 1275 1925 eadem
1314 1899 1446 1939 opera
1487 1884 1615 1925 etiam

271 1943 499 1999 exposuit,
544 1956 654 1996 quae
685 1940 740 1981 ad
770 1940 1096 1997 cognoscendas
1129 1941 1285 1982 amoris
1317 1940 1453 1982 divini
1482 1940 1615 1982 ratio-

269 2014 346 2041 nes
385 2015 470 2041 non
513 2004 677 2039 tantum
716 1997 839 2038 utilia
878 1996 956 2038 sed
1004 1997 1132 2053 plane
1173 1998 1417 2039 necessaria
1456 2003 1613 2040 essent.

268 2056 383 2098 Nam
423 2055 539 2111 quod
566 2054 813 2096 universum
844 2068 1000 2109 eorpus
1031 2053 1315 2108 mundanum,
1346 2066 1396 2096 ut
1427 2054 1536 2096 Tim.
1567 2068 1611 2109 p.

271 2115 338 2156 33.
377 2113 430 2154 B.
470 2118 512 2153 et
539 2127 582 2168 p.
624 2110 783 2164 62.D.‚
814 2110 1041 2167 globosum
1063 2111 1341 2152 informatum
1362 2117 1442 2166 est,
1475 2111 1613 2166 quod-

272 2186 355 2225 que
386 2168 510 2210 ideae
541 2174 662 2210 extra
694 2167 786 2208 eius
817 2167 1091 2224 superficiem
1120 2167 1163 2209 in
1193 2168 1302 2209 coeli
1333 2167 1477 2221 dorso,
1507 2183 1613 2209 neu-

270 2228 435 2282 tiquam
481 2225 647 2267 aheneo
687 2224 777 2279 illo,
816 2230 865 2265 ut
903 2223 1077 2278 quidam
1108 2231 1328 2280 putarunt,
1361 2224 1437 2267 sed
1466 2225 1612 2280 potius

272 2284 386 2325 aerio
419 2287 548 2337 atque
578 2281 760 2337 liquido,
792 2281 917 2336 quale
949 2281 1076 2322 etiam
1102 2281 1326 2324 Phaedon.
1356 2296 1398 2337 p.
1434 2282 1527 2323 109.
1560 2279 1610 2323 C.

273 2355 368 2395 sqq.
399 2340 602 2395 fingitur,
643 2338 845 2381 sublimes
874 2337 1109 2380 collocatae
1140 2344 1264 2391 sunt,
1302 2338 1532 2380 manifesto
1562 2353 1614 2379 ea

342 2476 379 2518 ²¹²)
407 2475 459 2507 De
489 2479 564 2507 toto
597 2475 675 2506 loco
707 2473 953 2516 disputavimus
981 2473 1012 2504 in
1045 2473 1177 2508 libello:
1213 2474 1409 2506 Diatribe
1444 2473 1479 2506 in
1515 2484 1608 2515 my-

410 2520 519 2553 tlinm
554 2521 751 2552 Platonis
784 2519 832 2552 de
869 2519 1025 2551 amoris
1058 2518 1186 2551 divini
1219 2524 1335 2559 ortu,
1370 2531 1401 2561 p.
1445 2523 1454 2554 1
1490 2538 1521 2541 ->
1554 2519 1609 2553 63.

410 2576 477 2608 quo
530 2566 607 2597 Viro
654 2566 835 2608 Magnifico
885 2568 919 2597 et
966 2564 1108 2605 Illustri‚
1157 2565 1246 2600 Chr.
1286 2566 1418 2598 Gottl.
1462 2565 1609 2598 Leber.

412 2613 723 2650 Grossmanno‚
749 2612 830 2653 ipsis
845 2610 1007 2643 Kalendis
1032 2610 1195 2643 Ianuariis
1209 2612 1283 2644 anni
1314 2611 1412 2645 1854.
1438 2621 1608 2643 munera

413 2668 536 2691 sacra
575 2663 652 2690 ante
691 2658 839 2699 quinque
885 2658 990 2689 lustra
1016 2657 1215 2698 auspicato,
1256 2658 1393 2689 nomine
1426 2656 1610 2689 Scholae

412 2704 611 2737 Thomanae
647 2703 808 2744 temporis
844 2702 954 2735 exacti
991 2700 1186 2735 felicitatem
1222 2703 1381 2744 gratulati
1424 2713 1543 2735 sumus
1578 2706 1614 2733 et

412 2761 473 2793 pro
499 2753 664 2792 perpetua
690 2749 800 2791 Ipsius
826 2749 934 2781 salute
960 2748 1014 2789 pia
1039 2752 1117 2781 vota
1143 2749 1414 2792 nuncupavimus.
