<?xml version="1.0" encoding="UTF-8"?>
<!DOCTYPE html PUBLIC "-//W3C//DTD XHTML 1.0 Transitional//EN"
    "http://www.w3.org/TR/xhtml1/DTD/xhtml1-transitional.dtd">
<html xmlns="http://www.w3.org/1999/xhtml" xml:lang="en" lang="en">
 <head>
  <title>
</title>
<meta http-equiv="Content-Type" content="text/html;charset=utf-8" />
  <meta name='ocr-system' content='tesseract 3.04.00' />
  <meta name='ocr-capabilities' content='ocr_page ocr_carea ocr_par ocr_line ocrx_word'/>
</head>
<body>
  <div class='ocr_page' id='page_1' title='image "./n1operaomniarecens04platuoft/n1operaomniarecens04platuoft_0285.png"; bbox 0 0 1687 2969; ppageno 0'>
   <div class='ocr_carea' id='block_1_1' title="bbox 90 136 1445 512">
    <p class='ocr_par' dir='ltr' id='par_1_1' title="bbox 90 136 1445 512">
     <span class='ocr_line' id='line_1_1' title="bbox 412 136 1444 180; baseline 0 -2"><span class='ocrx_word' id='word_1_1' title='bbox 412 136 824 179; x_wconf 70' lang='lat' dir='ltr'>PHAEDRUS.</span> <span class='ocrx_word' id='word_1_2' title='bbox 859 138 907 178; x_wconf 82' lang='lat' dir='ltr'>P.</span> <span class='ocrx_word' id='word_1_3' title='bbox 943 138 1021 179; x_wconf 75' lang='lat'>253</span> <span class='ocrx_word' id='word_1_4' title='bbox 1055 136 1118 180; x_wconf 74' lang='lat' dir='ltr'>St.</span> <span class='ocrx_word' id='word_1_5' title='bbox 1369 140 1444 179; x_wconf 64' lang='lat'>123</span> 
     </span>
     <span class='ocr_line' id='line_1_2' title="bbox 92 251 1444 313; baseline 0.001 -17"><span class='ocrx_word' id='word_1_6' title='bbox 92 271 247 309; x_wconf 72' lang='grc' dir='ltr'><em>ματος,</em></span> <span class='ocrx_word' id='word_1_7' title='bbox 283 252 492 313; x_wconf 70' lang='grc' dir='ltr'><em>ῧτραιμος,</em></span> <span class='ocrx_word' id='word_1_8' title='bbox 526 252 691 311; x_wconf 74' lang='grc' dir='ltr'><em>ὕβοεως</em></span> <span class='ocrx_word' id='word_1_9' title='bbox 725 256 799 296; x_wconf 72' lang='grc' dir='ltr'>καὶ</span> <span class='ocrx_word' id='word_1_10' title='bbox 833 251 1090 306; x_wconf 61' lang='grc' dir='ltr'>άῑαζονειας</span> <span class='ocrx_word' id='word_1_11' title='bbox 1125 260 1312 309; x_wconf 79' lang='grc' dir='ltr'><em>ἑταῖρος,</em></span> <span class='ocrx_word' id='word_1_12' title='bbox 1348 272 1444 309; x_wconf 78' lang='grc' dir='ltr'><em>περι</em></span> 
     </span>
     <span class='ocr_line' id='line_1_3' title="bbox 93 318 1445 399; baseline 0.001 -36"><span class='ocrx_word' id='word_1_13' title='bbox 93 321 185 364; x_wconf 77' lang='grc' dir='ltr'>ὠτα</span> <span class='ocrx_word' id='word_1_14' title='bbox 219 318 384 373; x_wconf 44' lang='lat' dir='ltr'>imno&amp;</span> <span class='ocrx_word' id='word_1_15' title='bbox 418 320 578 380; x_wconf 74' lang='grc' dir='ltr'><em>κωφός,</em></span> <span class='ocrx_word' id='word_1_16' title='bbox 613 321 788 377; x_wconf 59' lang='grc' dir='ltr'><em>μάστιρι</em></span> <span class='ocrx_word' id='word_1_17' title='bbox 824 337 932 375; x_wconf 84' lang='grc' dir='ltr'><em>μετα</em></span> <span class='ocrx_word' id='word_1_18' title='bbox 958 326 1156 399; x_wconf 32' lang='grc' dir='ltr'>’κέντρων</span> <span class='ocrx_word' id='word_1_19' title='bbox 1177 319 1305 377; x_wconf 54' lang='grc' dir='ltr'><em>μόὶις</em></span> <span class='ocrx_word' id='word_1_20' title='bbox 1325 320 1445 364; x_wconf 76' lang='grc' dir='ltr'><em>ὑπεί-</em></span> 
     </span>
     <span class='ocr_line' id='line_1_4' title="bbox 92 384 1445 449; baseline 0 -18"><span class='ocrx_word' id='word_1_21' title='bbox 92 404 193 432; x_wconf 85' lang='grc' dir='ltr'><em>κων.</em></span> <span class='ocrx_word' id='word_1_22' title='bbox 263 384 375 449; x_wconf 77' lang='lat' dir='ltr'>Cap.</span> <span class='ocrx_word' id='word_1_23' title='bbox 418 386 627 432; x_wconf 83' lang='lat' dir='ltr'>XXXV.</span> <span class='ocrx_word' id='word_1_24' title='bbox 675 386 786 432; x_wconf 82' lang='grc' dir='ltr'><em>ὅταν</em></span> <span class='ocrx_word' id='word_1_25' title='bbox 831 386 867 430; x_wconf 82' lang='grc' dir='ltr'>δ’</span> <span class='ocrx_word' id='word_1_26' title='bbox 925 386 1009 432; x_wconf 83' lang='grc' dir='ltr'>οὐν</span> <span class='ocrx_word' id='word_1_27' title='bbox 1054 386 1075 430; x_wconf 87' lang='grc' dir='ltr'>ὁ</span> <span class='ocrx_word' id='word_1_28' title='bbox 1120 386 1297 443; x_wconf 74' lang='grc' dir='ltr'><em>ἡνιοχος</em></span> <span class='ocrx_word' id='word_1_29' title='bbox 1341 387 1445 432; x_wconf 74' lang='grc' dir='ltr'><em>ἰδών</em></span> 
     </span>
     <span class='ocr_line' id='line_1_5' title="bbox 90 453 1445 512; baseline 0 -14"><span class='ocrx_word' id='word_1_30' title='bbox 90 453 140 499; x_wconf 87' lang='grc' dir='ltr'>τὸ</span> <span class='ocrx_word' id='word_1_31' title='bbox 177 454 383 511; x_wconf 81' lang='grc' dir='ltr'>ἐρωτικὸν</span> <span class='ocrx_word' id='word_1_32' title='bbox 419 453 562 512; x_wconf 77' lang='grc' dir='ltr'><strong><em>ὄμμα,</em></strong></span> <span class='ocrx_word' id='word_1_33' title='bbox 597 458 747 499; x_wconf 77' lang='grc' dir='ltr'><em>πᾶσαν</em></span> <span class='ocrx_word' id='word_1_34' title='bbox 782 453 990 507; x_wconf 76' lang='grc' dir='ltr'><em>αἰσθήσει</em></span> <span class='ocrx_word' id='word_1_35' title='bbox 1018 456 1326 511; x_wconf 75' lang='grc' dir='ltr'>διαθερμήνας</span> <span class='ocrx_word' id='word_1_36' title='bbox 1364 453 1445 508; x_wconf 76' lang='grc' dir='ltr'>τὴν</span> 
     </span>
    </p>
   </div>
   <div class='ocr_carea' id='block_1_2' title="bbox 91 519 1444 582">
    <p class='ocr_par' dir='ltr' id='par_1_2' title="bbox 91 519 1444 582">
     <span class='ocr_line' id='line_1_6' title="bbox 91 519 1444 582; baseline 0.002 -19"><span class='ocrx_word' id='word_1_37' title='bbox 91 522 255 582; x_wconf 80' lang='grc' dir='ltr'><em>ψυχήν,</em></span> <span class='ocrx_word' id='word_1_38' title='bbox 288 525 592 580; x_wconf 76' lang='grc' dir='ltr'><em>γαργαλισμοῦ</em></span> <span class='ocrx_word' id='word_1_39' title='bbox 636 539 680 566; x_wconf 79' lang='grc' dir='ltr'>τε</span> <span class='ocrx_word' id='word_1_40' title='bbox 723 524 796 564; x_wconf 81' lang='grc' dir='ltr'>καὶ</span> <span class='ocrx_word' id='word_1_41' title='bbox 831 519 988 565; x_wconf 71' lang='grc' dir='ltr'>πόθου</span> <span class='ocrx_word' id='word_1_42' title='bbox 1023 525 1210 577; x_wconf 77' lang='grc' dir='ltr'><em>κέντρων</em></span> <span class='ocrx_word' id='word_1_43' title='bbox 1245 521 1444 577; x_wconf 81' lang='grc' dir='ltr'><em>ὑποπλη-</em></span> 
     </span>
    </p>
   </div>
   <div class='ocr_carea' id='block_1_3' title="bbox 89 651 1442 787">
    <p class='ocr_par' dir='ltr' id='par_1_3' title="bbox 89 651 1442 787">
     <span class='ocr_line' id='line_1_7' title="bbox 181 651 1441 695; baseline 0 -11"><span class='ocrx_word' id='word_1_44' title='bbox 181 653 221 687; x_wconf 84' lang='grc' dir='ltr'>Ε.</span> <span class='ocrx_word' id='word_1_45' title='bbox 270 651 394 685; x_wconf 82' lang='grc' dir='ltr'><em>λα’σιο</em></span> <span class='ocrx_word' id='word_1_46' title='bbox 407 667 440 695; x_wconf 84' lang='grc' dir='ltr'>ς,</span> <span class='ocrx_word' id='word_1_47' title='bbox 464 654 624 695; x_wconf 75' lang='grc' dir='ltr'><em>κωφός,</em></span> <span class='ocrx_word' id='word_1_48' title='bbox 652 653 710 695; x_wconf 83' lang='grc' dir='ltr'>μ.]</span> <span class='ocrx_word' id='word_1_49' title='bbox 740 652 838 685; x_wconf 84' lang='lat' dir='ltr'>Bodl.</span> <span class='ocrx_word' id='word_1_50' title='bbox 862 653 960 684; x_wconf 77' lang='grc' dir='ltr'><em>λασιο</em></span> <span class='ocrx_word' id='word_1_51' title='bbox 984 665 1118 693; x_wconf 60' lang='lat' dir='ltr'>nenton,</span> <span class='ocrx_word' id='word_1_52' title='bbox 1145 652 1270 685; x_wconf 82' lang='lat' dir='ltr'>omisso</span> <span class='ocrx_word' id='word_1_53' title='bbox 1298 667 1312 689; x_wconf 80' lang='grc' dir='ltr'>ς</span> <span class='ocrx_word' id='word_1_54' title='bbox 1336 655 1441 687; x_wconf 75' lang='lat' dir='ltr'>finali</span> 
     </span>
     <span class='ocr_line' id='line_1_8' title="bbox 91 688 1442 742; baseline 0.001 -12"><span class='ocrx_word' id='word_1_55' title='bbox 91 697 152 730; x_wconf 80' lang='lat' dir='ltr'>sed</span> <span class='ocrx_word' id='word_1_56' title='bbox 176 708 284 731; x_wconf 86' lang='lat' dir='ltr'>vacuo</span> <span class='ocrx_word' id='word_1_57' title='bbox 310 699 421 742; x_wconf 82' lang='lat' dir='ltr'>spatio</span> <span class='ocrx_word' id='word_1_58' title='bbox 447 700 577 733; x_wconf 91' lang='lat' dir='ltr'>relicto.</span> <span class='ocrx_word' id='word_1_59' title='bbox 626 699 708 731; x_wconf 89' lang='lat' dir='ltr'>lude</span> <span class='ocrx_word' id='word_1_60' title='bbox 734 703 844 730; x_wconf 85' lang='lat' dir='ltr'>ortum</span> <span class='ocrx_word' id='word_1_61' title='bbox 874 698 965 740; x_wconf 79' lang='lat' dir='ltr'>quod</span> <span class='ocrx_word' id='word_1_62' title='bbox 993 697 1060 731; x_wconf 85' lang='lat' dir='ltr'>AG</span> <span class='ocrx_word' id='word_1_63' title='bbox 1075 698 1105 730; x_wconf 89' lang='lat' dir='ltr'>T</span> <span class='ocrx_word' id='word_1_64' title='bbox 1131 701 1166 730; x_wconf 84' lang='lat' dir='ltr'>et</span> <span class='ocrx_word' id='word_1_65' title='bbox 1191 709 1241 740; x_wconf 90' lang='lat' dir='ltr'>pr.</span> <span class='ocrx_word' id='word_1_66' title='bbox 1260 698 1293 729; x_wconf 94' lang='grc' dir='ltr'>ΙΙ</span> <span class='ocrx_word' id='word_1_67' title='bbox 1320 688 1442 731; x_wconf 82' lang='lat' dir='ltr'>hahent</span> 
     </span>
     <span class='ocr_line' id='line_1_9' title="bbox 89 743 1442 787; baseline 0.001 -12"><span class='ocrx_word' id='word_1_68' title='bbox 89 743 321 786; x_wconf 62' lang='grc' dir='ltr'><em>λασιόκωφος,</em></span> <span class='ocrx_word' id='word_1_69' title='bbox 356 745 448 787; x_wconf 87' lang='lat' dir='ltr'>quod</span> <span class='ocrx_word' id='word_1_70' title='bbox 483 745 625 778; x_wconf 87' lang='lat' dir='ltr'>Photius</span> <span class='ocrx_word' id='word_1_71' title='bbox 660 756 692 787; x_wconf 94' lang='lat' dir='ltr'>p</span> <span class='ocrx_word' id='word_1_72' title='bbox 718 744 1089 779; x_wconf 65' lang='lat' dir='ltr'>20&lt;1.17.ets11idas</span> <span class='ocrx_word' id='word_1_73' title='bbox 1115 744 1146 776; x_wconf 87' lang='lat' dir='ltr'>iu</span> <span class='ocrx_word' id='word_1_74' title='bbox 1172 756 1247 778; x_wconf 87' lang='lat' dir='ltr'>voc.</span> <span class='ocrx_word' id='word_1_75' title='bbox 1274 746 1442 786; x_wconf 81' lang='lat' dir='ltr'>interpre-</span> 
     </span>
    </p>
   </div>
   <div class='ocr_carea' id='block_1_4' title="bbox 89 788 1443 834">
    <p class='ocr_par' dir='ltr' id='par_1_4' title="bbox 89 788 1443 834">
     <span class='ocr_line' id='line_1_10' title="bbox 89 788 1443 834; baseline 0 -13"><span class='ocrx_word' id='word_1_76' title='bbox 89 794 220 822; x_wconf 84' lang='lat' dir='ltr'>tantur·</span> <span class='ocrx_word' id='word_1_77' title='bbox 255 804 272 821; x_wconf 92' lang='grc' dir='ltr'><strong><em>ο</em></strong></span> <span class='ocrx_word' id='word_1_78' title='bbox 301 790 341 820; x_wconf 82' lang='grc' dir='ltr'><em>λι</em></span> <span class='ocrx_word' id='word_1_79' title='bbox 335 803 375 821; x_wconf 78' lang='grc' dir='ltr'>ιν</span> <span class='ocrx_word' id='word_1_80' title='bbox 399 803 535 833; x_wconf 68' lang='grc' dir='ltr'><em>κωιρος,</em></span> <span class='ocrx_word' id='word_1_81' title='bbox 568 794 642 822; x_wconf 86' lang='grc' dir='ltr'><em>οἱον</em></span> <span class='ocrx_word' id='word_1_82' title='bbox 668 789 768 823; x_wconf 57' lang='lat' dir='ltr'>iiiam</span> <span class='ocrx_word' id='word_1_83' title='bbox 794 790 834 822; x_wconf 73' lang='grc' dir='ltr'>τὰ</span> <span class='ocrx_word' id='word_1_84' title='bbox 861 803 931 822; x_wconf 73' lang='lat' dir='ltr'>unu</span> <span class='ocrx_word' id='word_1_85' title='bbox 959 792 1058 832; x_wconf 64' lang='grc' dir='ltr'><em>ῗιχωι,</em></span> <span class='ocrx_word' id='word_1_86' title='bbox 1084 788 1126 826; x_wconf 78' lang='grc' dir='ltr'>ὡς</span> <span class='ocrx_word' id='word_1_87' title='bbox 1154 795 1443 834; x_wconf 73' lang='grc' dir='ltr'><em>συγκεκωφῶοθαι</em></span> 
     </span>
    </p>
   </div>
   <div class='ocr_carea' id='block_1_5' title="bbox 86 824 735 960">
    <p class='ocr_par' dir='ltr' id='par_1_5' title="bbox 86 824 735 960">
     <span class='ocr_line' id='line_1_11' title="bbox 86 824 407 877; baseline 0.003 -11.007"><span class='ocrx_word' id='word_1_88' title='bbox 86 824 145 866; x_wconf 80' lang='grc' dir='ltr'>καὶ</span> <span class='ocrx_word' id='word_1_89' title='bbox 170 834 407 877; x_wconf 74' lang='grc' dir='ltr'>αναισθητεῖν.</span> 
     </span>
     <span class='ocr_line' id='line_1_12' title="bbox 179 880 735 923; baseline 0 -11"><span class='ocrx_word' id='word_1_90' title='bbox 179 880 286 912; x_wconf 71' lang='grc' dir='ltr'><em>ὅταν</em></span> <span class='ocrx_word' id='word_1_91' title='bbox 318 881 352 915; x_wconf 76' lang='grc' dir='ltr'>δ’</span> <span class='ocrx_word' id='word_1_92' title='bbox 384 886 460 914; x_wconf 81' lang='grc' dir='ltr'>ουν</span> <span class='ocrx_word' id='word_1_93' title='bbox 495 880 512 912; x_wconf 88' lang='grc' dir='ltr'>ὁ</span> <span class='ocrx_word' id='word_1_94' title='bbox 542 880 735 923; x_wconf 82' lang='grc' dir='ltr'>ἡνίοχος]</span> 
     </span>
     <span class='ocr_line' id='line_1_13' title="bbox 89 927 188 960; baseline -0.02 0"><span class='ocrx_word' id='word_1_95' title='bbox 89 927 188 960; x_wconf 86' lang='lat' dir='ltr'>male.</span> 
     </span>
    </p>
   </div>
   <div class='ocr_carea' id='block_1_6' title="bbox 86 1038 735 2775">
    <p class='ocr_par' dir='ltr' id='par_1_6' title="bbox 86 1038 735 1632">
     <span class='ocr_line' id='line_1_14' title="bbox 86 1038 734 1081; baseline 0.002 -11"><span class='ocrx_word' id='word_1_96' title='bbox 86 1038 270 1073; x_wconf 80' lang='lat' dir='ltr'>Theaetet.</span> <span class='ocrx_word' id='word_1_97' title='bbox 302 1038 466 1081; x_wconf 83' lang='lat' dir='ltr'>princip..</span> <span class='ocrx_word' id='word_1_98' title='bbox 506 1038 562 1070; x_wconf 89' lang='lat' dir='ltr'>ubi</span> <span class='ocrx_word' id='word_1_99' title='bbox 596 1038 734 1071; x_wconf 85' lang='lat' dir='ltr'>Theae-</span> 
     </span>
     <span class='ocr_line' id='line_1_15' title="bbox 90 1084 735 1118; baseline -0.002 -2"><span class='ocrx_word' id='word_1_100' title='bbox 90 1089 180 1117; x_wconf 82' lang='lat' dir='ltr'><strong>tetus</strong></span> <span class='ocrx_word' id='word_1_101' title='bbox 216 1084 351 1118; x_wconf 89' lang='lat' dir='ltr'>Socrati</span> <span class='ocrx_word' id='word_1_102' title='bbox 382 1085 505 1117; x_wconf 85' lang='lat' dir='ltr'>dicitur</span> <span class='ocrx_word' id='word_1_103' title='bbox 547 1085 735 1117; x_wconf 83' lang='lat' dir='ltr'>simillimus</span> 
     </span>
     <span class='ocr_line' id='line_1_16' title="bbox 88 1129 734 1174; baseline 0 -12"><span class='ocrx_word' id='word_1_104' title='bbox 88 1140 165 1163; x_wconf 84' lang='lat' dir='ltr'>esse</span> <span class='ocrx_word' id='word_1_105' title='bbox 189 1129 251 1171; x_wconf 67' lang='grc' dir='ltr'>τήν</span> <span class='ocrx_word' id='word_1_106' title='bbox 274 1143 311 1163; x_wconf 83' lang='grc' dir='ltr'>τε</span> <span class='ocrx_word' id='word_1_107' title='bbox 336 1130 504 1174; x_wconf 73' lang='grc' dir='ltr'><em>σιμότητα</em></span> <span class='ocrx_word' id='word_1_108' title='bbox 528 1130 583 1162; x_wconf 80' lang='grc' dir='ltr'>καὶ</span> <span class='ocrx_word' id='word_1_109' title='bbox 607 1131 645 1162; x_wconf 77' lang='grc' dir='ltr'>τὸ</span> <span class='ocrx_word' id='word_1_110' title='bbox 676 1132 734 1166; x_wconf 68' lang='grc' dir='ltr'>ἔξω</span> 
     </span>
     <span class='ocr_line' id='line_1_17' title="bbox 87 1175 732 1220; baseline 0 -13"><span class='ocrx_word' id='word_1_111' title='bbox 87 1179 152 1208; x_wconf 81' lang='grc' dir='ltr'>τῶν</span> <span class='ocrx_word' id='word_1_112' title='bbox 184 1175 360 1220; x_wconf 74' lang='grc' dir='ltr'><em>ὀμμάτων.</em></span> <span class='ocrx_word' id='word_1_113' title='bbox 424 1177 608 1209; x_wconf 87' lang='lat' dir='ltr'>Polemo</span> <span class='ocrx_word' id='word_1_114' title='bbox 644 1178 663 1210; x_wconf 90' lang='lat' dir='ltr'>l.</span> <span class='ocrx_word' id='word_1_115' title='bbox 704 1187 732 1207; x_wconf 94' lang='lat' dir='ltr'>c.</span> 
     </span>
     <span class='ocr_line' id='line_1_18' title="bbox 88 1221 733 1265; baseline -0.005 -9"><span class='ocrx_word' id='word_1_116' title='bbox 88 1233 120 1264; x_wconf 85' lang='grc' dir='ltr'>Ρ.</span> <span class='ocrx_word' id='word_1_117' title='bbox 149 1221 228 1256; x_wconf 79' lang='grc'><strong>272.</strong></span> <span class='ocrx_word' id='word_1_118' title='bbox 259 1223 290 1257; x_wconf 85' lang='grc'>9.</span> <span class='ocrx_word' id='word_1_119' title='bbox 348 1222 393 1255; x_wconf 79' lang='grc' dir='ltr'>Οἱ</span> <span class='ocrx_word' id='word_1_120' title='bbox 423 1222 457 1253; x_wconf 71' lang='grc' dir='ltr'>δὲ</span> <span class='ocrx_word' id='word_1_121' title='bbox 493 1223 592 1265; x_wconf 79' lang='grc' dir='ltr'><em>σιμοὶ</em></span> <span class='ocrx_word' id='word_1_122' title='bbox 616 1222 733 1264; x_wconf 68' lang='grc' dir='ltr'><em>λόγιόι</em></span> 
     </span>
     <span class='ocr_line' id='line_1_19' title="bbox 87 1267 734 1310; baseline 0.002 -12"><span class='ocrx_word' id='word_1_123' title='bbox 87 1267 143 1298; x_wconf 75' lang='grc' dir='ltr'>καὶ</span> <span class='ocrx_word' id='word_1_124' title='bbox 180 1268 299 1310; x_wconf 76' lang='grc' dir='ltr'><em>μοιχοὶ</em></span> <span class='ocrx_word' id='word_1_125' title='bbox 338 1267 469 1310; x_wconf 71' lang='grc' dir='ltr'><em>ἄνδρες.</em></span> <span class='ocrx_word' id='word_1_126' title='bbox 538 1269 734 1309; x_wconf 64' lang='grc' dir='ltr'><em>ΗῙυκτῆρας</em></span> 
     </span>
     <span class='ocr_line' id='line_1_20' title="bbox 87 1313 734 1357; baseline -0.002 -13"><span class='ocrx_word' id='word_1_127' title='bbox 87 1313 319 1357; x_wconf 72' lang='grc' dir='ltr'>ἀνεῳγμένους</span> <span class='ocrx_word' id='word_1_128' title='bbox 344 1314 378 1343; x_wconf 83' lang='grc' dir='ltr'>οἱ</span> <span class='ocrx_word' id='word_1_129' title='bbox 402 1315 534 1354; x_wconf 62' lang='grc' dir='ltr'><em>ἔχοντες</em></span> <span class='ocrx_word' id='word_1_130' title='bbox 558 1313 734 1356; x_wconf 65' lang='grc' dir='ltr'>θυμώδης</span> 
     </span>
     <span class='ocr_line' id='line_1_21' title="bbox 87 1358 732 1402; baseline 0 -12"><span class='ocrx_word' id='word_1_131' title='bbox 87 1359 141 1390; x_wconf 81' lang='grc' dir='ltr'>καὶ</span> <span class='ocrx_word' id='word_1_132' title='bbox 165 1360 319 1402; x_wconf 57' lang='lat' dir='ltr'>curvaret,</span> <span class='ocrx_word' id='word_1_133' title='bbox 344 1358 448 1400; x_wconf 65' lang='grc' dir='ltr'><em>ὥςπερ</em></span> <span class='ocrx_word' id='word_1_134' title='bbox 473 1359 533 1390; x_wconf 74' lang='grc' dir='ltr'>ἐπὶ</span> <span class='ocrx_word' id='word_1_135' title='bbox 556 1364 622 1391; x_wconf 76' lang='grc' dir='ltr'>’τῶν</span> <span class='ocrx_word' id='word_1_136' title='bbox 646 1358 732 1391; x_wconf 63' lang='grc' dir='ltr'><em>ται]-</em></span> 
     </span>
     <span class='ocr_line' id='line_1_22' title="bbox 88 1402 730 1448; baseline 0.002 -12"><span class='ocrx_word' id='word_1_137' title='bbox 88 1418 156 1448; x_wconf 85' lang='grc' dir='ltr'>ρων</span> <span class='ocrx_word' id='word_1_138' title='bbox 194 1405 250 1436; x_wconf 80' lang='grc' dir='ltr'>καὶ</span> <span class='ocrx_word' id='word_1_139' title='bbox 286 1408 352 1437; x_wconf 77' lang='grc' dir='ltr'>τῶν</span> <span class='ocrx_word' id='word_1_140' title='bbox 391 1402 544 1439; x_wconf 55' lang='grc' dir='ltr'>λεόνῖων,</span> <span class='ocrx_word' id='word_1_141' title='bbox 601 1406 730 1438; x_wconf 82' lang='lat' dir='ltr'>Eadem</span> 
     </span>
     <span class='ocr_line' id='line_1_23' title="bbox 87 1450 729 1494; baseline 0.002 -10"><span class='ocrx_word' id='word_1_142' title='bbox 87 1451 160 1484; x_wconf 81' lang='lat' dir='ltr'>fere</span> <span class='ocrx_word' id='word_1_143' title='bbox 178 1450 280 1484; x_wconf 83' lang='lat' dir='ltr'>habet</span> <span class='ocrx_word' id='word_1_144' title='bbox 305 1450 527 1485; x_wconf 85' lang='lat' dir='ltr'>Adamant.</span> <span class='ocrx_word' id='word_1_145' title='bbox 552 1451 586 1493; x_wconf 87' lang='lat'>2,</span> <span class='ocrx_word' id='word_1_146' title='bbox 618 1451 671 1486; x_wconf 83' lang='lat'>18.</span> <span class='ocrx_word' id='word_1_147' title='bbox 696 1462 729 1494; x_wconf 88' lang='lat' dir='ltr'>p.</span> 
     </span>
     <span class='ocr_line' id='line_1_24' title="bbox 89 1496 734 1540; baseline -0.002 -10"><span class='ocrx_word' id='word_1_148' title='bbox 89 1496 168 1531; x_wconf 86' lang='lat'>210.</span> <span class='ocrx_word' id='word_1_149' title='bbox 194 1497 226 1531; x_wconf 84' lang='lat'>6.</span> <span class='ocrx_word' id='word_1_150' title='bbox 254 1497 460 1540; x_wconf 60' lang='lat' dir='ltr'>Zopyrus</span> <span class='ocrx_word' id='word_1_151' title='bbox 486 1508 539 1539; x_wconf 88' lang='lat' dir='ltr'>ap.</span> <span class='ocrx_word' id='word_1_152' title='bbox 564 1498 734 1530; x_wconf 86' lang='lat' dir='ltr'>Aristote-</span> 
     </span>
     <span class='ocr_line' id='line_1_25' title="bbox 88 1542 735 1586; baseline -0.003 -11"><span class='ocrx_word' id='word_1_153' title='bbox 88 1543 165 1577; x_wconf 85' lang='lat' dir='ltr'>lem.</span> <span class='ocrx_word' id='word_1_154' title='bbox 203 1544 224 1576; x_wconf 90' lang='lat' dir='ltr'>l.</span> <span class='ocrx_word' id='word_1_155' title='bbox 250 1553 279 1574; x_wconf 93' lang='lat' dir='ltr'>c.</span> <span class='ocrx_word' id='word_1_156' title='bbox 304 1553 336 1585; x_wconf 89' lang='lat' dir='ltr'>p.</span> <span class='ocrx_word' id='word_1_157' title='bbox 364 1542 461 1576; x_wconf 77' lang='lat'>1179.</span> <span class='ocrx_word' id='word_1_158' title='bbox 490 1543 530 1577; x_wconf 88' lang='lat' dir='ltr'>B.</span> <span class='ocrx_word' id='word_1_159' title='bbox 565 1544 598 1574; x_wconf 82' lang='grc' dir='ltr'>οἱ</span> <span class='ocrx_word' id='word_1_160' title='bbox 633 1542 735 1586; x_wconf 73' lang='grc' dir='ltr'><em>σιμὴν</em></span> 
     </span>
     <span class='ocr_line' id='line_1_26' title="bbox 87 1587 490 1632; baseline -0.007 -11"><span class='ocrx_word' id='word_1_161' title='bbox 87 1589 221 1630; x_wconf 64' lang='grc' dir='ltr'><em>ἔχοντες</em></span> <span class='ocrx_word' id='word_1_162' title='bbox 245 1589 332 1632; x_wconf 77' lang='grc' dir='ltr'><em>ῥῖνα,</em></span> <span class='ocrx_word' id='word_1_163' title='bbox 360 1587 490 1630; x_wconf 75' lang='grc' dir='ltr'>λάγνοι,</span> 
     </span>
    </p>

    <p class='ocr_par' dir='ltr' id='par_1_7' title="bbox 86 1633 734 2079">
     <span class='ocr_line' id='line_1_27' title="bbox 133 1633 734 1676; baseline 0 -11"><span class='ocrx_word' id='word_1_164' title='bbox 133 1633 353 1676; x_wconf 64' lang='grc' dir='ltr'><em>ὕφαιμος]</em></span> <span class='ocrx_word' id='word_1_165' title='bbox 395 1634 504 1672; x_wconf 71' lang='lat' dir='ltr'>Apud.</span> <span class='ocrx_word' id='word_1_166' title='bbox 537 1634 734 1666; x_wconf 81' lang='lat' dir='ltr'>Aristot.</span> 
     </span>
     <span class='ocr_line' id='line_1_28' title="bbox 91 1679 734 1722; baseline -0.003 -10"><span class='ocrx_word' id='word_1_167' title='bbox 91 1679 273 1722; x_wconf 83' lang='lat' dir='ltr'>Physiogn.</span> <span class='ocrx_word' id='word_1_168' title='bbox 314 1679 359 1713; x_wconf 84' lang='lat' dir='ltr'>ll.</span> <span class='ocrx_word' id='word_1_169' title='bbox 403 1679 555 1721; x_wconf 83' lang='lat' dir='ltr'>iungitur</span> <span class='ocrx_word' id='word_1_170' title='bbox 598 1679 734 1722; x_wconf 67' lang='grc' dir='ltr'><strong><em>θερμὸς</em></strong></span> 
     </span>
     <span class='ocr_line' id='line_1_29' title="bbox 87 1724 734 1768; baseline 0 -11"><span class='ocrx_word' id='word_1_171' title='bbox 87 1726 142 1757; x_wconf 80' lang='grc' dir='ltr'>καὶ</span> <span class='ocrx_word' id='word_1_172' title='bbox 164 1724 329 1768; x_wconf 69' lang='grc' dir='ltr'><em>ὕφαιμος,</em></span> <span class='ocrx_word' id='word_1_173' title='bbox 348 1729 386 1757; x_wconf 92' lang='lat' dir='ltr'>ut</span> <span class='ocrx_word' id='word_1_174' title='bbox 402 1726 610 1767; x_wconf 81' lang='lat' dir='ltr'>significetur</span> <span class='ocrx_word' id='word_1_175' title='bbox 635 1737 650 1757; x_wconf 92' lang='lat' dir='ltr'>s</span> <span class='ocrx_word' id='word_1_176' title='bbox 667 1735 734 1758; x_wconf 87' lang='lat' dir='ltr'>an—</span> 
     </span>
     <span class='ocr_line' id='line_1_30' title="bbox 87 1772 733 1814; baseline -0.003 -9"><span class='ocrx_word' id='word_1_177' title='bbox 87 1772 298 1814; x_wconf 84' lang='lat' dir='ltr'>guineus,</span> <span class='ocrx_word' id='word_1_178' title='bbox 367 1781 466 1812; x_wconf 86' lang='lat' dir='ltr'>quem</span> <span class='ocrx_word' id='word_1_179' title='bbox 524 1772 733 1803; x_wconf 82' lang='lat' dir='ltr'>recentiores</span> 
     </span>
     <span class='ocr_line' id='line_1_31' title="bbox 87 1816 729 1860; baseline 0.002 -11"><span class='ocrx_word' id='word_1_180' title='bbox 87 1816 397 1860; x_wconf 80' lang='lat' dir='ltr'>physiognomones</span> <span class='ocrx_word' id='word_1_181' title='bbox 415 1818 589 1858; x_wconf 82' lang='lat' dir='ltr'>appellare</span> <span class='ocrx_word' id='word_1_182' title='bbox 606 1819 729 1850; x_wconf 86' lang='lat' dir='ltr'>solent.</span> 
     </span>
     <span class='ocr_line' id='line_1_32' title="bbox 86 1863 734 1904; baseline -0.002 -8"><span class='ocrx_word' id='word_1_183' title='bbox 86 1863 319 1899; x_wconf 84' lang='lat' dir='ltr'>Heindorf.</span> <span class='ocrx_word' id='word_1_184' title='bbox 358 1867 393 1894; x_wconf 87' lang='lat' dir='ltr'>et</span> <span class='ocrx_word' id='word_1_185' title='bbox 421 1867 510 1896; x_wconf 84' lang='lat' dir='ltr'>Ast.</span> <span class='ocrx_word' id='word_1_186' title='bbox 542 1863 734 1904; x_wconf 79' lang='lat' dir='ltr'>intelligunt</span> 
     </span>
     <span class='ocr_line' id='line_1_33' title="bbox 86 1907 730 1952; baseline 0 -12"><span class='ocrx_word' id='word_1_187' title='bbox 86 1907 128 1940; x_wconf 76' lang='grc' dir='ltr'>τὰ</span> <span class='ocrx_word' id='word_1_188' title='bbox 155 1909 311 1952; x_wconf 72' lang='grc' dir='ltr'><strong><em>ὄμματα,</em></strong></span> <span class='ocrx_word' id='word_1_189' title='bbox 336 1919 405 1950; x_wconf 83' lang='lat' dir='ltr'>quo</span> <span class='ocrx_word' id='word_1_190' title='bbox 430 1918 498 1940; x_wconf 88' lang='lat' dir='ltr'>non</span> <span class='ocrx_word' id='word_1_191' title='bbox 522 1919 619 1950; x_wconf 81' lang='lat' dir='ltr'>opus,</span> <span class='ocrx_word' id='word_1_192' title='bbox 665 1910 730 1940; x_wconf 81' lang='lat' dir='ltr'>Va-</span> 
     </span>
     <span class='ocr_line' id='line_1_34' title="bbox 87 1955 730 1997; baseline 0.002 -11"><span class='ocrx_word' id='word_1_193' title='bbox 87 1965 130 1986; x_wconf 86' lang='lat' dir='ltr'>na</span> <span class='ocrx_word' id='word_1_194' title='bbox 174 1959 228 1988; x_wconf 81' lang='lat' dir='ltr'>est</span> <span class='ocrx_word' id='word_1_195' title='bbox 268 1955 369 1987; x_wconf 82' lang='lat' dir='ltr'>etiam</span> <span class='ocrx_word' id='word_1_196' title='bbox 414 1955 531 1986; x_wconf 91' lang='lat' dir='ltr'>Astii</span> <span class='ocrx_word' id='word_1_197' title='bbox 568 1956 730 1997; x_wconf 84' lang='lat' dir='ltr'>suspicio,</span> 
     </span>
     <span class='ocr_line' id='line_1_35' title="bbox 86 1999 730 2044; baseline 0 -12"><span class='ocrx_word' id='word_1_198' title='bbox 86 1999 349 2044; x_wconf 73' lang='grc' dir='ltr'>γλανκόμμητος</span> <span class='ocrx_word' id='word_1_199' title='bbox 369 1999 604 2043; x_wconf 69' lang='grc' dir='ltr'><em>καὶῧφαιμος</em></span> <span class='ocrx_word' id='word_1_200' title='bbox 622 2002 730 2044; x_wconf 85' lang='lat' dir='ltr'>scrip-</span> 
     </span>
     <span class='ocr_line' id='line_1_36' title="bbox 86 2046 456 2079; baseline -0.003 -1"><span class='ocrx_word' id='word_1_201' title='bbox 86 2046 232 2079; x_wconf 85' lang='lat' dir='ltr'>bendum</span> <span class='ocrx_word' id='word_1_202' title='bbox 257 2046 456 2079; x_wconf 81' lang='lat' dir='ltr'>arbitrantis.</span> 
     </span>
    </p>

    <p class='ocr_par' dir='ltr' id='par_1_8' title="bbox 88 2088 734 2766">
     <span class='ocr_line' id='line_1_37' title="bbox 133 2088 731 2135; baseline 0.003 -12"><span class='ocrx_word' id='word_1_203' title='bbox 133 2092 229 2135; x_wconf 69' lang='grc' dir='ltr'><em>περὶ</em></span> <span class='ocrx_word' id='word_1_204' title='bbox 265 2088 351 2124; x_wconf 74' lang='grc' dir='ltr'>ὦτα</span> <span class='ocrx_word' id='word_1_205' title='bbox 390 2090 566 2134; x_wconf 76' lang='grc' dir='ltr'><em>λάσιος]</em></span> <span class='ocrx_word' id='word_1_206' title='bbox 609 2092 731 2125; x_wconf 80' lang='lat' dir='ltr'>circa</span> 
     </span>
     <span class='ocr_line' id='line_1_38' title="bbox 90 2136 734 2171; baseline -0.002 -1"><span class='ocrx_word' id='word_1_207' title='bbox 90 2147 222 2170; x_wconf 87' lang='lat' dir='ltr'>aures</span> <span class='ocrx_word' id='word_1_208' title='bbox 253 2137 465 2171; x_wconf 83' lang='lat' dir='ltr'>hirsutus.</span> <span class='ocrx_word' id='word_1_209' title='bbox 522 2138 558 2170; x_wconf 90' lang='lat' dir='ltr'>lu</span> <span class='ocrx_word' id='word_1_210' title='bbox 591 2136 734 2170; x_wconf 91' lang='lat' dir='ltr'>homini-</span> 
     </span>
     <span class='ocr_line' id='line_1_39' title="bbox 89 2183 734 2225; baseline 0.002 -11"><span class='ocrx_word' id='word_1_211' title='bbox 89 2183 152 2214; x_wconf 86' lang='lat' dir='ltr'>bus</span> <span class='ocrx_word' id='word_1_212' title='bbox 190 2183 253 2216; x_wconf 90' lang='lat' dir='ltr'>hoc</span> <span class='ocrx_word' id='word_1_213' title='bbox 291 2187 367 2216; x_wconf 82' lang='lat' dir='ltr'>erat</span> <span class='ocrx_word' id='word_1_214' title='bbox 405 2184 536 2225; x_wconf 80' lang='lat' dir='ltr'>signum</span> <span class='ocrx_word' id='word_1_215' title='bbox 579 2183 734 2215; x_wconf 85' lang='lat' dir='ltr'>libidinis.</span> 
     </span>
     <span class='ocr_line' id='line_1_40' title="bbox 92 2228 726 2271; baseline -0.002 -11"><span class='ocrx_word' id='word_1_216' title='bbox 92 2232 117 2260; x_wconf 87' lang='lat' dir='ltr'><strong>A</strong></span> <span class='ocrx_word' id='word_1_217' title='bbox 133 2229 222 2261; x_wconf 87' lang='lat' dir='ltr'>rist.</span> <span class='ocrx_word' id='word_1_218' title='bbox 242 2228 424 2271; x_wconf 76' lang='lat' dir='ltr'>l’hysiogn.</span> <span class='ocrx_word' id='word_1_219' title='bbox 446 2241 478 2271; x_wconf 82' lang='lat' dir='ltr'>p·</span> <span class='ocrx_word' id='word_1_220' title='bbox 498 2228 596 2262; x_wconf 74' lang='lat'>1174.</span> <span class='ocrx_word' id='word_1_221' title='bbox 613 2230 650 2260; x_wconf 92' lang='lat' dir='ltr'>C.</span> <span class='ocrx_word' id='word_1_222' title='bbox 673 2229 726 2260; x_wconf 78' lang='grc' dir='ltr'><strong><em>λα’.</em></strong></span> 
     </span>
     <span class='ocr_line' id='line_1_41' title="bbox 89 2274 733 2317; baseline 0.006 -15"><span class='ocrx_word' id='word_1_223' title='bbox 89 2287 171 2315; x_wconf 72' lang='lat' dir='ltr'>yn-ov</span> <span class='ocrx_word' id='word_1_224' title='bbox 195 2275 230 2305; x_wconf 81' lang='grc' dir='ltr'>οἱ</span> <span class='ocrx_word' id='word_1_225' title='bbox 253 2274 422 2317; x_wconf 57' lang='lat' dir='ltr'>&gt;eqd-[aqna</span> <span class='ocrx_word' id='word_1_226' title='bbox 446 2276 567 2312; x_wconf 62' lang='grc' dir='ltr'><em>δασεῖς.</em></span> <span class='ocrx_word' id='word_1_227' title='bbox 619 2276 733 2316; x_wconf 73' lang='lat' dir='ltr'>ltaque</span> 
     </span>
     <span class='ocr_line' id='line_1_42' title="bbox 90 2319 732 2362; baseline 0 -10"><span class='ocrx_word' id='word_1_228' title='bbox 90 2324 183 2352; x_wconf 84' lang='lat' dir='ltr'>recte</span> <span class='ocrx_word' id='word_1_229' title='bbox 207 2319 322 2357; x_wconf 80' lang='grc' dir='ltr'><em>λάσιος</em></span> <span class='ocrx_word' id='word_1_230' title='bbox 347 2331 407 2362; x_wconf 89' lang='lat' dir='ltr'>per</span> <span class='ocrx_word' id='word_1_231' title='bbox 431 2332 468 2353; x_wconf 87' lang='lat' dir='ltr'>se</span> <span class='ocrx_word' id='word_1_232' title='bbox 484 2331 639 2353; x_wconf 86' lang='lat' dir='ltr'>seorsum</span> <span class='ocrx_word' id='word_1_233' title='bbox 662 2332 732 2353; x_wconf 85' lang='lat' dir='ltr'>me-</span> 
     </span>
     <span class='ocr_line' id='line_1_43' title="bbox 91 2367 732 2405; baseline 0.003 -7"><span class='ocrx_word' id='word_1_234' title='bbox 91 2369 265 2405; x_wconf 78' lang='lat' dir='ltr'>moratur3</span> <span class='ocrx_word' id='word_1_235' title='bbox 305 2367 358 2398; x_wconf 90' lang='lat' dir='ltr'>cui</span> <span class='ocrx_word' id='word_1_236' title='bbox 399 2367 484 2399; x_wconf 87' lang='lat' dir='ltr'>bene</span> <span class='ocrx_word' id='word_1_237' title='bbox 517 2368 732 2400; x_wconf 84' lang='lat' dir='ltr'>subiunctum</span> 
     </span>
     <span class='ocr_line' id='line_1_44' title="bbox 90 2411 732 2453; baseline 0.003 -11"><span class='ocrx_word' id='word_1_238' title='bbox 90 2415 144 2443; x_wconf 84' lang='lat' dir='ltr'>est</span> <span class='ocrx_word' id='word_1_239' title='bbox 168 2411 258 2452; x_wconf 89' lang='lat' dir='ltr'>quod</span> <span class='ocrx_word' id='word_1_240' title='bbox 293 2412 371 2444; x_wconf 88' lang='lat' dir='ltr'>inde</span> <span class='ocrx_word' id='word_1_241' title='bbox 405 2413 638 2453; x_wconf 84' lang='lat' dir='ltr'>consequitur:</span> <span class='ocrx_word' id='word_1_242' title='bbox 671 2427 732 2444; x_wconf 79' lang='grc' dir='ltr'>κω-</span> 
     </span>
     <span class='ocr_line' id='line_1_45' title="bbox 90 2455 733 2501; baseline 0.005 -13"><span class='ocrx_word' id='word_1_243' title='bbox 90 2455 167 2498; x_wconf 81' lang='grc' dir='ltr'><em>φός.</em></span> <span class='ocrx_word' id='word_1_244' title='bbox 207 2457 413 2499; x_wconf 83' lang='lat' dir='ltr'>Scripturam</span> <span class='ocrx_word' id='word_1_245' title='bbox 433 2457 646 2501; x_wconf 76' lang='grc' dir='ltr'><em>λασιόκωφος</em></span> <span class='ocrx_word' id='word_1_246' title='bbox 670 2459 733 2501; x_wconf 78' lang='lat' dir='ltr'>igi·-</span> 
     </span>
     <span class='ocr_line' id='line_1_46' title="bbox 91 2503 729 2545; baseline 0.005 -11"><span class='ocrx_word' id='word_1_247' title='bbox 91 2507 145 2534; x_wconf 89' lang='lat' dir='ltr'>tur</span> <span class='ocrx_word' id='word_1_248' title='bbox 181 2503 235 2534; x_wconf 74' lang='lat' dir='ltr'>vix</span> <span class='ocrx_word' id='word_1_249' title='bbox 273 2503 488 2545; x_wconf 79' lang='lat' dir='ltr'>probaveriS‚</span> <span class='ocrx_word' id='word_1_250' title='bbox 536 2504 614 2536; x_wconf 83' lang='lat' dir='ltr'>licet</span> <span class='ocrx_word' id='word_1_251' title='bbox 657 2515 729 2537; x_wconf 83' lang='lat' dir='ltr'>eam</span> 
     </span>
     <span class='ocr_line' id='line_1_47' title="bbox 91 2548 730 2591; baseline 0.003 -11"><span class='ocrx_word' id='word_1_252' title='bbox 91 2558 199 2591; x_wconf 87' lang='lat' dir='ltr'>nuper</span> <span class='ocrx_word' id='word_1_253' title='bbox 214 2548 503 2581; x_wconf 79' lang='lat' dir='ltr'>commendaverit</span> <span class='ocrx_word' id='word_1_254' title='bbox 520 2549 559 2580; x_wconf 89' lang='lat' dir='ltr'>W</span> <span class='ocrx_word' id='word_1_255' title='bbox 570 2551 578 2581; x_wconf 92' lang='lat' dir='ltr'>i</span> <span class='ocrx_word' id='word_1_256' title='bbox 590 2560 607 2581; x_wconf 80' lang='lat'>:1</span> <span class='ocrx_word' id='word_1_257' title='bbox 620 2551 666 2582; x_wconf 80' lang='lat' dir='ltr'>cl&lt;</span> <span class='ocrx_word' id='word_1_258' title='bbox 680 2562 696 2582; x_wconf 93' lang='lat' dir='ltr'>e</span> <span class='ocrx_word' id='word_1_259' title='bbox 707 2552 730 2582; x_wconf 88' lang='lat' dir='ltr'>l-</span> 
     </span>
     <span class='ocr_line' id='line_1_48' title="bbox 89 2593 730 2627; baseline 0.002 -1"><span class='ocrx_word' id='word_1_260' title='bbox 89 2604 274 2626; x_wconf 87' lang='lat' dir='ltr'>mannus</span> <span class='ocrx_word' id='word_1_261' title='bbox 310 2593 460 2626; x_wconf 76' lang='lat' dir='ltr'>Praesat.</span> <span class='ocrx_word' id='word_1_262' title='bbox 495 2594 536 2626; x_wconf 83' lang='lat' dir='ltr'>ad</span> <span class='ocrx_word' id='word_1_263' title='bbox 573 2595 625 2627; x_wconf 88' lang='lat' dir='ltr'>ed.</span> <span class='ocrx_word' id='word_1_264' title='bbox 659 2596 730 2627; x_wconf 87' lang='lat' dir='ltr'>Tu-</span> 
     </span>
     <span class='ocr_line' id='line_1_49' title="bbox 90 2639 729 2681; baseline 0.003 -9"><span class='ocrx_word' id='word_1_265' title='bbox 90 2640 210 2673; x_wconf 82' lang='lat' dir='ltr'>ricens.</span> <span class='ocrx_word' id='word_1_266' title='bbox 249 2640 328 2674; x_wconf 88' lang='lat' dir='ltr'>min</span> <span class='ocrx_word' id='word_1_267' title='bbox 362 2650 392 2681; x_wconf 89' lang='lat' dir='ltr'>p.</span> <span class='ocrx_word' id='word_1_268' title='bbox 428 2639 487 2671; x_wconf 88' lang='lat' dir='ltr'>Xl.</span> <span class='ocrx_word' id='word_1_269' title='bbox 528 2641 583 2681; x_wconf 85' lang='lat' dir='ltr'>qui</span> <span class='ocrx_word' id='word_1_270' title='bbox 624 2642 654 2673; x_wconf 91' lang='lat' dir='ltr'>in</span> <span class='ocrx_word' id='word_1_271' title='bbox 689 2653 729 2674; x_wconf 79' lang='grc' dir='ltr'><em>ιο</em></span> 
     </span>
     <span class='ocr_line' id='line_1_50' title="bbox 88 2685 730 2728; baseline 0.005 -11"><span class='ocrx_word' id='word_1_272' title='bbox 88 2695 223 2728; x_wconf 87' lang='lat' dir='ltr'>quoque</span> <span class='ocrx_word' id='word_1_273' title='bbox 251 2686 312 2717; x_wconf 81' lang='lat' dir='ltr'>suit</span> <span class='ocrx_word' id='word_1_274' title='bbox 335 2685 510 2725; x_wconf 81' lang='lat' dir='ltr'>audacior.</span> <span class='ocrx_word' id='word_1_275' title='bbox 535 2686 626 2726; x_wconf 87' lang='lat' dir='ltr'>quod</span> <span class='ocrx_word' id='word_1_276' title='bbox 654 2698 730 2720; x_wconf 85' lang='lat' dir='ltr'>ver-</span> 
     </span>
     <span class='ocr_line' id='line_1_51' title="bbox 89 2731 725 2775; baseline 0.006 -13"><span class='ocrx_word' id='word_1_277' title='bbox 89 2731 131 2763; x_wconf 87' lang='lat' dir='ltr'>ba</span> <span class='ocrx_word' id='word_1_278' title='bbox 154 2731 231 2775; x_wconf 59' lang='lat' dir='ltr'>nana</span> <span class='ocrx_word' id='word_1_279' title='bbox 255 2744 346 2766; x_wconf 82' lang='grc' dir='ltr'><em>ωτιι.</em></span> <span class='ocrx_word' id='word_1_280' title='bbox 374 2731 540 2764; x_wconf 87' lang='lat' dir='ltr'>communi</span> <span class='ocrx_word' id='word_1_281' title='bbox 564 2732 725 2766; x_wconf 87' lang='lat' dir='ltr'>librorum</span> 
     </span>
    </p>
   </div>
   <div class='ocr_carea' id='block_1_7' title="bbox 771 880 1443 924">
    <p class='ocr_par' dir='ltr' id='par_1_9' title="bbox 771 880 1443 924">
     <span class='ocr_line' id='line_1_52' title="bbox 771 880 1443 924; baseline 0.003 -11"><span class='ocrx_word' id='word_1_282' title='bbox 771 881 882 914; x_wconf 90' lang='lat' dir='ltr'>Codd.</span> <span class='ocrx_word' id='word_1_283' title='bbox 927 880 1083 914; x_wconf 83' lang='lat' dir='ltr'>DNOP.</span> <span class='ocrx_word' id='word_1_284' title='bbox 1110 880 1164 913; x_wconf 76' lang='lat' dir='ltr'>alii</span> <span class='ocrx_word' id='word_1_285' title='bbox 1192 881 1276 915; x_wconf 72' lang='grc' dir='ltr'>ὅταν</span> <span class='ocrx_word' id='word_1_286' title='bbox 1302 882 1341 924; x_wconf 69' lang='grc' dir='ltr'>δὴ</span> <span class='ocrx_word' id='word_1_287' title='bbox 1370 880 1443 916; x_wconf 74' lang='grc' dir='ltr'>οὖν.</span> 
     </span>
    </p>
   </div>
   <div class='ocr_carea' id='block_1_8' title="bbox 798 1038 1459 2774">
    <p class='ocr_par' dir='ltr' id='par_1_10' title="bbox 800 1038 1459 1806">
     <span class='ocr_line' id='line_1_53' title="bbox 802 1038 1448 1075; baseline -0.002 -5"><span class='ocrx_word' id='word_1_288' title='bbox 802 1038 1008 1071; x_wconf 80' lang='lat' dir='ltr'>auctoritate</span> <span class='ocrx_word' id='word_1_289' title='bbox 1034 1039 1245 1075; x_wconf 79' lang='lat' dir='ltr'>confirmata,</span> <span class='ocrx_word' id='word_1_290' title='bbox 1271 1039 1448 1070; x_wconf 81' lang='lat' dir='ltr'>eliminan-</span> 
     </span>
     <span class='ocr_line' id='line_1_54' title="bbox 803 1084 1446 1125; baseline 0 -9"><span class='ocrx_word' id='word_1_291' title='bbox 803 1084 844 1116; x_wconf 88' lang='lat' dir='ltr'>da</span> <span class='ocrx_word' id='word_1_292' title='bbox 871 1085 1011 1118; x_wconf 77' lang='lat' dir='ltr'>censuit.</span> <span class='ocrx_word' id='word_1_293' title='bbox 1066 1084 1176 1116; x_wconf 82' lang='lat' dir='ltr'>Recte</span> <span class='ocrx_word' id='word_1_294' title='bbox 1213 1086 1323 1116; x_wconf 86' lang='lat' dir='ltr'>locum</span> <span class='ocrx_word' id='word_1_295' title='bbox 1364 1085 1446 1125; x_wconf 69' lang='lat' dir='ltr'>legit</span> 
     </span>
     <span class='ocr_line' id='line_1_55' title="bbox 801 1130 1444 1164; baseline 0.003 -2"><span class='ocrx_word' id='word_1_296' title='bbox 801 1130 1076 1162; x_wconf 78' lang='lat' dir='ltr'>Plutarchus</span> <span class='ocrx_word' id='word_1_297' title='bbox 1109 1130 1251 1164; x_wconf 73' lang='lat' dir='ltr'>Quaest.</span> <span class='ocrx_word' id='word_1_298' title='bbox 1285 1131 1444 1164; x_wconf 83' lang='lat' dir='ltr'>Platonu.</span> 
     </span>
     <span class='ocr_line' id='line_1_56' title="bbox 801 1175 1447 1218; baseline -0.005 -9"><span class='ocrx_word' id='word_1_299' title='bbox 801 1186 834 1218; x_wconf 88' lang='lat' dir='ltr'>p.</span> <span class='ocrx_word' id='word_1_300' title='bbox 860 1175 938 1210; x_wconf 76' lang='lat'>276.</span> <span class='ocrx_word' id='word_1_301' title='bbox 970 1176 1024 1208; x_wconf 85' lang='lat' dir='ltr'>ed.</span> <span class='ocrx_word' id='word_1_302' title='bbox 1049 1177 1193 1208; x_wconf 82' lang='lat' dir='ltr'>Hutten.</span> <span class='ocrx_word' id='word_1_303' title='bbox 1218 1195 1261 1199; x_wconf 88' lang='lat'>—-</span> <span class='ocrx_word' id='word_1_304' title='bbox 1309 1175 1447 1217; x_wconf 71' lang='grc' dir='ltr'><em>κωφὸς</em></span> 
     </span>
     <span class='ocr_line' id='line_1_57' title="bbox 802 1222 1459 1261; baseline 0 -8"><span class='ocrx_word' id='word_1_305' title='bbox 802 1226 857 1254; x_wconf 87' lang='lat' dir='ltr'>est</span> <span class='ocrx_word' id='word_1_306' title='bbox 880 1222 910 1254; x_wconf 89' lang='lat' dir='ltr'>in</span> <span class='ocrx_word' id='word_1_307' title='bbox 927 1223 1116 1254; x_wconf 77' lang='lat' dir='ltr'>universum</span> <span class='ocrx_word' id='word_1_308' title='bbox 1145 1222 1290 1261; x_wconf 72' lang='lat' dir='ltr'>hebes,</span> <span class='ocrx_word' id='word_1_309' title='bbox 1319 1222 1459 1253; x_wconf 41' lang='lat' dir='ltr'>obtul</span> 
     </span>
     <span class='ocr_line' id='line_1_58' title="bbox 801 1267 1443 1309; baseline 0.003 -11"><span class='ocrx_word' id='word_1_310' title='bbox 801 1278 892 1307; x_wconf 87' lang='lat' dir='ltr'>sus,</span> <span class='ocrx_word' id='word_1_311' title='bbox 929 1267 1053 1300; x_wconf 85' lang='lat' dir='ltr'>deinde</span> <span class='ocrx_word' id='word_1_312' title='bbox 1094 1278 1174 1299; x_wconf 86' lang='lat' dir='ltr'>non</span> <span class='ocrx_word' id='word_1_313' title='bbox 1215 1268 1443 1309; x_wconf 83' lang='lat' dir='ltr'>obtempe-</span> 
     </span>
     <span class='ocr_line' id='line_1_59' title="bbox 800 1312 1442 1350; baseline 0 -6"><span class='ocrx_word' id='word_1_314' title='bbox 800 1323 918 1350; x_wconf 86' lang='lat' dir='ltr'>rans,</span> <span class='ocrx_word' id='word_1_315' title='bbox 977 1313 1050 1345; x_wconf 85' lang='lat' dir='ltr'>der</span> <span class='ocrx_word' id='word_1_316' title='bbox 1093 1313 1219 1345; x_wconf 79' lang='lat' dir='ltr'>nicht</span> <span class='ocrx_word' id='word_1_317' title='bbox 1265 1312 1361 1344; x_wconf 77' lang='lat' dir='ltr'>hiirt</span> <span class='ocrx_word' id='word_1_318' title='bbox 1408 1325 1442 1345; x_wconf 81' lang='lat' dir='ltr'>u.</span> 
     </span>
     <span class='ocr_line' id='line_1_60' title="bbox 801 1358 1442 1401; baseline -0.002 -10"><span class='ocrx_word' id='word_1_319' title='bbox 801 1358 939 1400; x_wconf 67' lang='lat' dir='ltr'>siem,</span> <span class='ocrx_word' id='word_1_320' title='bbox 973 1370 1073 1401; x_wconf 81' lang='lat' dir='ltr'>quam</span> <span class='ocrx_word' id='word_1_321' title='bbox 1100 1359 1131 1391; x_wconf 88' lang='lat' dir='ltr'>in</span> <span class='ocrx_word' id='word_1_322' title='bbox 1156 1370 1226 1392; x_wconf 89' lang='lat' dir='ltr'>rem</span> <span class='ocrx_word' id='word_1_323' title='bbox 1256 1361 1344 1393; x_wconf 79' lang='lat' dir='ltr'>Ast.</span> <span class='ocrx_word' id='word_1_324' title='bbox 1371 1360 1442 1391; x_wconf 84' lang='lat' dir='ltr'>lau-</span> 
     </span>
     <span class='ocr_line' id='line_1_61' title="bbox 802 1405 1444 1447; baseline 0 -11"><span class='ocrx_word' id='word_1_325' title='bbox 802 1405 860 1437; x_wconf 91' lang='lat' dir='ltr'>dat</span> <span class='ocrx_word' id='word_1_326' title='bbox 901 1405 1097 1439; x_wconf 82' lang='lat' dir='ltr'>Valcken</span> <span class='ocrx_word' id='word_1_327' title='bbox 1137 1405 1178 1436; x_wconf 88' lang='lat' dir='ltr'>ad</span> <span class='ocrx_word' id='word_1_328' title='bbox 1223 1408 1378 1438; x_wconf 78' lang='lat' dir='ltr'>Ammon</span> <span class='ocrx_word' id='word_1_329' title='bbox 1413 1416 1444 1447; x_wconf 85' lang='lat' dir='ltr'>p</span> 
     </span>
     <span class='ocr_line' id='line_1_62' title="bbox 804 1450 1446 1493; baseline -0.005 -8"><span class='ocrx_word' id='word_1_330' title='bbox 804 1450 878 1485; x_wconf 83' lang='lat'>133.</span> <span class='ocrx_word' id='word_1_331' title='bbox 917 1456 950 1483; x_wconf 87' lang='lat' dir='ltr'>et</span> <span class='ocrx_word' id='word_1_332' title='bbox 982 1451 1242 1493; x_wconf 72' lang='lat' dir='ltr'>wesseling.</span> <span class='ocrx_word' id='word_1_333' title='bbox 1285 1451 1326 1483; x_wconf 86' lang='lat' dir='ltr'>ad</span> <span class='ocrx_word' id='word_1_334' title='bbox 1361 1451 1446 1482; x_wconf 86' lang='lat' dir='ltr'>Dio-</span> 
     </span>
     <span class='ocr_line' id='line_1_63' title="bbox 803 1490 1445 1539; baseline -0.003 -10"><span class='ocrx_word' id='word_1_335' title='bbox 803 1497 876 1530; x_wconf 88' lang='lat' dir='ltr'>dor.</span> <span class='ocrx_word' id='word_1_336' title='bbox 903 1497 972 1530; x_wconf 89' lang='lat' dir='ltr'>Sic.</span> <span class='ocrx_word' id='word_1_337' title='bbox 999 1497 1056 1529; x_wconf 88' lang='lat' dir='ltr'>Ill.</span> <span class='ocrx_word' id='word_1_338' title='bbox 1083 1498 1136 1531; x_wconf 84' lang='lat'>51.</span> <span class='ocrx_word' id='word_1_339' title='bbox 1178 1496 1315 1539; x_wconf 85' lang='lat' dir='ltr'>Quippe</span> <span class='ocrx_word' id='word_1_340' title='bbox 1339 1490 1445 1528; x_wconf 74' lang='grc' dir='ltr'><strong>ἄκου’-</strong></span> 
     </span>
     <span class='ocr_line' id='line_1_64' title="bbox 802 1542 1447 1587; baseline 0 -13"><span class='ocrx_word' id='word_1_341' title='bbox 802 1555 872 1584; x_wconf 67' lang='lat' dir='ltr'>zm,</span> <span class='ocrx_word' id='word_1_342' title='bbox 917 1542 1046 1583; x_wconf 55' lang='lat' dir='ltr'>nivem,</span> <span class='ocrx_word' id='word_1_343' title='bbox 1088 1542 1290 1587; x_wconf 70' lang='grc' dir='ltr'><em>ακοοασθιιι</em></span> <span class='ocrx_word' id='word_1_344' title='bbox 1325 1543 1447 1574; x_wconf 87' lang='lat' dir='ltr'>dicitnr</span> 
     </span>
     <span class='ocr_line' id='line_1_65' title="bbox 804 1586 1445 1631; baseline -0.005 -10"><span class='ocrx_word' id='word_1_345' title='bbox 804 1599 866 1631; x_wconf 85' lang='lat' dir='ltr'>pro</span> <span class='ocrx_word' id='word_1_346' title='bbox 891 1586 1078 1621; x_wconf 67' lang='grc' dir='ltr'><em>ὑπακούειι</em></span> <span class='ocrx_word' id='word_1_347' title='bbox 1111 1588 1166 1620; x_wconf 77' lang='grc' dir='ltr'>καὶ</span> <span class='ocrx_word' id='word_1_348' title='bbox 1188 1588 1445 1627; x_wconf 62' lang='grc' dir='ltr'>ὑποτετάχθαι,</span> 
     </span>
     <span class='ocr_line' id='line_1_66' title="bbox 805 1634 1446 1667; baseline -0.002 -1"><span class='ocrx_word' id='word_1_349' title='bbox 805 1640 843 1666; x_wconf 93' lang='lat' dir='ltr'>ut</span> <span class='ocrx_word' id='word_1_350' title='bbox 859 1635 1020 1666; x_wconf 69' lang='lat' dir='ltr'>obserxat</span> <span class='ocrx_word' id='word_1_351' title='bbox 1039 1634 1318 1666; x_wconf 82' lang='lat' dir='ltr'>Grammaticus</span> <span class='ocrx_word' id='word_1_352' title='bbox 1311 1645 1342 1667; x_wconf 86' lang='lat' dir='ltr'>m</span> <span class='ocrx_word' id='word_1_353' title='bbox 1355 1634 1425 1666; x_wconf 82' lang='lat' dir='ltr'>ssel</span> <span class='ocrx_word' id='word_1_354' title='bbox 1431 1653 1446 1657; x_wconf 97' lang='lat'>-</span> 
     </span>
     <span class='ocr_line' id='line_1_67' title="bbox 802 1679 1444 1722; baseline 0 -10"><span class='ocrx_word' id='word_1_355' title='bbox 802 1680 872 1713; x_wconf 84' lang='lat' dir='ltr'>keri</span> <span class='ocrx_word' id='word_1_356' title='bbox 908 1680 1073 1713; x_wconf 81' lang='lat' dir='ltr'>Anecdot.</span> <span class='ocrx_word' id='word_1_357' title='bbox 1110 1681 1135 1712; x_wconf 90' lang='lat' dir='ltr'>I.</span> <span class='ocrx_word' id='word_1_358' title='bbox 1159 1692 1191 1722; x_wconf 91' lang='lat' dir='ltr'>p.</span> <span class='ocrx_word' id='word_1_359' title='bbox 1217 1680 1294 1714; x_wconf 78' lang='lat'>366.</span> <span class='ocrx_word' id='word_1_360' title='bbox 1320 1680 1374 1713; x_wconf 60' lang='lat'>28.</span> <span class='ocrx_word' id='word_1_361' title='bbox 1403 1679 1444 1712; x_wconf 72' lang='lat' dir='ltr'>cf.</span> 
     </span>
     <span class='ocr_line' id='line_1_68' title="bbox 801 1725 1447 1766; baseline 0 -8"><span class='ocrx_word' id='word_1_362' title='bbox 801 1725 1007 1766; x_wconf 85' lang='lat' dir='ltr'>Sophocl.</span> <span class='ocrx_word' id='word_1_363' title='bbox 1054 1726 1108 1760; x_wconf 74' lang='grc' dir='ltr'>Αἰ.</span> <span class='ocrx_word' id='word_1_364' title='bbox 1159 1737 1190 1760; x_wconf 82' lang='lat' dir='ltr'>v,</span> <span class='ocrx_word' id='word_1_365' title='bbox 1229 1726 1306 1759; x_wconf 81' lang='lat'>591.</span> <span class='ocrx_word' id='word_1_366' title='bbox 1349 1726 1447 1760; x_wconf 76' lang='lat'>1071.</span> 
     </span>
     <span class='ocr_line' id='line_1_69' title="bbox 800 1771 1352 1806; baseline 0.004 -2"><span class='ocrx_word' id='word_1_367' title='bbox 800 1772 887 1804; x_wconf 87' lang='lat' dir='ltr'>Oed.</span> <span class='ocrx_word' id='word_1_368' title='bbox 915 1772 989 1804; x_wconf 88' lang='lat' dir='ltr'>Col.</span> <span class='ocrx_word' id='word_1_369' title='bbox 1019 1783 1049 1805; x_wconf 87' lang='grc' dir='ltr'>ν.</span> <span class='ocrx_word' id='word_1_370' title='bbox 1079 1772 1154 1805; x_wconf 78' lang='grc'>172.</span> <span class='ocrx_word' id='word_1_371' title='bbox 1186 1771 1282 1806; x_wconf 77' lang='grc'><strong>1645.</strong></span> <span class='ocrx_word' id='word_1_372' title='bbox 1308 1773 1352 1806; x_wconf 87' lang='lat' dir='ltr'>al.</span> 
     </span>
    </p>

    <p class='ocr_par' dir='ltr' id='par_1_11' title="bbox 798 1816 1447 2774">
     <span class='ocr_line' id='line_1_70' title="bbox 843 1816 1442 1861; baseline 0.002 -13"><span class='ocrx_word' id='word_1_373' title='bbox 843 1816 943 1849; x_wconf 71' lang='grc' dir='ltr'>ἰδὼν</span> <span class='ocrx_word' id='word_1_374' title='bbox 975 1816 1024 1849; x_wconf 77' lang='grc' dir='ltr'>τὸ</span> <span class='ocrx_word' id='word_1_375' title='bbox 1056 1816 1269 1859; x_wconf 76' lang='grc' dir='ltr'>ἐρωτικὸν</span> <span class='ocrx_word' id='word_1_376' title='bbox 1301 1817 1442 1861; x_wconf 80' lang='grc' dir='ltr'>ὄμμα]</span> 
     </span>
     <span class='ocr_line' id='line_1_71' title="bbox 799 1864 1445 1897; baseline 0.002 -2"><span class='ocrx_word' id='word_1_377' title='bbox 799 1864 911 1896; x_wconf 83' lang='lat' dir='ltr'>Recte</span> <span class='ocrx_word' id='word_1_378' title='bbox 936 1864 1252 1897; x_wconf 86' lang='lat' dir='ltr'>Heindorfius:</span> <span class='ocrx_word' id='word_1_379' title='bbox 1279 1868 1445 1896; x_wconf 86' lang='lat' dir='ltr'>amato-</span> 
     </span>
     <span class='ocr_line' id='line_1_72' title="bbox 801 1909 1444 1952; baseline 0 -10"><span class='ocrx_word' id='word_1_380' title='bbox 801 1911 911 1942; x_wconf 87' lang='lat' dir='ltr'>rium</span> <span class='ocrx_word' id='word_1_381' title='bbox 957 1909 1064 1942; x_wconf 89' lang='lat' dir='ltr'>illud</span> <span class='ocrx_word' id='word_1_382' title='bbox 1116 1911 1444 1952; x_wconf 73' lang='lat' dir='ltr'>spectaculum,</span> 
     </span>
     <span class='ocr_line' id='line_1_73' title="bbox 801 1955 1444 1998; baseline -0.002 -11"><span class='ocrx_word' id='word_1_383' title='bbox 801 1966 869 1997; x_wconf 88' lang='lat' dir='ltr'>quo</span> <span class='ocrx_word' id='word_1_384' title='bbox 908 1966 1009 1987; x_wconf 83' lang='lat' dir='ltr'>sensu</span> <span class='ocrx_word' id='word_1_385' title='bbox 1047 1955 1147 1997; x_wconf 75' lang='grc' dir='ltr'>ὄμμα</span> <span class='ocrx_word' id='word_1_386' title='bbox 1195 1956 1284 1997; x_wconf 88' lang='lat' dir='ltr'>apud</span> <span class='ocrx_word' id='word_1_387' title='bbox 1325 1961 1444 1998; x_wconf 86' lang='lat' dir='ltr'>poetas</span> 
     </span>
     <span class='ocr_line' id='line_1_74' title="bbox 799 2001 1446 2043; baseline 0.003 -11"><span class='ocrx_word' id='word_1_388' title='bbox 799 2001 934 2043; x_wconf 86' lang='lat' dir='ltr'>quidem</span> <span class='ocrx_word' id='word_1_389' title='bbox 962 2011 1030 2033; x_wconf 90' lang='lat' dir='ltr'>non</span> <span class='ocrx_word' id='word_1_390' title='bbox 1055 2001 1248 2043; x_wconf 80' lang='lat' dir='ltr'>infrequens</span> <span class='ocrx_word' id='word_1_391' title='bbox 1282 2013 1358 2034; x_wconf 88' lang='lat' dir='ltr'>esse</span> <span class='ocrx_word' id='word_1_392' title='bbox 1383 2002 1446 2034; x_wconf 89' lang='lat' dir='ltr'>do-</span> 
     </span>
     <span class='ocr_line' id='line_1_75' title="bbox 801 2048 1445 2089; baseline 0 -9"><span class='ocrx_word' id='word_1_393' title='bbox 801 2048 870 2080; x_wconf 90' lang='lat' dir='ltr'>cuit</span> <span class='ocrx_word' id='word_1_394' title='bbox 885 2048 1089 2080; x_wconf 82' lang='lat' dir='ltr'>Valcken.</span> <span class='ocrx_word' id='word_1_395' title='bbox 1114 2048 1155 2080; x_wconf 88' lang='lat' dir='ltr'>ad</span> <span class='ocrx_word' id='word_1_396' title='bbox 1179 2048 1295 2089; x_wconf 71' lang='lat' dir='ltr'>Eurip.</span> <span class='ocrx_word' id='word_1_397' title='bbox 1316 2048 1445 2080; x_wconf 83' lang='lat' dir='ltr'>Phoen.</span> 
     </span>
     <span class='ocr_line' id='line_1_76' title="bbox 801 2092 1446 2136; baseline 0.002 -13"><span class='ocrx_word' id='word_1_398' title='bbox 801 2105 835 2136; x_wconf 92' lang='lat' dir='ltr'>p.</span> <span class='ocrx_word' id='word_1_399' title='bbox 855 2093 930 2126; x_wconf 72' lang='lat'>152.</span> <span class='ocrx_word' id='word_1_400' title='bbox 954 2097 988 2125; x_wconf 86' lang='lat' dir='ltr'>et</span> <span class='ocrx_word' id='word_1_401' title='bbox 1012 2093 1054 2126; x_wconf 82' lang='lat' dir='ltr'>ad</span> <span class='ocrx_word' id='word_1_402' title='bbox 1073 2096 1230 2127; x_wconf 86' lang='lat' dir='ltr'>Ammon.</span> <span class='ocrx_word' id='word_1_403' title='bbox 1250 2093 1348 2135; x_wconf 77' lang='lat' dir='ltr'>p.76.</span> <span class='ocrx_word' id='word_1_404' title='bbox 1375 2092 1446 2124; x_wconf 85' lang='lat' dir='ltr'>Sed</span> 
     </span>
     <span class='ocr_line' id='line_1_77' title="bbox 801 2137 1447 2181; baseline -0.006 -9"><span class='ocrx_word' id='word_1_405' title='bbox 801 2139 894 2181; x_wconf 81' lang='lat' dir='ltr'>quod</span> <span class='ocrx_word' id='word_1_406' title='bbox 920 2138 1009 2171; x_wconf 90' lang='lat' dir='ltr'>idem</span> <span class='ocrx_word' id='word_1_407' title='bbox 1038 2139 1086 2170; x_wconf 75' lang='lat' dir='ltr'>vir</span> <span class='ocrx_word' id='word_1_408' title='bbox 1111 2139 1234 2171; x_wconf 86' lang='lat' dir='ltr'>doctus</span> <span class='ocrx_word' id='word_1_409' title='bbox 1263 2140 1294 2171; x_wconf 85' lang='lat' dir='ltr'>in</span> <span class='ocrx_word' id='word_1_410' title='bbox 1320 2137 1447 2178; x_wconf 68' lang='grc' dir='ltr'>αἰσθή-</span> 
     </span>
     <span class='ocr_line' id='line_1_78' title="bbox 804 2184 1447 2223; baseline -0.002 -6"><span class='ocrx_word' id='word_1_411' title='bbox 804 2197 853 2217; x_wconf 79' lang='grc' dir='ltr'><em>σει</em></span> <span class='ocrx_word' id='word_1_412' title='bbox 878 2185 1007 2223; x_wconf 78' lang='lat' dir='ltr'>haesit,</span> <span class='ocrx_word' id='word_1_413' title='bbox 1041 2184 1119 2216; x_wconf 87' lang='lat' dir='ltr'>mihi</span> <span class='ocrx_word' id='word_1_414' title='bbox 1150 2195 1191 2216; x_wconf 89' lang='lat' dir='ltr'>ea</span> <span class='ocrx_word' id='word_1_415' title='bbox 1216 2185 1259 2217; x_wconf 90' lang='lat' dir='ltr'>de</span> <span class='ocrx_word' id='word_1_416' title='bbox 1284 2195 1321 2216; x_wconf 88' lang='lat' dir='ltr'>re</span> <span class='ocrx_word' id='word_1_417' title='bbox 1346 2194 1447 2216; x_wconf 89' lang='lat' dir='ltr'>secus</span> 
     </span>
     <span class='ocr_line' id='line_1_79' title="bbox 802 2229 1445 2272; baseline 0.002 -11"><span class='ocrx_word' id='word_1_418' title='bbox 802 2231 935 2262; x_wconf 67' lang='lat' dir='ltr'>videtur</span> <span class='ocrx_word' id='word_1_419' title='bbox 966 2229 1104 2261; x_wconf 87' lang='lat' dir='ltr'>iudicari</span> <span class='ocrx_word' id='word_1_420' title='bbox 1139 2234 1311 2272; x_wconf 83' lang='lat' dir='ltr'>oportere.</span> <span class='ocrx_word' id='word_1_421' title='bbox 1359 2229 1445 2262; x_wconf 79' lang='lat' dir='ltr'>Nam</span> 
     </span>
     <span class='ocr_line' id='line_1_80' title="bbox 802 2276 1446 2316; baseline -0.005 -7"><span class='ocrx_word' id='word_1_422' title='bbox 802 2278 896 2309; x_wconf 78' lang='lat' dir='ltr'>labes</span> <span class='ocrx_word' id='word_1_423' title='bbox 923 2276 1039 2307; x_wconf 80' lang='lat' dir='ltr'>haeret</span> <span class='ocrx_word' id='word_1_424' title='bbox 1064 2276 1174 2316; x_wconf 87' lang='lat' dir='ltr'>potius</span> <span class='ocrx_word' id='word_1_425' title='bbox 1193 2276 1222 2307; x_wconf 86' lang='lat' dir='ltr'>in</span> <span class='ocrx_word' id='word_1_426' title='bbox 1241 2277 1344 2308; x_wconf 80' lang='lat' dir='ltr'>verbo</span> <span class='ocrx_word' id='word_1_427' title='bbox 1370 2276 1446 2307; x_wconf 76' lang='grc' dir='ltr'><em>δια-</em></span> 
     </span>
     <span class='ocr_line' id='line_1_81' title="bbox 802 2319 1445 2364; baseline 0.003 -12"><span class='ocrx_word' id='word_1_428' title='bbox 802 2319 990 2364; x_wconf 41' lang='grc' dir='ltr'>θερμήιιας.</span> <span class='ocrx_word' id='word_1_429' title='bbox 1047 2321 1139 2354; x_wconf 82' lang='lat' dir='ltr'>Quid</span> <span class='ocrx_word' id='word_1_430' title='bbox 1176 2322 1290 2354; x_wconf 71' lang='lat' dir='ltr'>enim?</span> <span class='ocrx_word' id='word_1_431' title='bbox 1332 2322 1445 2361; x_wconf 67' lang='lat' dir='ltr'>auriga</span> 
     </span>
     <span class='ocr_line' id='line_1_82' title="bbox 802 2367 1445 2409; baseline 0 -10"><span class='ocrx_word' id='word_1_432' title='bbox 802 2378 881 2400; x_wconf 87' lang='lat' dir='ltr'>num</span> <span class='ocrx_word' id='word_1_433' title='bbox 909 2367 970 2398; x_wconf 91' lang='lat' dir='ltr'>dici</span> <span class='ocrx_word' id='word_1_434' title='bbox 998 2371 1089 2398; x_wconf 91' lang='lat' dir='ltr'>recte</span> <span class='ocrx_word' id='word_1_435' title='bbox 1115 2371 1232 2409; x_wconf 87' lang='lat' dir='ltr'>potest</span> <span class='ocrx_word' id='word_1_436' title='bbox 1256 2368 1341 2399; x_wconf 81' lang='lat' dir='ltr'>illius</span> <span class='ocrx_word' id='word_1_437' title='bbox 1366 2378 1445 2409; x_wconf 81' lang='lat' dir='ltr'>spe-</span> 
     </span>
     <span class='ocr_line' id='line_1_83' title="bbox 802 2413 1446 2454; baseline -0.002 -8"><span class='ocrx_word' id='word_1_438' title='bbox 802 2413 924 2446; x_wconf 87' lang='lat' dir='ltr'>ctaculi</span> <span class='ocrx_word' id='word_1_439' title='bbox 942 2414 1164 2454; x_wconf 79' lang='lat' dir='ltr'>perceptione</span> <span class='ocrx_word' id='word_1_440' title='bbox 1184 2414 1371 2446; x_wconf 89' lang='lat' dir='ltr'>universam</span> <span class='ocrx_word' id='word_1_441' title='bbox 1390 2425 1446 2445; x_wconf 83' lang='lat' dir='ltr'>ca-</span> 
     </span>
     <span class='ocr_line' id='line_1_84' title="bbox 802 2458 1446 2492; baseline 0.002 -1"><span class='ocrx_word' id='word_1_442' title='bbox 802 2458 958 2491; x_wconf 84' lang='lat' dir='ltr'>lefecisse</span> <span class='ocrx_word' id='word_1_443' title='bbox 973 2458 1146 2491; x_wconf 69' lang='lat' dir='ltr'>animam?</span> <span class='ocrx_word' id='word_1_444' title='bbox 1184 2459 1325 2491; x_wconf 89' lang='lat' dir='ltr'>Minime</span> <span class='ocrx_word' id='word_1_445' title='bbox 1352 2470 1446 2492; x_wconf 89' lang='lat' dir='ltr'>vero.</span> 
     </span>
     <span class='ocr_line' id='line_1_85' title="bbox 802 2504 1446 2546; baseline 0 -9"><span class='ocrx_word' id='word_1_446' title='bbox 802 2504 913 2537; x_wconf 89' lang='lat' dir='ltr'>Huius</span> <span class='ocrx_word' id='word_1_447' title='bbox 939 2504 1027 2536; x_wconf 86' lang='lat' dir='ltr'>enim</span> <span class='ocrx_word' id='word_1_448' title='bbox 1055 2509 1108 2536; x_wconf 91' lang='lat' dir='ltr'>est</span> <span class='ocrx_word' id='word_1_449' title='bbox 1142 2515 1248 2546; x_wconf 85' lang='lat' dir='ltr'>equos</span> <span class='ocrx_word' id='word_1_450' title='bbox 1274 2504 1446 2537; x_wconf 87' lang='lat' dir='ltr'>ferocien-</span> 
     </span>
     <span class='ocr_line' id='line_1_86' title="bbox 799 2550 1445 2591; baseline 0.002 -9"><span class='ocrx_word' id='word_1_451' title='bbox 799 2555 852 2582; x_wconf 88' lang='lat' dir='ltr'>tes</span> <span class='ocrx_word' id='word_1_452' title='bbox 878 2550 1019 2582; x_wconf 83' lang='lat' dir='ltr'>domare</span> <span class='ocrx_word' id='word_1_453' title='bbox 1044 2554 1146 2591; x_wconf 86' lang='lat' dir='ltr'>atque</span> <span class='ocrx_word' id='word_1_454' title='bbox 1172 2550 1342 2583; x_wconf 86' lang='lat' dir='ltr'>cohibere.</span> <span class='ocrx_word' id='word_1_455' title='bbox 1374 2550 1445 2583; x_wconf 89' lang='lat' dir='ltr'>Le-</span> 
     </span>
     <span class='ocr_line' id='line_1_87' title="bbox 799 2596 1445 2638; baseline 0 -12"><span class='ocrx_word' id='word_1_456' title='bbox 799 2596 946 2638; x_wconf 72' lang='lat' dir='ltr'>gendum</span> <span class='ocrx_word' id='word_1_457' title='bbox 978 2605 1158 2628; x_wconf 87' lang='lat' dir='ltr'>censemus</span> <span class='ocrx_word' id='word_1_458' title='bbox 1194 2597 1445 2638; x_wconf 70' lang='grc' dir='ltr'>διαθερμῆναν,</span> 
     </span>
     <span class='ocr_line' id='line_1_88' title="bbox 799 2640 1445 2683; baseline 0 -9"><span class='ocrx_word' id='word_1_459' title='bbox 799 2643 877 2674; x_wconf 75' lang='lat' dir='ltr'>Quo</span> <span class='ocrx_word' id='word_1_460' title='bbox 912 2640 1005 2673; x_wconf 81' lang='lat' dir='ltr'>facto</span> <span class='ocrx_word' id='word_1_461' title='bbox 1039 2642 1206 2675; x_wconf 87' lang='lat' dir='ltr'>sententia</span> <span class='ocrx_word' id='word_1_462' title='bbox 1239 2653 1349 2683; x_wconf 85' lang='lat' dir='ltr'>neque</span> <span class='ocrx_word' id='word_1_463' title='bbox 1383 2643 1445 2674; x_wconf 79' lang='lat' dir='ltr'>ab-</span> 
     </span>
     <span class='ocr_line' id='line_1_89' title="bbox 799 2687 1444 2728; baseline 0.003 -10"><span class='ocrx_word' id='word_1_464' title='bbox 799 2687 901 2718; x_wconf 86' lang='lat' dir='ltr'>surda</span> <span class='ocrx_word' id='word_1_465' title='bbox 937 2687 1071 2720; x_wconf 86' lang='lat' dir='ltr'>exsistit</span> <span class='ocrx_word' id='word_1_466' title='bbox 1104 2693 1138 2720; x_wconf 85' lang='lat' dir='ltr'>ct</span> <span class='ocrx_word' id='word_1_467' title='bbox 1164 2690 1254 2721; x_wconf 88' lang='lat' dir='ltr'>clara</span> <span class='ocrx_word' id='word_1_468' title='bbox 1278 2689 1315 2720; x_wconf 80' lang='lat' dir='ltr'>fit</span> <span class='ocrx_word' id='word_1_469' title='bbox 1339 2692 1444 2728; x_wconf 83' lang='lat' dir='ltr'>atquc</span> 
     </span>
     <span class='ocr_line' id='line_1_90' title="bbox 798 2732 986 2774; baseline 0.011 -9"><span class='ocrx_word' id='word_1_470' title='bbox 798 2732 986 2774; x_wconf 82' lang='lat' dir='ltr'>perspicua.</span> 
     </span>
    </p>
   </div>
  </div>
 </body>
</html>
