1687 2969
193 180 243 216 78
735 179 992 218 PLATONIS

191 300 277 326 των
316 285 479 338 μέντοι,
535 281 567 328 ὦ
602 289 870 337 Καλλίκλεις,
923 289 1054 336 αἴτιος
1098 292 1327 341 Χαιρεφῶν
1363 285 1454 340 ὅδε,
1495 287 1540 330 ἐν

192 423 265 444 0550
299 413 404 445 fertur
435 414 640 457 Empedoele
664 417 831 458 Agrigen-

192 459 263 490 tino
303 459 359 490 vel
399 460 507 491 amico
546 460 601 492 vel
645 463 829 503 magistro:

192 504 314 545 Diog.
334 505 471 536 Laert.
490 505 647 545 VIII,58.
663 511 696 537 et
715 506 830 538 Suid.

192 559 217 579 s.
243 559 273 579 v.
301 550 451 588 Quint.
476 550 552 589 l.c.‚
577 550 610 581 id
636 551 725 592 quod
751 562 830 592 quo-

191 593 369 625 daminodo
395 596 496 626 etiam
530 606 568 627 eo
601 596 830 636 confirmatur,

192 639 279 679 quod
332 639 421 680 apud
469 640 647 672 Platonem
694 642 830 672 Menon.

191 694 222 725 p.
248 682 299 715 76.
327 684 363 716 C.
395 688 427 716 et
453 685 555 727 Gorg.
580 685 656 718 493.
681 688 722 717 A.
754 685 830 718 507.

191 730 229 760 F..
256 730 362 770 ipsius
380 731 489 771 gratia
516 731 681 771 quaedam
704 731 831 772 placita

191 773 420 815 Empedoclea
438 780 678 807 memorantur.
712 777 830 817 Neque

192 819 277 849 nihil
298 819 364 849 huc
382 820 474 859 facit,
499 820 589 860 quod
606 821 830 861 Empedocles

191 875 245 904 ap.
279 864 395 895 Sext.
420 865 530 905 Emp.
556 866 631 904 VII,
654 865 684 898 6.
707 867 829 908 Diog.

191 909 299 939 Laer
311 914 331 939 t.
358 910 452 948 VIII,
477 908 528 941 57.
556 915 712 941 narratur
738 912 828 942 circa

190 954 391 985 rhetoricam
429 955 586 986 nonnihil
619 956 830 996 κεκινηκέναι

192 998 345 1039 adeoque
370 999 462 1030 illius
489 1000 568 1031 artis
592 1001 750 1032 inventor
775 1011 832 1032 ex-

191 1044 330 1075 stitisse.
390 1044 455 1075 Sed
486 1045 551 1076 hoc
587 1045 722 1086 quidem
755 1050 831 1076 utut

192 1093 261 1127 est,
301 1090 483 1120 coniunxit
520 1091 664 1132 Gorgias
703 1091 831 1132 primus

191 1134 397 1165 rhetoricam
430 1135 641 1167 artificialem
676 1146 753 1167 cum
780 1146 831 1167 so-

191 1179 339 1220 phistica
368 1190 474 1220 eaque
508 1191 542 1211 re
578 1191 656 1212 vere
689 1181 832 1212 admira-

193 1224 269 1254 bilis
288 1225 428 1262 exstitit,
450 1230 487 1256 ut
503 1235 567 1256 nec
584 1225 693 1264 Plato,
715 1237 831 1266 quam-

191 1269 242 1299 vis
275 1280 350 1300 enm
383 1270 546 1301 deluserit
586 1271 621 1301 in
666 1270 730 1302 hoc
762 1271 830 1301 dia-

190 1313 280 1355 logo,
298 1315 491 1355 petulanter
504 1315 600 1346 illum
625 1316 831 1355 tractaverit,

192 1364 229 1389 ut
246 1359 417 1400 sophistas
441 1360 537 1399 alios,
564 1361 623 1392 sed
640 1361 830 1393 verecunde

190 1405 376 1443 taxaverit,
419 1405 692 1446 quandoquidem
726 1407 831 1437 maior

190 1450 336 1490 impetus
369 1450 606 1491 irrisionisque
644 1461 721 1492 pars
762 1462 828 1482 non

191 1495 225 1524 in
251 1496 373 1535 ipsum,
398 1494 455 1526 sed
480 1496 513 1526 in
534 1495 710 1527 Calliclem
731 1500 831 1536 atque

190 1539 333 1579 Polum,
365 1540 438 1571 eius
471 1540 695 1582 discipulum,
729 1541 830 1572 cadit.

190 1585 373 1616 Enimvero
420 1585 630 1617 artificialem
672 1586 831 1627 eloquen-

190 1630 270 1661 tiam
303 1630 449 1671 primum
480 1635 614 1662 constat
644 1632 679 1662 in
712 1631 832 1663 Sicilia

191 1679 224 1706 ct
246 1680 361 1706 natam
380 1679 413 1706 et
433 1676 605 1707 excultam
626 1687 716 1715 esse,
741 1676 831 1717 quod

191 1720 396 1761 quibusnam
422 1721 553 1752 caussis
578 1726 611 1752 ct
635 1722 830 1762 opportuni-

190 1764 318 1796 tatibus
351 1765 399 1796 ita
431 1766 613 1805 acciderit,
655 1776 763 1807 nuper
794 1767 829 1798 in

190 1809 448 1852 I'rolegomenis
473 1811 515 1842 ad
532 1810 725 1843 Phaedrum
750 1811 828 1843 edit.

191 1855 328 1886 secund.
353 1865 384 1896 p.
409 1855 522 1887 XCIX
547 1866 640 1897 seqq.
672 1857 830 1897 exposui-

190 1911 275 1931 mus.
345 1900 459 1932 Huius
495 1912 574 1933 vero
614 1900 829 1942 eloquentiae

190 1955 289 1976 usum
307 1945 452 1987 Gorgias
479 1947 606 1987 primus
630 1946 771 1987 pertulit
794 1947 829 1977 in

191 1990 368 2021 Graeciam
393 1989 509 2031 ibique
528 1990 734 2030 nobilitavit,
763 2002 829 2032 quo

189 2040 338 2076 tempore
363 2045 432 2066 una
451 2046 527 2068 cum
545 2036 640 2066 Tisia
658 2046 678 2067 a
695 2036 829 2067 civibus

189 2081 260 2111 suis
286 2080 439 2112 Athenas
464 2080 596 2122 legatus
619 2081 743 2112 missus
768 2086 829 2120 est,

189 2129 227 2155 ut
274 2125 344 2155 illis
388 2125 551 2157 adversus
593 2126 829 2167 Syracusanos

188 2169 452 2201 Atheniensium
489 2170 657 2201 auxilium
696 2181 830 2212 compa-

189 2219 287 2246 raret.
337 2215 434 2254 Quod
460 2216 595 2256 quidem
621 2220 705 2247 teste
731 2216 830 2247 Dio-

189 2259 288 2291 doro
305 2259 385 2291 Sic.
400 2260 478 2300 XII,
490 2259 542 2292 12.
559 2261 684 2292 accidit
693 2261 829 2302 Olymp.

189 2304 414 2336 LXXXVIII.
439 2316 468 2336 a.
493 2305 523 2337 2.
559 2316 627 2337 non
652 2307 698 2337 ita
723 2306 828 2337 multo

189 2353 267 2390 post
276 2350 419 2381 Periclis
427 2354 579 2390 mortem,
590 2351 827 2392 quemOlymp.

189 2394 395 2425 LXXXVII.
421 2405 450 2425 a.
475 2394 505 2426 4.
539 2395 734 2437 pestilentia
758 2406 828 2427 cor-

188 2444 321 2480 reptum
351 2450 546 2480 supremum
578 2441 666 2472 diem
704 2441 828 2472 obiisse

189 2488 334 2515 constat.
367 2484 455 2515 conf.
482 2485 666 2517 Pausan.
691 2486 750 2525 VI,
775 2484 828 2517 17.

190 2529 270 2560 Dici
293 2532 405 2560 autem
430 2539 498 2560 non
523 2534 654 2571 potest,
688 2535 829 2571 quanto-

189 2584 268 2614 pere
292 2583 382 2605 nova.
417 2577 449 2604 et
477 2574 618 2606 insolita
648 2586 702 2607 ars
727 2575 830 2607 Athe-

190 2619 368 2650 niensibus
384 2618 563 2659 placuerit,
587 2620 646 2660 qui
671 2630 729 2652 eos
746 2619 828 2660 dies,

189 2664 313 2704 quibus
340 2664 485 2705 Gorgias
509 2664 604 2695 illam
636 2665 830 2697 ostentabat

190 2713 222 2741 et
232 2707 414 2749 ἐπιδείξεις
430 2709 640 2750 instituebat,
656 2720 716 2752 pro
733 2710 828 2742 festis

900 414 1093 447 habuerunt
1124 415 1265 457 eiusque
1289 416 1458 448 orationes
1483 427 1540 448 vo-

901 465 1020 491 carunt
1044 460 1289 501 lampadas,
1326 460 1367 492 de
1392 472 1457 503 qua
1483 462 1539 493 ad-

899 506 1077 536 miratione
1119 510 1220 546 atque
1264 506 1375 537 studio
1422 517 1537 538 eorum

899 561 932 581 v.
963 550 1086 581 Diod.
1127 551 1208 582 Sic.
1242 551 1263 582 l.
1297 562 1324 583 c.
1357 552 1536 582 Aristot.

899 596 996 626 Rhet.
1027 596 1097 634 III,
1139 595 1173 634 l,
1208 595 1238 627 9.
1271 596 1410 627 Cicer.
1444 597 1539 628 Orat.

900 650 929 671 e.
953 639 1005 672 49.
1033 642 1091 672 De
1118 644 1234 671 orat.
1260 641 1328 680 ΙΙΙ,
1359 639 1413 672 33.
1437 642 1539 672 Lon-

899 685 1075 726 gin.11[‚
1109 685 1146 724 1,
1176 684 1207 717 2.
1234 686 1413 727 Dionys.
1445 686 1538 717 Hal.

900 732 951 761 De
977 730 1094 762 admir.
1120 731 1153 760 vi
1182 731 1355 762 Demosth.
1381 741 1407 762 c.
1434 731 1473 770 4,
1506 732 1536 763 (5.

901 780 933 806 ct
964 775 1071 816 Epist.
1113 775 1154 806 ad
1187 776 1336 817 Pompei.
1375 787 1402 807 c.
1444 775 1472 807 l.
1506 775 1538 807 2.

901 820 1135 862 Olympiod
1148 832 1198 851 or.
1227 821 1268 851 ad
1293 821 1324 851 h.
1343 821 1363 851 l.
1390 826 1422 851 ct
1446 820 1539 851 Pla-

900 871 982 896 ton.
1008 867 1110 907 IIipp.
1135 867 1212 896 mni.
1240 877 1269 907 p.
1295 864 1371 897 282.
1396 867 1433 897 B.
1475 866 1540 897 lta-

900 920 964 950 que
988 921 1050 942 nec.
1085 911 1204 941 mirum
1236 916 1304 949 est,
1342 910 1398 941 hic
1424 915 1539 942 tantus

901 956 1008 986 honos
1049 955 1115 996 ipsi
1153 955 1294 986 habitus
1336 955 1424 996 quod
1464 967 1537 987 eam

900 1000 968 1030 vim
994 1000 1084 1041 apud
1116 1000 1226 1041 ipsum
1258 1000 1397 1038 habuit,
1430 1005 1467 1031 ut
1491 1013 1539 1033 rc-

900 1044 983 1075 lieta
1019 1045 1146 1086 patria,
1184 1050 1255 1076 tum
1286 1045 1537 1077 dissensionum

900 1089 1021 1131 plena,
1043 1089 1207 1131 reliquam
1233 1090 1323 1121 vitae
1348 1095 1475 1132 partem
1504 1092 1536 1122 in

901 1135 1047 1166 Graecia
1101 1136 1288 1177 transigere
1332 1135 1540 1176 decerneret,

899 1190 1104 1221 quamquam
1130 1181 1240 1221 ipsum
1272 1186 1538 1212 consentaneum

900 1231 969 1263 est,
1009 1226 1203 1266 priusquam
1244 1224 1290 1256 ibi
1328 1225 1536 1257 domicilium

900 1269 1027 1312 figeret,
1049 1270 1190 1302 rediisse
1204 1270 1338 1301 domum
1359 1271 1538 1312 legationis

899 1314 1059 1356 publicae
1082 1315 1291 1346 redditurum
1309 1316 1458 1348 rationes
1483 1327 1539 1357 po-

899 1358 1077 1401 pularibus
1110 1361 1191 1391 suis.
1250 1360 1392 1392 Videtur
1425 1369 1536 1393 :uitem

900 1416 967 1436 non
992 1405 1098 1436 multo
1124 1411 1199 1447 post
1216 1405 1356 1436 rediisse
1382 1407 1416 1436 in
1436 1407 1539 1437 Grae-

900 1451 987 1482 ciam
999 1460 1139 1491 camque
1150 1455 1265 1490 totam,
1275 1452 1423 1482 maxime
1434 1452 1536 1483 etiam

900 1495 1127 1536 Thessaliam,
1147 1496 1251 1527 variis
1269 1495 1477 1537 temporibus
1492 1497 1538 1528 ita

900 1540 1111 1580 lustravisse,
1137 1545 1173 1571 ut
1197 1540 1323 1582 ubique
1349 1542 1430 1572 artis
1455 1552 1538 1573 suae

900 1585 1103 1617 documenta
1139 1586 1315 1617 exhiberet
1349 1587 1403 1617 vcl
1436 1588 1537 1618 ctiam

899 1631 1061 1670 iuvenes,
1109 1632 1166 1671 qui
1205 1631 1344 1672 plurimi
1383 1631 1424 1662 ad
1462 1643 1537 1663 cum

900 1686 1009 1707 novae
1035 1677 1116 1707 artis
1142 1685 1264 1707 caussa
1289 1676 1536 1716 confluxerunt,

900 1725 1042 1762 accepta
1073 1721 1141 1752 fere
1166 1731 1185 1752 a
1210 1721 1375 1763 singulis,
1408 1721 1540 1753 Suida

899 1770 995 1806 teste,
1020 1770 1240 1797 centenarum
1264 1766 1436 1797 minarum
1452 1777 1538 1798 mer-

898 1811 992 1850 cede,
1004 1810 1140 1842 dicendi
1149 1810 1541 1852 disciplinainstitueret.

899 1857 949 1887 De
969 1855 1096 1887 scholis
1112 1855 1154 1888 ab
1174 1866 1214 1887 eo
1237 1855 1364 1887 habitis
1382 1867 1413 1888 v.
1431 1856 1476 1887 Pl
1488 1861 1539 1888 at.

898 1901 1002 1943 Hipp.
1028 1901 1107 1933 mai.
1131 1911 1162 1942 p.
1180 1899 1255 1933 282.
1266 1901 1304 1932 B.
1330 1902 1460 1932 Isocr.
1486 1902 1538 1932 De

899 1945 1043 1977 antidos.
1071 1946 1102 1984 ἕ.
1120 1945 1194 1977 155.
1219 1945 1298 1977 coll.
1323 1946 1536 1978 Philostr.

899 1991 966 2022 Vit.
993 1990 1140 2032 Sophist.
1164 2001 1196 2032 p.
1220 1988 1296 2023 492.
1321 1990 1461 2023 Cicer.
1486 1992 1539 2022 De

899 2035 972 2067 Inv.
998 2037 1024 2074 Ι,
1049 2035 1079 2067 5.
1138 2036 1215 2067 Hoc
1239 2046 1319 2067 vero
1343 2036 1443 2068 modo
1468 2047 1537 2068 ma-

897 2081 976 2123 gnis
1000 2091 1107 2121 usque
1132 2080 1328 2112 cumulatus
1351 2080 1539 2114 honoribus

900 2126 1052 2167 (Cicer.
1078 2126 1130 2157 De
1146 2125 1250 2162 ,Orat.
1272 2126 1332 2165 111,
1357 2124 1411 2158 32.
1437 2127 1537 2158 Pau-

899 2181 986 2202 san.
1012 2171 1076 2209 VI,
1102 2168 1132 2202 7.
1157 2171 1207 2210 X,
1232 2169 1262 2202 2.
1288 2171 1399 2202 Plin.
1426 2172 1466 2203 N.
1493 2172 1536 2203 H.

897 2215 1061 2256 XXXIII,
1093 2215 1138 2257 4.)
1174 2217 1278 2246 vitam
1311 2216 1382 2257 egit
1411 2217 1539 2247 diutur-

898 2271 988 2300 nam,
1011 2270 1120 2301 usque
1134 2259 1215 2291 dum
1234 2260 1368 2292 tandem
1388 2261 1430 2292 ad
1449 2272 1538 2292 sum-

897 2316 987 2336 mam
1011 2311 1191 2346 provectus
1210 2309 1417 2337 senectutem
1434 2307 1537 2337 Athe-

897 2351 969 2390 nis,
1000 2349 1060 2381 ubi
1083 2354 1252 2392 postremo
1282 2350 1418 2382 videtur
1449 2361 1536 2382 com-

897 2400 1046 2427 moratus
1077 2405 1150 2426 esse
1184 2399 1368 2437 perpetuo,
1401 2396 1535 2437 placide

898 2440 1046 2471 animam
1097 2441 1293 2481 exspiravit.
1340 2452 1372 2472 v.
1414 2440 1538 2472 Athe-

897 2495 1031 2517 naeus
1057 2485 1180 2526 Deipn.
1205 2486 1264 2516 XI.
1284 2495 1316 2526 p.
1334 2484 1410 2518 505.
1436 2485 1536 2517 Cen-

898 2530 1029 2562 sorin.
1054 2530 1252 2562 Dedienat.
1270 2528 1539 2570 c.4.Quintil.

897 2576 981 2606 Inst.
1006 2575 1068 2613 III,
1094 2574 1121 2606 1.
1159 2576 1335 2607 Lucian.
1362 2577 1536 2617 Longaev.

898 2621 928 2658 ξ.
952 2618 1005 2651 23.
1041 2620 1164 2661 Diog.
1189 2621 1332 2652 Laert.
1363 2621 1459 2659 VIII,
1482 2619 1535 2652 58.

896 2665 1026 2696 Morem
1061 2665 1135 2696 eius
1160 2665 1314 2705 dicendi,
1349 2664 1532 2706 figurarum

896 2710 1044 2742 maxime
1069 2714 1101 2741 et
1125 2714 1298 2752 troporum
1327 2710 1535 2742 ornamentis
