1687 2969
226 182 243 216 1
252 182 303 217 02
772 178 980 216 PLATON
982 178 1031 216 IS

223 287 262 327 εἴ
285 302 357 340 μοι
385 289 510 336 εἰπες.
541 285 604 327 ὅτι
634 285 657 327 6
686 285 736 326 τὰ
765 287 850 336 {coa
876 286 1085 339 γράφων,
1100 279 1177 341 ἆρ’
1207 285 1287 326 οὐκ
1316 285 1370 326 ἂν
1399 286 1571 334 δικαίως

223 362 268 392 σε
309 351 498 405 ἠρόμην,
549 351 572 392 6
621 350 671 391 τὰ
709 354 811 392 ποῖα
851 354 937 391 τῶν
976 352 1095 400 ζώων
1133 350 1314 403 γράφων
1352 350 1421 392 καὶ
1459 357 1569 400 ποῦς

224 418 349 458 ΓΟΡ.
395 416 522 456 Πάνυ
549 430 606 469 γε.
664 417 764 456 ΣΩ.
800 408 912 467 ῖΑρα
951 415 1019 455 διὰ
1057 420 1211 465 τοῦτο,
1254 412 1319 456 ὅτι
1354 415 1423 456 καὶ
1451 418 1571 457 ἄλλοι

224 481 302 523 εἰσὶ
331 481 548 534 ζωγράφοι
585 482 823 534 γράφοντες
851 483 956 521 ἄλλα
994 479 1129 521 πολλὰ
1158 482 1267 530 ζώοις
1311 482 1436 521 ΓΟΡ.
1467 481 1569 521 Ναί.

223 548 327 588 ΣΩ.
357 547 412 587 Εἰ
441 545 484 587 δέ
513 560 560 599 γε
589 545 734 599 μηδεὶς
766 548 892 593 ἄλλος
920 545 945 599 ἢ
979 545 1122 594 Ζεῦξις
1151 544 1322 598 ἔγραφε,
1351 548 1489 593 καλῶς
1517 548 1572 586 ἄν

224 622 291 653 σοι
320 609 588 664 άπεκὲκριτο;
631 612 754 651 ΓΟΡ.
797 613 899 658 Πῶς
927 609 1008 663 γὰρ
1050 612 1124 659 οὒς
1166 611 1267 651 ΣΩ.
1295 606 1394 651 ’Ἴθι
1421 609 1472 663 δὴ
1501 609 1573 652 καὶ

223 676 316 730 περὶ
346 683 419 730 τῆς
449 676 674 729 ῥητορικῆς
697 674 797 725 εἰπέ,
826 675 1007 727 πότερόν
1036 684 1103 715 σοι
1131 675 1249 716 δοκεῖ
1274 675 1409 716 πειθὼ
1435 679 1574 716 ποιεῖν

223 743 251 796 ἦ
280 740 480 816 ῥητορικὴ
509 741 643 794 μόνη,
682 740 707 793 ἢ
737 739 807 780 καὶ
835 741 951 780 ἄλλαι
992 738 1152 793 τέχναις
1195 737 1301 793 λέγω
1330 738 1374 780 δὲ
1414 739 1461 780 τὸ
1491 755 1572 781 τοι-

224 808 342 848 όνδε·
374 804 483 854 ὅςτις
511 806 695 846 διδάσκει
724 805 870 846 ὁτιοῦν
898 812 1095 858 πρᾶγμα,
1125 805 1306 858 πότερον
1335 805 1356 845 ὃ
1386 805 1573 846 διδάσκει

223 873 373 919 πείθει,
404 871 428 924 ἡ
452 874 526 920 οὕ,-
558 872 682 911 ΓΟΡ.
720 871 784 910 Οὐ
794 870 924 926 δῆτα,
955 871 987 910 ὼ
1009 871 1248 923 Σώκρατες,
1275 868 1379 910 ἀλλὰ
1399 871 1573 911 πάντων

225 937 403 990 μάλιστα
431 937 580 976 πείθει.
653 937 753 976 ΣΩ.
786 937 926 975 Πάλιν
955 935 1005 988 δὴ
1036 933 1103 975 ἐπὶ
1129 937 1215 975 τῶν
1245 935 1386 975 αὐτῶν
1414 938 1573 988 τεχνῶν

223 1001 408 1055 λέγωμεν
438 993 578 1053 ὧνπερ
607 1004 690 1041 νῦν
720 1001 792 1054 δή·
824 1000 851 1053 ἡ
880 998 1135 1053 άριθιιητικη
1166 1000 1218 1040 οὐ
1247 1000 1434 1041 διδάσκει
1462 1000 1572 1054 ἡμᾶς

293 1141 376 1181 ζῶα
407 1138 608 1183 γράφων]
647 1140 731 1180 ζῶια
764 1142 797 1169 et
826 1149 907 1170 mox
939 1137 1054 1179 ζώιων
1087 1142 1121 1170 et
1151 1139 1236 1180 ζώια
1261 1139 1390 1180 Clark„
1413 1143 1452 1171 ut
1475 1139 1572 1179 solet,

224 1196 327 1227 quam
351 1187 517 1218 rationem
542 1191 620 1217 sunt
645 1186 704 1227 qui
728 1195 787 1226 pro
812 1194 894 1215 vera
917 1183 1072 1227 probent.

291 1277 332 1307 D.
382 1273 423 1306 τὸ
450 1273 648 1317 τοιόνδε]
677 1271 711 1305 τὸ
739 1272 935 1306 totos-1616&
960 1274 1037 1305 Vat.
1063 1274 1106 1305 A.
1139 1274 1224 1305 Ven.
1253 1273 1292 1305 Σ.
1325 1273 1428 1305 Vind.

289 1366 327 1397 E.
379 1365 516 1397 Πάλιν
551 1362 598 1407 δὴ
630 1363 698 1395 ἐπὶ
728 1363 764 1406 τ.]
791 1365 856 1395 Pro
882 1363 975 1405 vulg.
1003 1361 1113 1395 Πάλιν
1147 1361 1173 1395 δ’
1210 1363 1244 1395 εἰ
1268 1363 1383 1395 Clark.
1417 1364 1493 1395 Vat.
1526 1365 1570 1395 A.

223 1411 306 1442 Ven.
335 1410 413 1442 ΞΣ.
441 1409 543 1441 Vind.
562 1408 594 1442 2.
611 1414 644 1441 et
667 1420 730 1441 ree.
749 1408 854 1441 Coisl.
875 1406 984 1440 Πάλιν
1003 1407 1058 1450 δή,
1083 1408 1173 1450 quod
1192 1419 1282 1440 nunc
1298 1419 1376 1440 cum
1392 1410 1508 1441 Herm.
1524 1420 1575 1442 re-

932 1530 1078 1573 dagogg.
1096 1530 1340 1563 Amstelodam.
1359 1530 1456 1565 1850.
1473 1533 1573 1564 Fasc.

932 1577 975 1607 II.
1001 1587 1031 1617 p.
1056 1576 1110 1608 81.
1142 1582 1175 1608 et
1207 1578 1491 1618 generosissimus
1523 1578 1573 1608 iu—

931 1622 1028 1653 venis
1083 1622 1346 1653 Anastasius
1409 1622 1526 1654 Genn
1540 1633 1574 1654 a-

222 1533 294 1564 und
324 1544 387 1564 von
417 1532 555 1565 welclzer
587 1531 692 1570 Seite,
736 1542 761 1565 s.
794 1541 862 1562 was

221 1578 304 1609 stellt
327 1588 363 1609 er
387 1590 433 1609 an
458 1578 559 1610 {lmen
583 1576 673 1609 clar?
715 1576 780 1608 Sed
805 1586 864 1606 no-

222 1624 334 1655 lumus
378 1623 506 1654 (liutius
553 1624 588 1653 in
626 1621 863 1654 examinandis

221 1669 371 1699 virorum
389 1669 562 1700 doctorum
577 1666 862 1699 hariolationibus

221 1714 358 1744 morari.
410 1714 526 1745 Satius
567 1714 629 1744 erit
659 1712 861 1753 dispexisse,

223 1758 306 1799 quid
337 1759 644 1800 argumentationis
682 1758 766 1788 ratio
805 1767 862 1797 po-

222 1803 335 1835 stulet.
392 1804 613 1834 Manifestum
657 1810 707 1834 est
749 1807 862 1832 autem

223 1850 398 1880 Socratem
440 1847 633 1890 significare
670 1847 862 1878 accuratius

222 1894 324 1924 etiam
340 1893 569 1924 definiendum
585 1902 669 1931 esse,
691 1903 709 1932 q
721 1903 742 1923 u
753 1892 861 1922 alem

223 1938 360 1969 tandem
415 1938 747 1979 persuasionem
807 1947 861 1967 ars

222 1984 390 2014 rhetorica
423 1983 565 2021 efficiat,
601 1982 725 2023 quippe
758 1991 860 2022 quum

223 2029 325 2059 etiam
344 2028 431 2059 aliae
447 2032 535 2059 artes
552 2026 860 2067 simper-suasionis

224 2074 420 2105 effectrices.
486 2073 601 2113 Itaque
643 2071 730 2102 nihil
768 2070 861 2101 aliud

223 2119 280 2149 ille
292 2118 442 2158 requirit,
456 2118 523 2149 nisi
538 2117 614 2155 hoc,
629 2117 744 2147 utiam
759 2116 860 2147 ctiam

222 2163 307 2194 illud
322 2164 515 2194 accuratius
534 2162 756 2203 significetur,
772 2160 861 2201 quod

223 2208 364 2239 dicendo
404 2208 492 2239 effici
538 2207 646 2238 soleat
703 2205 861 2246 quodque

223 2253 410 2284 rhetoricae
453 2258 626 2293 tamquam
671 2251 860 2282 subiectum

223 2299 282 2336 sit,
330 2298 364 2328 id
403 2297 493 2338 quod
533 2297 667 2337 vulgari
707 2306 860 2326 sermone

223 2342 440 2374 obiectum
466 2342 697 2382 persuasionis
722 2340 858 2371 dixeris.

223 2387 322 2426 Quod
346 2388 406 2418 ubi
431 2393 604 2422 tenemus,
631 2385 711 2426 quid
736 2386 769 2415 in
796 2386 860 2415 isto

223 2435 289 2462 ,τοῦ
307 2432 418 2469 lateat,
436 2442 538 2472 prope
557 2438 675 2472 sponte
693 2431 726 2460 in
744 2430 860 2461 oculos

221 2477 374 2508 incurrit.
400 2475 625 2508 Scribendum
640 2477 728 2506 enim
744 2474 859 2515 procul

221 2522 324 2552 (lubio
350 2526 416 2551 est:
450 2522 504 2551 καὶ
541 2518 620 2551 ποῖ’
648 2517 716 2553 (1ἰῆ
750 2519 859 2558 Quam

221 2566 357 2607 quidem
374 2566 553 2597 lectionem
569 2565 767 2596 felicissima
782 2575 861 2595 con-

221 2612 351 2642 iectura
390 2621 498 2651 nuper
535 2609 779 2641 restituendam
812 2610 861 2639 vi-

220 2656 342 2687 derunt
376 2655 400 2686 l.
433 2657 472 2685 A.
506 2654 542 2686 C.
575 2665 654 2685 van
688 2654 860 2686 Heusde

219 2701 255 2732 in
279 2700 468 2732 Miscellan.
502 2699 688 2741 philologg.
721 2703 753 2731 et
783 2709 860 2741 pae-

932 1666 1046 1705 dios,
1072 1666 1302 1705 Atheniensis,
1328 1667 1386 1708 qui
1408 1678 1473 1708 quo
1491 1674 1573 1699 tem-

931 1722 1011 1753 pore
1042 1712 1180 1752 Lipsiae
1219 1712 1408 1743 studiorum
1449 1723 1572 1744 caussa

932 1757 1220 1796 commorabatur,
1245 1768 1320 1788 eam
1344 1757 1432 1788 ultro
1457 1757 1572 1789 nobis-

931 1812 1009 1832 cum
1039 1802 1318 1833 communicavit.
1379 1803 1450 1834 Nec
1491 1813 1571 1834 vero

931 1847 1030 1877 aliter
1054 1857 1073 1877 a
1100 1847 1242 1878 Platone
1267 1847 1428 1888 scriptum
1464 1848 1570 1879 fuisse

931 1891 1104 1922 luculente
1135 1891 1257 1923 docent
1288 1892 1461 1933 proxima:
1503 1887 1571 1931 ἆρα

933 1934 986 1967 διὰ
1030 1940 1148 1973 τοῦτο,
1189 1935 1237 1967 ὅτι
1277 1937 1332 1968 καὶ
1375 1935 1466 1968 ἄλλοι
1499 1937 1568 1968 &coi

932 1979 1114 2022 ζωγράσοι
1136 1979 1332 2023 γράφοντες
1347 1979 1415 2013 ἄλ).
1427 1993 1446 2013 α
1466 1980 1570 2013 πολλὰ

932 2029 1022 2065 gaia:
1054 2025 1114 2057 ubi
1138 2027 1294 2058 Socrates
1324 2037 1384 2068 pro
1410 2031 1570 2058 accurata

931 2070 1126 2111 disputandi
1171 2072 1302 2102 ratione
1348 2072 1422 2103 sine
1467 2071 1570 2103 dubio

930 2113 1052 2147 &moin
1086 2116 1288 2156 addidisset,
1328 2117 1358 2148 si
1390 2120 1457 2147 ποῦ
1489 2127 1571 2148 vera

930 2161 1032 2191 lectio
1058 2166 1168 2197 esset,
1200 2166 1233 2192 et
1257 2161 1346 2192 unde
1371 2162 1472 2192 etiam
1498 2172 1571 2203 per-

931 2207 1092 2246 spicitur,
1144 2206 1363 2246 quamobrem
1407 2211 1483 2247 post
1534 2204 1570 2238 τὰ

932 2254 1013 2281 ,τοῖα
1045 2251 1147 2282 etiam
1178 2251 1268 2282 istud
1294 2252 1347 2282 καὶ
1384 2249 1469 2282 ποῖ’
1506 2249 1569 2288 οὕ,-

930 2295 1123 2326 subiectum
1148 2295 1202 2326 sit.
1232 2296 1358 2327 Verum
1384 2297 1466 2327 satis
1483 2296 1569 2327 haec

930 2340 970 2370 ‹le
1002 2340 1076 2371 loco
1110 2340 1246 2371 tandem
1279 2341 1464 2381 aliquando
1496 2341 1569 2371 feli-

930 2385 1014 2416 citer
1055 2386 1241 2426 integritati
1280 2396 1361 2417 suae
1402 2386 1569 2417 restituto.

930 2447 971 2452 --
987 2430 1037 2460 De
1055 2430 1206 2461 Zeuxide
1232 2441 1262 2461 v.
1288 2431 1415 2462 Ottfr.
1440 2430 1571 2462 Muel-

931 2474 1004 2505 ler.
1056 2475 1251 2516 Arc-leiioloy.
1299 2476 1327 2514 ἓ.
1371 2474 1434 2507 137
1478 2485 1569 2516 seqq.

931 2521 952 2550 S
964 2519 1075 2560 illig.
1103 2520 1214 2551 Catal.
1232 2520 1330 2551 artiff.
1347 2531 1378 2560 p.
1391 2519 1457 2552 459
1475 2531 1568 2561 seqq.

931 2564 998 2603 Qui
1030 2564 1120 2604 quod
1154 2564 1279 2596 dicitur
1320 2566 1390 2605 ζῶα
1428 2563 1569 2607 γράψαι,

929 2609 1114 2640 tenendum
1154 2620 1205 2641 esc
1236 2611 1329 2649 ζῶον
1353 2610 1421 2640 diei
1461 2609 1570 2640 solere

929 2654 1031 2685 etiam
1064 2653 1104 2685 de
1136 2654 1331 2686 simulacris
1364 2659 1397 2685 et
1426 2655 1569 2695 picturis

929 2699 1039 2730 omnis
1065 2700 1200 2741 generis
1225 2699 1268 2731 ad
1292 2699 1409 2731 vivum
1437 2709 1570 2741 expres-
