1687 2969
218 164 269 198 29
276 165 298 198 Ο
758 162 1017 200 PLATONIS

217 272 326 309 νοῦν
354 283 401 321 γε
428 266 578 321 ἔχοντι,
618 284 675 317 ως
704 269 727 309 ὁ
755 270 882 322 λόγος
909 271 1114 323 σημαίνει.
1154 264 1182 322 ἢ
1211 269 1288 310 οἴει
1317 269 1407 309 δεῖν
1434 272 1563 310 τοῦτο

217 335 613 384 παρασκευάζεσθαι
650 336 908 386 ἄνθρωπον,
949 335 1005 382 ὡς
1043 337 1239 375 πλεῖστον
1276 334 1432 387 χρόνον
1475 335 1562 386 ζῆν,

218 397 288 438 καὶ
326 403 501 451 μελετᾶν
540 397 612 446 τὰς
648 397 795 451 τέχνας
832 400 1010 449 ταύτας,
1060 400 1103 439 αἳ
1141 399 1251 452 ἡμᾶς
1290 397 1353 438 ἀεὶ
1393 397 1437 440 ἐκ
1479 404 1565 438 τῶν

151 462 186 504 C
217 463 431 503 κινδύνων
460 465 689 513 σώζουσιν,
734 463 869 516 ὥςπερ
905 465 975 504 καὶ
1016 465 1069 516 ἣν
1098 463 1150 503 σὺ
1187 463 1369 511 κελεύεις
1399 461 1467 516 ἐμὲ
1496 477 1563 515 με·

217 531 341 568 λεταν
379 527 457 580 τὴν
497 527 746 581 ῥητορικήν,
786 528 864 581 τὴν
893 528 939 569 ἐν
978 531 1066 575 τοῖς
1105 528 1388 581 δικαστηρίοις
1417 528 1564 568 διασώ-

217 595 396 642 ζουσαν,·
430 594 565 632 ΚΑΛ.
596 593 683 633 Ναὶ
715 594 772 646 μὰ
803 590 871 634 Δί’
900 593 1044 645 ὀρθῶς
1072 591 1117 645 γέ
1148 603 1215 633 σοι
1243 593 1562 646 συμβουλεύων.

303 659 407 716 Cap.
440 659 625 700 LXVII.
686 660 786 698 ΣΩ.
838 659 886 698 Τί
925 657 990 703 δὲ,
1044 652 1076 697 ὦ
1117 656 1328 710 βέλτιστε,·
1366 654 1391 711 ἧ
1432 657 1502 699 καὶ
1538 658 1566 711 ἡ

218 731 294 765 τοῦ
331 728 421 764 νεῖν
459 724 663 778 ἐπιστήμη
704 724 834 776 σεμνή
877 723 938 770 τίς
982 733 1048 762 σοι
1087 722 1204 763 δοκεῖ
1243 719 1374 772 εἶναι,·
1429 724 1563 763 ΚΑΛ.

219 792 298 830 Μὰ
327 790 395 830 Δί’
424 790 503 830 οὐκ
533 786 683 841 ἔμοιγε.
744 789 843 828 ΣΩ.
892 787 974 827 Καὶ
1015 786 1099 840 μὴν
1129 788 1248 837 σώζει
1287 802 1333 840 γε
1362 786 1430 828 καὶ
1460 786 1565 839 αὕτη

218 854 262 894 ἐκ
290 855 487 894 θανάτου
515 853 615 901 τοὺς
657 853 936 903 ἀνθρώπους,
979 851 1081 892 ὅταν
1118 853 1177 900 εἰς
1204 858 1404 893 τοιοῦτον
1443 850 1561 904 ἐμπέ-

217 929 370 968 σωσιν,
421 912 472 959 οὗ
509 919 575 958 δεῖ
609 919 763 970 ταύτης
800 923 873 970 τῆς
912 915 1149 970 ἐπιστήμης.
1202 918 1236 958 εἰ
1277 911 1314 958 δ’
1354 915 1460 970 αὕτη
1499 927 1566 958 σοι

142 990 183 1030 D
214 984 331 1023 δοκεῖ
358 983 510 1036 σμικρὰ
542 979 674 1029 εἶναι,
718 981 798 1035 ἐγώ
837 992 903 1023 σοι
943 983 1113 1035 μείζονα
1149 982 1302 1033 ταύτης
1333 980 1435 1033 ἐρῶ,
1487 980 1566 1035 τὴν

216 1049 551 1101 κυβερνητικήν,
590 1049 615 1101 ἢ
647 1048 699 1087 ού
728 1048 865 1100 μόνον
904 1046 978 1095 τὰς
1015 1046 1153 1100 ψυχὰς
1182 1048 1323 1097 σώζει,
1364 1047 1468 1087 ἀλλὰ
1497 1046 1566 1088 καὶ.

262 1183 301 1213 Β.
349 1179 400 1215 ὠς
432 1179 448 1212 o‘
481 1179 608 1222 λόγος
645 1179 873 1222 σημαίνει]
923 1177 940 1210 ὁ
977 1177 1035 1212 σὸς
1061 1177 1162 1222 λόγος
1194 1180 1270 1211 Par.
1307 1179 1448 1211 ssCIV.
1473 1179 1564 1212 Flor.

216 1238 244 1258 a.
270 1228 301 1260 b.
328 1237 357 1258 ο.
382 1226 412 1260 d.
438 1237 482 1257 m.
507 1237 536 1257 ο.
562 1236 639 1257 cum
663 1226 739 1256 Bas.
765 1224 796 1257 2.
844 1225 918 1256 Hoc
943 1225 1028 1266 legit
1052 1225 1153 1256 etiam
1179 1225 1339 1264 Ficinus‚
1365 1225 1423 1266 qui
1447 1226 1563 1256 vertit:

219 1277 261 1302 ut
298 1275 337 1302 et
367 1275 470 1302 tuus
507 1281 646 1302 sermo
680 1270 925 1313 signifieat.
981 1270 1087 1310 Atqui
1117 1273 1375 1311 argumentatur
1407 1270 1564 1302 Socrates

217 1328 258 1347 ex
284 1317 336 1356 iis,
361 1327 448 1357 quae
474 1316 647 1347 communi
671 1315 899 1357 disputatione
924 1316 1113 1356 repperisse
1138 1314 1355 1347 videbantur.

285 1361 322 1392 C.
350 1371 415 1392 σοι
442 1359 771 1403 συμβουλεύων]
810 1360 899 1392 vett.
925 1360 1017 1393 editt.
1046 1359 1273 1400 συμβουλεύω
1310 1360 1428 1391 invitis
1453 1359 1562 1399 codd„

217 1417 360 1447 quorum
387 1405 476 1437 bona
500 1416 578 1447 pars
603 1404 785 1446 βουλεύων
809 1406 969 1446 scriptum
995 1404 1147 1436 exhibet.

284 1450 384 1482 ὅταν
409 1451 474 1483 εἰς
502 1463 589 1482 toto
606 1449 718 1492 ῦτον]
745 1451 796 1483 εἷς
823 1463 848 1481 τι
874 1449 1028 1481 τοιοῦτον
1053 1450 1135 1481 Flor
1158 1460 1214 1488 X.;
1239 1459 1307 1480 non
1334 1460 1429 1491 opus.

286 1498 327 1527 D.
376 1493 477 1527 ἀλλὰ
518 1493 642 1526 ταύτὰ
683 1494 1036 1537 διαπραξαμείἠ]
1086 1496 1127 1526 V.
1169 1494 1450 1537 διαπραττομένην.
1498 1493 1565 1526 Sed

218 1618 374 1660 indign
385 1628 447 1648 um
479 1629 519 1649 es
532 1619 567 1649 t?
601 1628 644 1649 sc.
680 1617 769 1659 quod
794 1618 853 1648 im-

216 1663 342 1704 probus
375 1664 485 1694 virum
524 1663 705 1694 honestum
745 1667 856 1704 potest

217 1709 288 1740 vita
312 1709 456 1750 privare.
482 1707 503 1739 S
514 1718 532 1739 o
541 1707 609 1739 hle
623 1709 660 1739 ie
669 1719 725 1738 rm
738 1719 756 1739 a
767 1718 782 1738 c
792 1708 813 1739 h
824 1718 855 1739 e-

217 1763 264 1784 ru
276 1764 309 1784 s:
338 1753 414 1793 „Ist
437 1764 509 1784 mm
533 1753 624 1784 nicht
647 1753 752 1784 dieses
777 1753 855 1785 eben

217 1798 279 1829 clas
341 1797 608 1839 Emporemlsfe?
662 1798 856 1839 Respondet

216 1844 302 1874 haec
319 1843 482 1874 Callicles
506 1853 582 1874 eum
602 1843 757 1874 irrisione
775 1853 855 1884 qua-

216 1888 294 1919 dam
340 1893 441 1929 atque
487 1887 636 1919 malitia:
704 1888 735 1919 N
746 1899 764 1919 0
774 1899 795 1918 n
806 1899 825 1919 n
837 1898 855 1919 e

218 1943 335 1972 vero,
360 1933 483 1973 inquit,
508 1933 587 1964 hoc
612 1933 754 1974 ipsum
779 1944 793 1964 s
806 1933 854 1963 ci-

218 1978 277 2008 lio
290 1982 329 2009 et
377 1978 506 2009 etiam
551 1978 746 2019 graviter
790 1982 856 2009 est

219 2023 255 2054 fe
265 2032 307 2054 re
317 2034 338 2054 n
349 2023 369 2054 d
379 2034 400 2054 u
409 2034 441 2054 m
451 2024 465 2053 ⁶?

263 2112 299 2143 C.
331 2108 480 2151 ὀρθῶς
504 2111 548 2153 γε’
576 2122 642 2143 σοι
670 2112 855 2153 συμβου-

219 2158 260 2188 λε
272 2155 325 2188 ύω
339 2156 368 2199 ν]
384 2157 496 2198 Vulgo
513 2155 748 2197 συμβουλεύω.
775 2157 856 2188 Uni-

219 2213 256 2233 ce
296 2213 414 2233 verum
461 2206 511 2233 est
552 2202 779 2243 participium.
823 2213 857 2234 v.

219 2247 373 2288 Sympos.
413 2256 445 2287 p.
479 2245 551 2278 174.
592 2247 631 2277 E.
669 2246 785 2288 Lysid.
824 2257 855 2288 p.

217 2290 293 2323 204.
308 2292 349 2322 Α.
373 2292 509 2322 Menon.
536 2302 566 2333 p.
583 2290 634 2323 73.
652 2293 690 2322 E.
715 2292 855 2324 Lachet.

219 2335 292 2411 34.ss
298 2335 437 2412 θῗζωῗὲῃ
447 2336 629 2412 Ωὲιῗέἳᾷἶί
650 2347 708 2412 px'v
714 2335 855 2422 {230²ss

221 2426 339 2457 bach.
363 2425 507 2466 Epistol.
542 2427 616 2458 crit.
647 2437 678 2467 p.
702 2425 779 2458 486.
804 2426 855 2457 ed.

219 2470 314 2512 Lips.
346 2469 572 2501 Heindorf.
608 2470 650 2502 ad
682 2470 855 2502 Charmid.

219 2513 335 2592 {¹554—
344 2515 518 2590 Celtxelsddiu
525 2515 856 2602 El'gfssllg'fffisslzbg:

220 2615 295 2635 mus
327 2604 416 2645 quod
441 2604 600 2636 Coraes
631 2606 776 2636 coniecit
801 2617 854 2636 κε-

220 2647 341 2680 λεύων.
390 2649 525 2680 Etenim
550 2653 688 2690 apparet
716 2661 734 2681 e
758 2661 855 2691 supe-

219 2693 366 2725 rioribus
397 2694 488 2735 apud
522 2695 671 2725 animum
703 2699 855 2736 repeten-

924 1617 1004 1649 dum
1028 1627 1102 1648 esse
1128 1616 1254 1649 κελεύω
1277 1627 1315 1648 σε
1338 1614 1480 1655 μελετᾶν
1505 1612 1565 1657 τὴν

927 1660 1121 1703 ῥητορικήν,

969 1708 1050 1748 Cap.
1076 1706 1217 1739 LXVII.
1250 1704 1355 1737 ὅταν
1385 1704 1452 1738 εἰς
1484 1716 1562 1736 τοι·

924 1752 1055 1783 οὗτοι·
1087 1751 1197 1794 ε’μπ.]
1244 1750 1486 1792 siquando
1520 1751 1562 1781 in

925 1797 1138 1828 eiusmodi
1170 1795 1419 1838 perieulum
1458 1796 1564 1826 inei-

924 1842 1090 1881 derint,
1148 1842 1223 1872 ubi
1277 1851 1324 1873 ea
1370 1840 1564 1872 seientia

925 1897 1031 1928 opus
1061 1891 1135 1918 est.
1190 1887 1241 1918 Ne
1273 1886 1348 1927 quis
1381 1885 1481 1916 malit
1511 1884 1563 1917 εἰς

925 1930 1081 1963 τοιοῦτόν
1106 1944 1142 1968 τι,
1168 1932 1255 1965 conf.
1283 1941 1361 1962 ann.
1381 1930 1423 1962 ad
1445 1930 1562 1972 Symp.

924 1988 955 2019 p.
986 1975 1060 2009 175.
1085 1977 1124 2008 B.

969 2022 1011 2053 D.
1059 2022 1128 2053 καὶ
1170 2020 1275 2062 αὕτη
1318 2020 1399 2059 μὲν
1437 2030 1562 2060 προς·

925 2067 1090 2105 εσταλμ.
1138 2065 1197 2109 -]
1259 2064 1562 2106 Προςεσταλμένος

924 2111 1047 2142 dicitur
1087 2112 1145 2152 qui
1183 2110 1392 2152 compositus
1437 2114 1488 2141 est
1526 2110 1561 2140 in

924 2157 1157 2198 frugalitatem
1182 2161 1215 2187 et
1234 2156 1276 2187 ad
1304 2155 1561 2197 temperantiam

924 2201 1258 2242 moderationemque
1270 2201 1447 2232 redactus:
1473 2210 1561 2241 quae

925 2252 1004 2277 sunt
1038 2248 1143 2278 verba
1175 2246 1338 2277 Budaei
1370 2244 1558 2276 Comment.

924 2291 1023 2333 Ling.
1050 2292 1107 2323 Gr.
1136 2301 1168 2332 p.
1193 2289 1246 2324 78.
1283 2291 1469 2321 Isocrat.
1501 2291 1562 2321 Pa-

923 2337 1015 2367 nath.
1030 2347 1061 2378 p.
1076 2335 1158 2368 666:
1186 2333 1463 2376 συνεσταλμένην
1477 2334 1563 2375 ἔχων

926 2379 985 2423 τὴν
1024 2379 1200 2418 διάνοιαν,
1240 2380 1272 2411 h.
1308 2391 1335 2412 e.
1376 2380 1561 2411 animum

924 2426 1159 2457 modestum
1225 2436 1269 2456 ac
1327 2429 1562 2466 temperan-

923 2474 1014 2502 tem.
1069 2470 1189 2511 Itaque
1226 2480 1281 2501 ars
1317 2469 1558 2511 gubernatoria

923 2515 954 2546 h.
982 2515 1002 2546 1.
1028 2515 1153 2546 dicitur
1178 2514 1399 2546 moderata
1423 2519 1462 2545 et
1486 2524 1561 2545 mo-

924 2559 1062 2598 desta,
1097 2559 1193 2600 quia
1224 2570 1268 2591 se
1302 2570 1384 2591 non
1410 2559 1561 2596 iactat,

924 2605 1051 2645 quasi
1074 2604 1235 2646 grande
1253 2604 1454 2646 quiddam
1472 2614 1560 2644 pro-

923 2650 1111 2681 fiteatur
1165 2660 1208 2680 ao
1259 2652 1471 2690 praestet:
1527 2647 1560 2679 id

922 2694 1012 2736 quod
1058 2694 1140 2726 facit
1192 2693 1325 2725 scilicet
1379 2692 1559 2730 rhetorica,
