1687 2969
202 140 281 174 262
748 133 1007 172 PLATONIS

202 241 317 292 ὅπως
355 244 441 295 ἐρεῖ
466 258 505 283 τι
532 246 755 291 τοιοῦτον,
795 238 900 282 ὅθεν
938 240 991 281 ἂν
1030 240 1072 281 οἷ
1098 239 1329 286 ἀκούοντες
1357 239 1548 290 βελτίους

38 323 41 325 ’
89 307 171 348 502
200 310 435 362 γίγνοιντος
474 304 501 360 ἡ
532 304 554 348 ὅ
582 323 621 347 τι
649 306 786 360 μέλλει
822 309 1061 359 χαριεῖσθαι
1099 307 1157 359 τῷ
1188 306 1296 356 ὄχλῳ
1335 318 1419 343 των
1448 307 1546 343 θεα-

201 377 308 422 τῶνς
341 375 476 413 ΚΑΛ.
508 367 654 425 Δῆλον
682 371 733 425 δη
762 372 887 411 τουτό
917 385 978 423 γε
1010 371 1042 410 ὡ
1066 370 1304 420 Σώκρατες,
1336 368 1547 420 Κινησίου

202 452 247 491 γε
276 437 382 490 πέρι.
422 438 523 477 ΣΩ.
573 437 624 476 Τί
652 435 695 476 δὲ
725 437 747 476 ὁ
776 435 914 488 πατὴρ
945 435 1079 475 αὐτοῦ
1109 432 1280 486 Μέληςς
1310 428 1335 485 ἧ
1365 433 1471 483 πρὸς
1499 433 1547 472 τὸ

202 502 419 554 βέλτιστον
450 499 617 554 βλέπων
652 499 786 542 ἐδόκει
815 511 880 541 σοι
908 499 1189 553 κιθαρῳδεῖνς
1221 495 1256 550 ἦ
1284 496 1443 545 ἐκεῖνος
1473 496 1549 549 μὲν

203 566 301 609 οὐδὲ
343 567 449 618 πρὸς
487 567 534 607 τὸ
572 566 768 620 ἥδιστον;
816 565 916 619 ἠνία
954 564 1035 617 γὰρ
1075 564 1191 616 ᾄδων
1237 563 1337 610 τοὺς
1385 562 1548 608 θεατάς,

202 632 307 673 ἀλλὰ
337 631 388 685 δὴ
419 632 585 672 σκόπει·
629 630 720 683 οὐχὶ
750 629 775 683 ἥ
812 644 855 670 τε
895 627 1159 682 κιθαρῳδικὴ
1197 628 1315 668 δοκεῖ
1342 637 1407 669 σοι
1435 634 1550 668 πᾶσα

202 697 272 739 καὶ
298 697 325 751 ἦ
353 700 439 737 τῶν
469 696 752 748 ὅιθυοεέμβων
793 694 957 747 ποίησις
986 694 1144 748 ἡδονῆς
1172 694 1293 746 χάριν
1321 692 1549 746 εὑρῆσθαι;

135 766 173 807 Β
207 765 344 803 ΚΑΛ.
361 758 556 815 ”Εμοιγε
613 762 710 800 ΣΩ.
759 760 808 799 Τί
836 757 879 799 δὲ
909 757 959 811 ὀὴ
988 775 1013 812 η
1043 758 1172 835 (ἱεμνὴ
1213 757 1318 810 αὕτη
1347 757 1416 797 καὶ
1444 760 1550 797 θαυ-

203 826 338 881 μαστὴ
368 827 394 880 ἦ
422 832 495 879 τῆς
523 825 759 879 τραγῳδίας
799 824 966 876 ποιησις
1008 820 1071 875 ἐφ’
1112 823 1145 876 ᾡ
1184 822 1436 869 ἐσπούδακες
1477 821 1550 861 πό-

202 893 327 943 τερόν
357 889 468 932 ἐστιν
497 891 627 942 αὐτῆς
655 887 702 930 τὸ
733 888 977 941 ἐπιχειρημα
1014 886 1084 928 καὶ
1112 903 1137 941 η
1168 887 1359 940 σπουδή,
1401 886 1458 934 ὡς
1485 885 1552 927 σοὶ

270 1025 308 1056 Ρ.
333 1023 408 1056 502.
437 1023 489 1055 Τί
511 1022 555 1054 δὲ
580 1020 598 1053 ὁ
624 1020 760 1064 πατὴρ
788 1020 936 1063 αὐτοῦ]
972 1020 1027 1052 δαὶ
1054 1020 1155 1054 Vind,
1183 1019 1213 1054 6.

205 1071 283 1101 Vat.
307 1073 340 1100 et
364 1079 449 1100 corr.
475 1068 589 1100 Clark
619 1068 663 1099 Τι’
686 1066 740 1098 δαὶ
768 1065 809 1109 δὴ
836 1065 854 1108 ἦ
882 1077 977 1104 asur.
991 1090 997 1102 ,

875 1111 979 1143 Coisl.
1004 1111 1090 1142 Ven.
1118 1111 1195 1143 ΞΣ,

204 1115 396 1146 restitutum
428 1124 519 1145 nunc
554 1124 596 1144 ex
622 1112 738 1143 Clark
771 1113 849 1143 Vat.

1263 1019 1320 1051 Sic
1345 1020 1448 1051 etiam
1472 1030 1553 1050 mox

1023 1065 1084 1097 ubi
1109 1064 1149 1107 δὴ
1174 1065 1278 1107 vulgo
1304 1065 1435 1103 dem-‚at
1462 1064 1553 1105 quod

1224 1110 1322 1141 vind.
1358 1110 1385 1142 1.
1411 1109 1439 1141 2.
1466 1110 1495 1141 6.
1522 1108 1552 1141 7.

205 1161 281 1191 Par.
307 1159 496 1191 BCEFV.
544 1158 771 1212 Florentinis,
805 1157 892 1190 aliis
940 1156 1031 1187 Male
1064 1156 1168 1197 vulgo
1202 1155 1477 1197 distinguebatur
1512 1155 1557 1186 T(

207 1204 246 1236 δὲ
270 1223 312 1227 -
338 1214 495 1245 mommo,-
521 1201 574 1243 ἐφ’
604 1203 629 1233 (3
656 1200 862 1233 ἐσποϊδακε.
888 1202 1003 1232 Herm.
1031 1201 1140 1240 aliter,
1166 1200 1205 1231 de
1231 1211 1297 1242 quo
1322 1211 1353 1232 v
1378 1200 1478 1232 infra.

273 1248 444 1291 βλέπωι
469 1247 628 1290 ἐδόκει]
656 1247 760 1279 Coisl.
787 1246 926 1288 βλέπωι
951 1246 1094 1286 omittit,
1119 1246 1254 1279 iniuria.

206 1361 248 1393 ad
264 1362 485 1393 Demosthen.
502 1360 637 1402 Leptin.
649 1370 679 1401 p.
695 1357 739 1391 89
749 1369 840 1400 seqq.

205 1408 258 1438 De
283 1407 429 1438 choris
463 1416 503 1437 ex
535 1405 705 1437 sententia
730 1404 844 1435 Plato-

205 1453 258 1483 nis
284 1452 354 1493 egit
378 1452 478 1482 Bax.
502 1450 587 1491 disp.
622 1451 674 1481 De
697 1453 843 1480 naturae

206 1497 424 1537 simplicitate
455 1497 489 1527 in
514 1495 687 1536 Euripidis
712 1495 843 1526 Oreste.

206 1543 352 1573 Traiect.
393 1541 436 1572 ad
466 1541 573 1572 Rlxtfn.
607 1538 703 1571 1816.
736 1538 768 1570 8.
800 1557 843 1562 -

205 1585 427 1628 Dithyrambi
457 1587 593 1617 fuerunt
623 1585 776 1616 earmina
809 1585 843 1614 in

204 1632 335 1663 Bacchi
351 1631 513 1663 honorem
534 1631 731 1671 composita,
757 1639 843 1669 quae

206 1677 357 1709 oratione
393 1677 588 1707 vehementi
625 1679 657 1706 et
699 1675 846 1706 eoncita-

206 1723 291 1753 tiore
320 1722 501 1762 verbisque
536 1721 678 1752 licenter
710 1729 844 1760 compo—

205 1768 280 1798 sitis
319 1766 513 1798 utebantur.
577 1765 675 1796 Unde
714 1765 800 1795 Hor
809 1775 842 1795 a·

206 1813 291 1843 tius
317 1811 380 1844 Od.
398 1811 456 1851 IV,
481 1810 513 1850 2,
540 1809 591 1842 10.
617 1810 657 1841 de
676 1809 843 1841 Pindaro:

206 1857 288 1888 Seu
320 1867 396 1898 per
427 1856 612 1887 audaces
644 1865 757 1886 nova
790 1854 845 1885 di-

206 1900 460 1943 thyrambos
507 1901 648 1932 Verba
703 1899 844 1931 devol-

206 1947 270 1978 vit
294 1946 571 1986 numerisque
602 1946 743 1976 fertur
774 1945 844 1975 Le-

205 2002 256 2033 ge
281 1991 455 2022 solutis.
499 1990 704 2032 Perstringit
727 1993 844 2030 poetas

207 2035 478 2077 dithyrambicos
511 2036 540 2066 A
551 2035 612 2066 ris
622 2040 635 2066 t
645 2045 692 2076 op
706 2035 726 2065 h
739 2045 788 2065 an
801 2045 817 2065 e
830 2044 845 2065 s

206 2083 293 2113 Avv.
315 2092 347 2112 v.
361 2079 449 2112 1385
463 2091 566 2121 seqq.,
585 2081 645 2111 ubi
666 2079 768 2111 etiam
783 2080 808 2111 C
820 2080 846 2110 i—

206 2127 353 2157 nesias
378 2126 541 2166 carpitur,
575 2125 616 2156 de
648 2135 715 2165 quo
740 2124 787 2155 ibi
813 2135 844 2155 v.

207 2172 352 2212 interpp.
378 2175 411 2201 et
435 2171 477 2201 ad
490 2171 600 2201 Rann.
620 2167 741 2201 v.153.
756 2169 845 2201 conf.

205 2217 250 2247 W
259 2227 280 2256 y
292 2220 303 2247 t
313 2220 325 2246 t
334 2228 350 2248 e
361 2227 382 2247 n
393 2216 412 2247 b
421 2227 440 2247 a
451 2226 467 2246 c
478 2215 510 2246 h.
531 2215 572 2246 ad
582 2214 755 2245 Plutarch.
773 2215 846 2246 Mo-

206 2261 268 2292 ral.
293 2262 333 2292 T.
358 2262 383 2292 1.
408 2271 439 2302 p.
457 2259 534 2292 222.
560 2259 610 2291 ed.
629 2260 740 2291 Oxou.
766 2259 846 2290 Cor-

206 2310 323 2346 ruptor
355 2306 410 2336 hic
441 2306 506 2336 fuit
538 2305 662 2336 veteris
694 2304 845 2336 musicae

206 2354 308 2391 atque
324 2351 359 2381 in
377 2349 584 2381 carminibus
603 2349 736 2381 melicis
752 2359 846 2390 prae-

206 2400 256 2426 ter
287 2395 423 2426 modum
455 2395 569 2426 mollis
601 2398 632 2425 et
671 2395 844 2426 effemina-

206 2445 271 2479 tus,
297 2450 363 2480 quo
388 2440 525 2470 nomine
550 2450 570 2471 a
593 2440 735 2471 comicis
760 2440 848 2470 vitu-

205 2488 352 2526 peratur.
408 2485 522 2515 Patris
561 2485 634 2516 eius
647 2510 654 2524 ,
699 2485 847 2523 Meleffis,

205 2530 412 2561 mentionem
474 2530 559 2560 facit
620 2530 793 2560 Aristid
805 2540 846 2560 es

208 2575 314 2606 Oratt.
350 2574 483 2605 Platon.
516 2575 559 2605 ΙΙ.
590 2584 620 2614 p.
655 2572 749 2614 185„
789 2574 847 2615 qui

207 2631 238 2660 p.
280 2618 346 2651 ‘2315
387 2630 479 2660 seqq.
527 2619 691 2650 adversus
737 2623 847 2651 totum

206 2664 299 2696 hune
324 2664 438 2696 locum
462 2664 659 2705 disputavit.

955 1359 992 1391 P.
1018 1356 1095 1391 502.
1127 1358 1164 1388 B.
1206 1358 1254 1389 Τι’
1284 1356 1331 1388 δὲ
1357 1354 1405 1400 δὴ
1440 1355 1458 1398 ἡ
1493 1367 1554 1388 σε-

912 1402 997 1444 μνὴ
1038 1401 1146 1444 αὕτη
1179 1401 1242 1444 -—]
1295 1403 1396 1434 Recte
1428 1402 1554 1433 Hein-

912 1448 1098 1479 dorfius:
1137 1447 1251 1487 Quid.
1275 1458 1374 1479 vero
1400 1449 1554 1489 gravis

912 1493 992 1524 illa
1026 1497 1068 1524 et
1098 1492 1346 1535 magnifica
1385 1498 1555 1534 tragoe-

913 1538 1007 1569 diae
1032 1538 1184 1580 poesis
1219 1539 1263 1569 in
1295 1548 1376 1579 quo
1409 1537 1556 1569 elabo-

912 1584 1003 1615 rat‘?
1036 1594 1082 1615 sc.
1116 1583 1244 1624 quale
1280 1583 1323 1614 id
1359 1594 1452 1615 esse
1488 1594 1556 1624 pu-

915 1631 1005 1659 tas?
1040 1630 1136 1661 τοῦτο
1163 1630 1194 1659 τί
1217 1625 1289 1659 πότ’
1321 1627 1407 1665 ἐστι;
1456 1627 1555 1667 Quod

913 1674 1092 1713 reticetur,
1136 1674 1217 1714 quia
1257 1674 1419 1704 continuo
1453 1674 1555 1705 inter-

912 1722 1068 1760 rogatur:
1096 1716 1247 1759 πότερόν
1272 1717 1366 1749 ἐστιν
1391 1715 1494 1760 αὐτῆς
1519 1716 1554 1750 τὸ

914 1763 996 1805 ἐπιχ.
1031 1776 1058 1795 n.
1095 1775 1119 1794 τ.
1152 1764 1178 1794 λ.
1206 1763 1292 1795 conf.
1326 1763 1554 1795 Matthiae.

915 1810 972 1841 Gr.
999 1809 1028 1847 ἓ.
1050 1807 1125 1841 630.
1152 1808 1181 1839 1.
1207 1808 1381 1850 Pflugk.
1407 1809 1449 1840 ad
1473 1810 1556 1840 Eur.

913 1854 1045 1885 Heeub.
1079 1864 1109 1884 v.
1143 1851 1240 1885 1256.
1279 1854 1554 1885 Hermannus

912 1903 1026 1930 tamen
1073 1901 1155 1930 nota
1201 1898 1431 1940 interrogandi
1476 1904 1553 1941 post

920 1945 961 1976 Ίί
976 1943 1014 1975 δὲ
1035 1941 1077 1985 δή
1099 1943 1210 1984 posita
1234 1948 1266 1974 et
1294 1948 1458 1975 commate
1479 1949 1557 1986 post

914 1987 1109 2020 ἐσπούδακε
1152 1988 1249 2020 illato
1283 1989 1318 2019 in
1349 1989 1464 2021 verbis
1498 1987 1552 2028 ἐφ’

916 2035 940 2065 13
986 2031 1182 2065 ἐσπούδακε
1223 2032 1414 2066 subiectum
1460 2034 1556 2066 verbi

914 2080 981 2110 ἐστι
1013 2079 1180 2110 contineri
1220 2079 1357 2118 statuit,
1403 2089 1470 2120 qua
1507 2090 1556 2110 ra-

913 2125 1005 2156 tione
1031 2134 1070 2155 eo
1096 2123 1294 2163 deducitur,
1320 2129 1357 2156 ut
1381 2124 1466 2155 ista:
1493 2122 1554 2155 αὐ-

915 2173 969 2211 τῆς
995 2168 1029 2199 τὸ
1055 2168 1254 2210 ἐπιχείρημα
1281 2169 1335 2200 καὶ
1358 2167 1380 2210 ἠ
1410 2167 1554 2211 σπουδή,

913 2225 973 2256 pro
1005 2214 1209 2255 glossemate
1249 2214 1371 2245 habere
1404 2218 1553 2256 cogatur.

915 2260 1072 2291 Ceterum
1114 2258 1249 2290 notabis
1290 2259 1550 2291 collocationem

914 2305 1106 2336 verborffum
1130 2304 1218 2336 Nam
1235 2314 1252 2335 e
1269 2304 1405 2344 vulgari
1421 2305 1553 2335 ratione

914 2349 1097 2381 dicendum
1130 2352 1218 2380 erat:
1255 2361 1282 2379 τι
1309 2347 1346 2380 δὲ
1377 2347 1418 2391 δὴ
1444 2347 1464 2390 ἡ
1499 2352 1554 2391 τῆς

916 2406 1006 2436 τραγ.
1044 2404 1180 2435 7101ηο15.-
1207 2391 1226 2434 ἡ
1260 2394 1365 2436 σεμ1ὴ
1391 2393 1474 2436 αὕτη
1500 2395 1554 2425 καὶ

919 2441 987 2470 θαι
991 2437 1117 2480 μαστή,·
1143 2438 1209 2470 Sed
1227 2438 1345 2470 eodem
1362 2439 1461 2470 modo
1481 2440 1556 2470 He

915 2484 1049 2515 rodot.
1076 2482 1267 2523 V11‚196.
1301 2481 1318 2515 ὁ
1356 2483 1511 2517 zavan&
1536 2482 1553 2514 ὁ

917 2541 984 2560 τω1
1015 2508 1211 2569 sscc4313624’w11
1252 2527 1391 2569 στρατός
1449 2529 1555 2560 Thu-

916 2572 1166 2615 cyd.1‚·23:
1212 2575 1264 2605 καὶ
1298 2571 1317 2616 ἡ
1349 2571 1408 2614 01'2‘
1439 2573 1556 2615 ἥκιὶτα

917 2615 1294 2660 βλάψασαῆλοιμώδης
1311 2616 1424 2651 11'000..
1445 2621 1471 2650 l'
1482 2619 1552 2650 lat.

917 2664 1072 2706 Sympos.
1096 2674 1127 2705 p.
1153 2662 1228 2696 ⁶213.
1254 2664 1300 2695 E:
1340 2661 1399 2705 τὴι
1431 2662 1552 2695 τούτου
