1687 2969
109 951 191 992 519

223 193 301 227 316
770 190 980 228 PLATON
981 190 1030 227 IS

221 300 307 338 τῶν
346 298 533 351 άρχαίων
574 300 765 349 σαρκῶν,
807 292 892 338 ἀλλ’
932 298 973 338 οἳ
1010 297 1064 337 ἂν
1102 297 1247 345 αὐτοῖς
1285 298 1569 351 τύχωσι.τότε

221 364 427 415 παρόντες
465 362 535 404 καὶ
573 360 941 415 συμβουλεύοντές
978 378 1039 410 τι,
1082 361 1185 402 ὅταν
1224 361 1276 415 δὴ
1316 364 1461 411 αὐτοῖς
1489 363 1569 417 ἥκῃ

220 428 247 482 ἦ
286 429 378 468 τότε
406 427 629 481 πλησμονὴ
658 428 791 467 νόσον
820 426 1012 479 φέρουσα
1042 433 1182 480 συχνῷ
1210 426 1390 479 ὕστερον
1415 429 1569 483 χρόνῳ,

221 493 291 533 ἅτε
330 495 433 533 ἄνευ
475 500 552 533 τοῦ
592 493 783 546 ὑγιεινοῦ
823 496 1049 545 γεγονυῖα,
1090 493 1272 540 τούτους
1310 493 1571 533 αἰτιάσονται

220 557 291 599 καὶ
330 556 507 608 ψέξουσι
544 556 613 598 καὶ
653 558 787 599 κακόν
826 573 864 598 τι
893 559 1172 611 ποιήσουσιν,
1214 557 1267 598 ἂν
1297 553 1446 598 οἷοίτ’
1480 553 1568 606 ὦσι,

220 619 321 671 τοὺς
373 622 416 664 δὲ
464 622 698 674 προτέρους
749 622 938 671 ἐκείνους
988 621 1059 664 καὶ
1103 623 1264 671 αἰτίους
1302 626 1390 663 τῶν
1427 626 1571 664 κακῶν

223 687 544 741 ἕγκωμιάσουσι.
584 687 654 729 καὶ
694 688 746 728 σὺ
784 695 889 737 νῦν,
935 682 967 728 ὦ
1009 688 1277 736 Καλλίκλεις,
1317 688 1571 741 ὁμοιότατον

220 753 359 807 τούτῳ
382 751 560 805 ἐργάζευ
593 752 858 806 ἐγκωμιάζεις
879 750 1154 805 ἀνθρώπους,
1185 754 1225 794 οἳ
1246 753 1427 801 τούτους
1450 753 1567 793 εἱστι-

221 818 374 858 άκασιν
414 819 672 871 εὐωχοῦντες
713 810 775 859 ὧν
813 817 1087 871 ἐπεθύμουν,
1127 819 1199 859 καί
1243 828 1347 869 φασι
1385 819 1571 871 μεγάλην

220 881 299 936 τὴν
323 883 448 924 πόλιν
470 882 744 936 πεποιηκέναι
771 884 952 942 αὐτούς·
983 883 1046 924 ὅτι
1077 883 1120 924 δὲ
1152 883 1260 925 οἰδεῖ
1285 882 1354 924 καὶ
1382 883 1572 931 ὕπουλός

222 947 307 988 ἐστι
344 944 393 989 δι’
434 948 623 997 ἐκείνους
652 948 753 996 τοὺς
782 949 1001 998 παλαιούς,
1032 949 1111 990 οὐκ
1141 948 1435 990 αἰσθάνονται.
1466 951 1570 989 ἄνευ

220 1013 302 1066 γὰρ
342 1015 627 1067 σωφροσύνης
664 1014 732 1054 καὶ
772 1014 1045 1066 δικαιοσύνης
1072 1012 1254 1066 λιμένων
1283 1013 1350 1053 καὶ
1380 1015 1570 1067 νεωρίων

220 1078 290 1120 καὶ
327 1082 475 1132 τειχῶν
503 1080 572 1120 καὶ
604 1080 753 1132 φόρων
782 1078 852 1120 καὶ
881 1079 1088 1119 τοιούτων
1117 1080 1340 1131 φλυαριῶν
1369 1077 1572 1133 ἐμπεπλή-

222 1154 319 1185 κασι
360 1144 438 1197 τὴν
477 1146 612 1185 πόλιν.
654 1145 756 1185 ὅταν
796 1140 876 1184 οὖν
913 1141 1015 1196 ἔλθῃ
1054 1143 1082 1197 ἦ
1121 1142 1335 1196 καταβολὴ
1366 1143 1470 1197 αὕτη
1500 1150 1572 1197 τῆς
1608 1150 1612 1153 '

221 1209 458 1257 ἀσθενείας,
498 1210 598 1258 τοὺς
626 1210 719 1250 τότε
749 1209 965 1261 παρόντας
994 1209 1255 1249 αἰτιάσονται
1285 1210 1572 1261 συμβούλους,

227 1272 507 1328 Θεμιστοκλέα
530 1273 574 1315 δὲ
598 1274 666 1315 καὶ
703 1275 880 1327 Κίμωνα
908 1274 979 1315 καὶ
1012 1273 1219 1326 Περικλέα
1248 1272 1571 1326 ἐγκωμιάσουσι,

842 1420 882 1451 V.
916 1418 971 1457 δέ,
1006 1418 1095 1460 quod
1127 1419 1306 1450 Bekkerus
1339 1429 1381 1450 ex
1411 1419 1486 1450 Par.
1520 1420 1573 1459 Ε.,

290 1419 395 1452 ὅταν
429 1419 475 1462 δὴ
511 1418 662 1452 αὐτοῖς

696 1419 792 1462 ἥκῃ]

223 1476 285 1497 nos
311 1477 328 1497 e
353 1466 444 1497 Flor.
470 1465 500 1496 d.
526 1466 747 1497 correximus.
795 1464 1055 1496 Emendandum
1081 1464 1166 1495 vidit
1189 1464 1420 1495 Heindorfius.

292 1512 331 1542 E.
380 1512 424 1541 οἵ
456 1523 495 1541 το
510 1509 608 1542 ύτον
620 1522 635 1544 ς
668 1509 791 1552 elon]
825 1511 880 1541 Sic
906 1510 1021 1543 Clark.
1048 1510 1124 1541 Vat.
1151 1509 1256 1541 Coisl.
1282 1509 1368 1541 Ven.
1394 1510 1468 1541 ΞΣ.

225 1567 293 1587 non
319 1557 421 1597 pauci
446 1566 505 1597 pro
530 1556 622 1598 vulg.
649 1554 834 1589 τοιούτους.

292 1602 329 1633 Ρ.
355 1600 429 1633 519.
478 1601 516 1632 Β.
566 1599 804 1642 πάσχουσι·

269 1737 311 1767 D.
361 1734 470 1766 ὅταν
508 1731 557 1777 δὴ
595 1733 745 1768 αὐτοῖς
782 1733 863 1776 ἥκῃ

223 1799 266 1804 —-
302 1793 320 1811 τ
330 1778 442 1811 όσοτ
476 1780 617 1832 (pe-00⁶1
630 1779 695 1822 σα]
737 1791 863 1821 quum

222 1826 442 1867 expletio,
464 1826 627 1867 quippe
648 1836 756 1866 quae
778 1823 862 1856 ἄνει

225 1874 282 1902 τοῦ
314 1869 470 1913 τῖγιειιοῦ
503 1872 619 1902 f·act1
653 1872 726 1909 sit,
770 1870 802 1901 h.
835 1880 863 1900 e.

223 1916 319 1947 nulla
366 1916 483 1948 habita
524 1917 654 1947 ratione
694 1915 861 1953 sanitatis,

222 1962 278 1992 iis
300 1963 487 1993 morbum
509 1961 711 1992 attulerit
729 1960 860 1991 multo

222 2010 329 2048 post.
386 2007 472 2037 Nam
503 2003 565 2059 ἥκῃ
602 2005 759 2046 φέρουσα
791 2005 860 2036 fere

222 2052 309 2083 iden]
342 2055 393 2082 est
424 2052 513 2092 quod
538 2050 585 2082 ἐν
578 2050 665 2102 ξγκν.
704 2051 859 2091 Sympos

222 2108 253 2138 p.
275 2095 349 2128 188.
366 2097 416 2128 A:
443 2095 514 2138 ἥκει
541 2095 696 2135 [[ἐροττα
721 2115 760 2119 «-
788 2107 859 2137 ιγι-

221 2153 305 2173 ειατ.
339 2142 484 2182 Eu1ip.
511 2144 620 2173 orest.
646 2152 676 2172 v.
699 2139 781 2172 844:
808 2138 860 2172 λό-

221 2198 305 2228 γους
312 2184 497 2224 Ἄκουσον,
524 2184 584 2218 οὕς
610 2196 661 2217 σοι
687 2186 862 2226 δυςτυχεῖς

223 2231 292 2274 ἥκω
320 2230 450 2271 φέρων.
487 2231 552 2262 vid.
580 2231 788 2262 Valcken.
820 2231 861 2262 ad

224 2277 401 2308 Phoeniss.
427 2288 457 2307 v.
483 2275 559 2308 257.

268 2322 306 2352 E.
355 2322 400 2352 οἳ
430 2319 614 2354 τούτους
640 2318 860 2352 εἱστιάκα-

226 2376 266 2396 σι
280 2365 308 2407 zv]
332 2368 404 2407 qui
424 2368 533 2397 istos
559 2366 612 2408 (de
632 2365 756 2406 quibus
775 2366 860 2405 dixi)

224 2411 368 2451 epulis
404 2411 751 2443 obleetaverunt
786 2414 861 2449 ete,

224 2455 255 2486 h.
288 2466 316 2486 e.
351 2457 409 2497 qui
445 2456 573 2487 civium
606 2457 737 2487 animos
769 2456 861 2486 omni

224 2500 410 2542 voluptatis
473 2512 596 2542 genere
664 2502 861 2539 affecerunt,

224 2556 328 2587 quum
375 2546 418 2577 iis
461 2550 620 2587 pararent
661 2557 700 2577 ea
737 2547 861 2584 omnia,

224 2602 367 2632 quorum
413 2590 598 2631 cupiditate
642 2591 730 2632 eapti
772 2595 863 2622 tene-

224 2640 349 2667 rentur.
396 2636 509 2678 Vulgo
542 2635 720 2677 legebatur
752 2634 862 2667 τοιού-

226 2693 315 2718 τους,
346 2681 379 2712 h.
406 2691 433 2714 e.
459 2682 520 2712 ita
545 2682 795 2712 sentientes
822 2685 863 2711 et

225 2727 440 2758 malorum
487 2737 668 2758 caussas
704 2736 784 2757 non
820 2726 861 2757 in

847 1597 978 1631 πολλὰ
1022 1599 1088 1630 καὶ
1130 1596 1294 1642 ἀγαθὰ]

1511 1509 1571 1540 alii

1344 1598 1457 1642 Vulgo
1495 1602 1572 1641 post

934 1744 1078 1766 eorum
1127 1738 1334 1765 auctores
1385 1735 1571 1766 transfe—

933 1784 1090 1811 rentes.
1140 1779 1239 1819 Quod
1271 1790 1370 1811 nemo
1403 1784 1454 1811 est
1486 1781 1569 1820 quin

932 1825 1047 1856 videat
1059 1835 1151 1856 nunc
1165 1826 1278 1856 minus
1297 1825 1469 1856 commode
1490 1825 1569 1856 diei.

978 1872 1052 1902 καί
1074 1880 1181 1909 φασι
1208 1887 1247 1893 -
1275 1881 1364 1901 πεπ.
1391 1867 1567 1912 αύτούς]

933 1915 976 1946 Η.
1001 1927 1028 1946 e.
1054 1915 1108 1945 καὶ
1137 1913 1198 1947 οὓς
1226 1925 1311 1953 φασι
1334 1912 1484 1956 μεγάλην
1510 1913 1570 1952 τὴν

931 1958 1030 1991 πόλιν
1055 1958 1281 2000 πεποιηκέναι.
1314 1960 1356 1991 ef.
1382 1960 1423 1990 ad
1444 1971 1475 2001 p.
1492 1958 1570 1993 471.

930 2006 967 2036 Β.
1000 2005 1154 2036 Matth.
1181 2007 1209 2043 ξ.
1234 2004 1310 2037 469.

976 2051 1012 2081 P.
1038 2048 1114 2081 519.
1147 2049 1214 2080 καὶ
1237 2047 1448 2080 τοιούτων
1469 2050 1568 2088 φλυ-

931 2098 1036 2135 apta}
1053 2095 1087 2137 r]
1121 2095 1162 2125 V.
1189 2094 1231 2126 ad
1256 2095 1410 2136 Syinpos.
1435 2105 1466 2135 p.
1491 2093 1567 2126 211.

930 2141 967 2171 Ε.
1008 2140 1135 2172 l’haed.
1168 2151 1200 2181 p.
1225 2139 1277 2172 66.
1305 2140 1342 2171 C.
1395 2141 1477 2171 Mox
1510 2151 1568 2170 κα-

931 2183 1057 2227 ταβολή
1088 2191 1139 2216 est
1172 2182 1350 2226 περιοδικὴ
1380 2186 1479 2225 λῆψις
1504 2196 1567 2215 πιν-

933 2233 1045 2271 ρετοῦ,
1077 2231 1261 2271 interprete
1287 2231 1459 2260 Timaeo
1484 2229 1569 2260 Lex.

930 2287 961 2317 p.
980 2275 1064 2315 154,
1091 2275 1149 2306 ubi
1166 2286 1197 2306 v.
1215 2275 1438 2306 Ruhnken.
1470 2274 1568 2306 Conf.

930 2321 1033 2352 etiam
1069 2319 1239 2352 scholiast.
1271 2319 1313 2350 ad
1347 2320 1449 2361 Hipp.
1482 2320 1566 2351 Min.

930 2377 961 2407 p.
979 2364 1054 2398 372.
1074 2367 1123 2403 Ε.,
1148 2366 1206 2396 ubi
1231 2364 1328 2396 codd.
1353 2365 1485 2405 aliquot
1510 2376 1567 2395 κα-

932 2408 1074 2452 τηβολή,
1109 2409 1150 2441 de
1174 2419 1242 2450 qua
1267 2409 1437 2441 scribendi
1459 2410 1568 2440 varie-

930 2459 997 2486 tate
1029 2466 1061 2486 v.
1093 2454 1281 2487 Lobeck.
1313 2455 1354 2486 ad
1380 2455 1565 2495 Phrynieh.

930 2511 963 2542 p.
987 2498 1062 2533 699.
1088 2518 1130 2522 —-
1164 2497 1262 2532 coiis
1288 2498 1383 2531 τότε
1408 2498 1566 2540 παρόν-

932 2556 1018 2581 τας,
1043 2554 1090 2576 se.
1107 2554 1211 2585 quum
1225 2544 1311 2576 febri
1329 2545 1566 2586 corripiuntur.

977 2589 1043 2621 καὶ
1102 2593 1175 2620 τοῦ
1230 2588 1332 2627 ἐμοῦ
1386 2589 1565 2630 ἑταίρου

930 2632 1106 2676 Ἀλκιβ.]
1146 2634 1214 2665 Hie
1245 2645 1349 2675 quum
1381 2634 1449 2666 alia
1475 2634 1567 2665 mala

931 2680 1048 2711 intulit
1061 2680 1201 2720 patriae,
1214 2684 1284 2710 tum
1300 2680 1432 2711 nullum
1446 2680 1566 2718 maius,

931 2736 1032 2767 quam
1056 2724 1146 2766 quod
1167 2725 1435 2757 Atheniensibus
1459 2725 1568 2757 suasit
