1687 2969
840 137 1087 172 -cm

290 245 456 310 ingenii
498 245 712 287 Platonici
743 246 875 288 fetum
937 254 1057 288 111316
1088 261 1353 303 cogeremur.
1415 247 1633 301 Quocirca

293 317 481 358 orlgmcs
513 302 603 344 eius
635 302 688 344 ad
723 303 871 345 eadem
901 263 940 345 ip
920 319 989 346 ere
1022 311 1217 359 tcmp01a
1247 304 1512 359 retulerunt,
1546 321 1632 360 quo

290 359 555 424 colloquium
611 359 803 402 habitum
866 360 1056 417 fingitur.
1151 358 1283 423 Quod
1354 361 1480 415 quale
1551 362 1631 414 sit,

291 416 395 457 satis
426 422 543 457 certo
582 414 751 457 definiri
790 423 951 471 potest.
1009 415 1172 458 Incidit
1202 416 1315 458 enim
1345 416 1451 457 illud
1481 394 1634 473 procul

291 471 453 514 dubio
443 488 488 513 m
508 471 682 529 Oly.mp
708 432 881 515 XCIII.
914 475 952 515 2.
982 474 1052 515 vel
1083 474 1120 515 3.
1180 472 1235 514 Id
1266 472 1383 528 quod
1408 473 1475 515 his
1507 489 1634 531 argu-

289 529 444 571 mentis
484 529 724 571 conficitur.
790 530 983 571 Primum
1027 530 1139 571 enim
1189 529 1347 586 Lysias
1392 536 1442 570 ut
1487 530 1635 572 rhetor

290 585 590 627 celeberrimus
621 586 665 627 in
704 585 892 628 medium
922 586 1187 643 producitur.
1266 586 1310 628 Is
1355 601 1458 628 vero
1503 602 1636 642 quum

292 641 466 699 Olymp
489 641 639 684 XCII.
674 645 709 684 1.
742 643 916 686 Thuriis
938 643 1133 686 Athenas
1165 643 1366 684 ieveitiss
1349 658 1393 684 0
1423 650 1635 697 narretur⁷

289 713 561 753 consequens
593 706 680 753 est,
723 705 772 740 ut
801 715 939 742 sermo
966 706 1067 756 post
1102 700 1222 740 illum
1262 715 1421 741 3111111111
1463 699 1635 742 habitus

290 756 354 800 sit.
414 756 553 797 Porio
592 771 635 810 p.
677 757 770 800 268.
812 755 862 797 C.
893 757 952 798 D.
984 756 1214 812 Sophoclis
1253 763 1296 798 et
1337 756 1559 812 Euripidis
1587 762 1638 798 ut

289 813 487 854 vivorum
526 812 688 853 mentio
729 828 773 854 es
776 819 795 853 t
833 813 1004 855 iniecta.
1073 812 1164 855 Eos
1196 819 1338 854 autem
1368 819 1541 855 constat
1572 811 1637 855 Ο-

286 869 419 926 lymp.
447 867 623 910 XCIII.
654 871 692 910 3.
734 869 804 910 vel
843 872 883 911 4.
925 869 1036 911 diem
1074 884 1319 925 supremum
1349 869 1535 923 obiisse,
1582 869 1636 912 de

289 940 376 979 qua
403 940 448 966 re
478 941 518 966 v.
551 925 784 967 Boeckh.
817 924 999 968 Graeco.
1027 925 1226 982 Tragicc.
1254 926 1444 981 Princip.
1475 927 1636 981 Ρ.209

291 989 334 1024 et
362 981 514 1023 Bode
556 980 717 1023 Gesch.
755 982 795 1024 d.
837 982 970 1024 dram.
1002 961 1143 1024 Poes.
1164 982 1204 1023 d.
1235 982 1351 1023 Hell.
1389 942 1503 1024 Vol.
1527 982 1563 1025 I.
1592 999 1635 1039 p.

290 1039 396 1081 354.
439 1045 481 1079 et
518 1055 562 1094 p.
605 1039 701 1080 456.
778 1039 935 1094 Itaque
977 1054 1217 1080 sermonem
1255 1038 1530 1080 manifestum
1571 1046 1637 1082 est

290 1103 388 1137 ante
434 1095 604 1136 illorum
654 1096 819 1138 obitum
856 1096 1050 1138 habitum
1091 1095 1211 1152 fingi.
1290 1097 1440 1149 Atque
1485 1095 1636 1138 eodem

288 1153 379 1194 fere
417 1151 583 1193 faciunt
621 1152 749 1194 etiam
791 1168 855 1205 63,
888 1167 997 1207 quae
1028 1168 1070 1208 Ρ.
1110 1153 1206 1194 278.
1252 1152 1304 1194 Ε.
1349 1151 1402 1193 (16
1440 1152 1635 1195 Isocrate

290 1209 516 1262 dicuntur,
555 1209 630 1251 ubi
668 1209 797 1250 Plato
845 1208 1068 1252 Socratem
1105 1209 1207 1250 fecit
1248 1208 1300 1249 (16
1340 1209 1414 1250 1110
1452 1215 1500 1250 ut
1529 1209 1635 1251 ado-

287 1266 479 1308 lescente
511 1266 672 1320 optima
703 1281 899 1321 quaeque
932 1272 1223 1322 augurantem.
1283 1265 1327 1307 Is
1359 1266 1472 1306 enim
1502 1281 1635 1320 quum

290 1321 467 1380 Olym
515 1320 688 1364 XCIV.
743 1325 780 1363 1.
833 1323 1012 1379 triginta
1051 1322 1244 1387 tyrannis
1297 1321 1632 1376 dominantibus,

288 1380 406 1421 facta
444 1379 655 1421 bonorum
704 1393 880 1421 suorum
891 1361 1107 1432 Diactura,
1162 1380 1206 1420 in
1249 1377 1405 1420 Chium
1451 1379 1634 1421 insulam

289 1436 540 1500 migraverit
581 1436 642 1478 ibi
684 1435 833 1477 ludum
871 1435 1132 1478 rhetoricum
1162 1435 1460 1477 moderaturus
1492 1451 1633 1491 neque

289 1472 486 1549 proximo
526 1491 627 1534 inde
667 1498 861 1557 tempore
900 1493 1099 1535 Athenas
1138 1492 1328 1545 redierit,
1371 1492 1635 1547 colloquium

291 1555 389 1591 ante
419 1549 540 1590 illum
571 1564 731 1590 annum
760 1549 1004 1591 institutum
1044 1564 1137 1591 esse
1169 1556 1323 1605 sponte
1362 1549 1632 1605 intelligitur.

292 1605 425 1658 Quod.
453 1605 659 1647 iudicium
691 1605 972 1647 confirmatur
993 1606 1120 1647 etiam
1149 1606 1244 1647 1000
1278 1621 1320 1661 p.
1352 1606 1446 1647 257.
1477 1585 1528 1646 Βζῗ
1559 1606 1634 1647 ubi

289 1662 586 1716 Polemarchi,
630 1662 774 1704 fratris
817 1662 886 1719 L3
891 1663 979 1704 siae
1007 1670 1112 1704 natu
1142 1663 1338 1714 maioris7
1379 1662 1539 1703 mentio
1569 1662 1633 1703 fit.

292 1718 381 1772 Qui
413 1735 544 1774 quum
573 1725 684 1761 teste
714 1719 1036 1761 Plutarcho
1068 1720 1177 1760 Vitt.
1209 1719 1268 1760 X.
1294 1717 1435 1760 Oratt.
1462 1735 1504 1775 p.
1537 1720 1632 1760 835.

291 1777 350 1818 D.
393 1782 435 1817 et
474 1776 678 1817 Photio
718 1791 751 1818 s.
795 1791 836 1817 n.
888 1776 984 1817 coll.
1035 1776 1173 1833 Lysia
1212 1775 1308 1816 adx.
1357 1775 1632 1817 Eratosthen.

290 1834 328 1888 ξ.
371 1834 395 1874 8
429 1857 484 1862 -
516 1833 581 1874 19.
623 1831 798 1888 Oly.mp
841 1831 1012 1874 XCIV.
1056 1835 1092 1874 1.
1131 1839 1325 1887 tempore
1370 1831 1632 1887 oligaichiae

289 1889 502 1945 supplicio
551 1888 607 1930 sit
656 1889 860 1942 affectus,
910 1895 1025 1930 certe
1078 1889 1196 1930 nullo
1255 1894 1384 1943 pacto
1434 1889 1519 1942 810,
1584 1895 1633 1930 ut

288 1946 350 1988 ibi
398 1945 560 1987 factum
621 1952 708 2000 est⁷
769 1946 995 1986 memorari
1054 1946 1290 2001 potuisset⁷
1359 1944 1442 1986 nisi
1503 1945 1633 1986 etiam

285 2009 379 2044 tum
418 2003 463 2043 in
506 2001 617 2044 vivis
665 1979 832 2043 fiiisset.
914 2002 984 2043 Ex
1023 2002 1090 2043 his
1132 2002 1329 2044 omnibus
1377 2001 1510 2058 igitur
1558 2017 1632 2043 ne-

288 2059 476 2101 cessario
516 2059 819 2112 consequitur
860 2065 908 2099 ut
965 2059 1228 2113 colloquium
1291 2037 1420 2098 intra.O
1456 2057 1511 2101 Ol
1515 2074 1631 2114 ymp.

286 2113 436 2159 XCII.
469 2117 504 2156 1.
536 2125 577 2157 et
601 2114 775 2172 Oly.mp
796 2113 971 2156 XCIII.
993 2117 1031 2158 3.
1057 2141 1110 2146 —-
1136 2116 1233 2156 412.
1267 2121 1307 2155 et
1337 2115 1434 2156 406.
1467 2130 1503 2155 3.
1515 2075 1631 2156 Chr.

286 2189 330 2215 n.
365 2172 560 2214 habitum
597 2171 705 2229 fingi
742 2171 982 2227 putandum
1020 2172 1085 2214 sit
1157 2171 1430 2226 Quamquam
1471 2171 1543 2227 L3
1547 2171 1632 2213 sias

287 2230 381 2271 sine
413 2229 545 2271 dubio
563 2243 644 2270 1160
661 2209 736 2271 sic
776 2228 918 2270 statim
946 2236 1045 2285 post
1073 2228 1306 2270 adventum
1336 2243 1462 2292 suum
1491 2227 1631 2269 Athe-

288 2286 357 2327 nis
399 2285 454 2326 ad
495 2285 701 2327 maiorem
741 2284 956 2349 quandam
999 2285 1184 2327 rhetoris
1228 2284 1371 2327 eximii
1402 2284 1558 2325 famam
1590 2290 1633 2326 et

291 2342 594 2384 auctoritatem
634 2341 834 2398 pervenit
869 2356 951 2389 nec
985 2357 1081 2384 sese
1111 2342 1172 2383 ibi
1202 2341 1409 2384 continuo
1441 2340 1497 2382 ad
1525 2341 1633 2382 scri-

285 2398 450 2441 bendas
489 2399 706 2440 orationes
739 2398 933 2452 contulit,
966 2397 1179 2453 siquidem
1208 2404 1318 2440 teste
1351 2397 1630 2439 Cicerone

285 2455 410 2497 Brut.
450 2470 486 2497 c.
526 2455 590 2496 12.
631 2456 768 2511 primo
807 2461 941 2497 artem
978 2462 1146 2496 tantum
1186 2456 1410 2518 professus
1450 2459 1538 2508 est,
1581 2468 1631 2495 30

283 2518 439 2576 postea
475 2511 645 2553 demum
681 2528 725 2553 m
765 2511 1082 2555 scribendis
1124 2511 1519 2554 orationibus
1527 2486 1629 2551 ela-

287 2569 466 2611 ooravit.
532 2567 603 2609 Ex
642 2583 728 2622 quo
766 2568 1121 2611 verisimillimum
1167 2569 1218 2610 fit
1263 2567 1525 2622 colloquium
1567 2564 1630 2608 O-

285 2624 417 2682 lymp.
447 2623 621 2666 XCIII.
653 2626 691 2666 2.
725 2625 791 2667 vel
822 2626 860 2668 3.
889 2624 931 2666 h.
964 2640 999 2667 6.
1030 2640 1067 2666 3.
1089 2626 1200 2667 407..
1229 2624 1429 2668 1.61406.
1462 2638 1499 2664 3.
1526 2620 1629 2664 Chr.

285 2697 326 2723 n.
357 2681 552 2724 habitum
581 2681 712 2738 fingi,
756 2681 801 2724 id
839 2681 957 2737 quod
995 2681 1124 2725 etiam
1153 2683 1320 2725 Astio
1349 2680 1420 2723 De
1450 2678 1556 2722 Vita
1586 2685 1630 2721 et
