1687 2969
417 175 656 216 GORGIAS.
686 176 728 213 P.
762 178 853 213 522.
888 177 978 212 523.
1010 174 1067 211 ed.
1100 172 1154 211 St.
1379 172 1454 208 331

102 288 314 342 ἸΚρόνου,
354 285 426 329 καὶ
465 285 528 326 άεὶ
555 283 625 327 καὶ
661 290 743 325 νῦν
783 280 840 324 ἔτι
869 280 982 324 ἔστιν
1021 281 1066 323 ἐν
1094 284 1235 331 θεοῖς,
1275 282 1360 320 τῶν
1389 279 1459 319 άν-

113 354 303 407 θρωπων
330 354 406 393 τὸν
434 351 511 405 μὲν
541 351 712 398 δικαίως
740 349 816 389 τὸν
845 349 942 401 βίον
969 347 1193 389 διελθόντα
1220 344 1292 386 καὶ
1320 344 1459 394 ὁσίως,

112 419 284 461 ἐπειδὰν
321 418 569 471 τελευτήσῃ,
611 415 651 464 ἐς
689 415 894 468 μακάρων
929 414 1090 466 νήσους
1118 412 1300 452 άπιόντα
1329 410 1461 451 οἰκεῖν
1491 415 1527 456 Β

110 483 156 526 ἐν
194 486 307 537 πάσῃ
351 482 600 536 εὐδαιμονία
639 480 756 528 ἐκτὸς
796 482 965 526 κακῶν,
1002 477 1079 517 τὸν
1117 477 1161 517 δὲ
1201 476 1356 524 άδίκως
1392 475 1462 516 καὶ

109 548 251 597 ἀθέως
292 549 350 596 εἰς
377 547 425 588 τὸ
453 553 527 600 τῆς
563 547 708 595 τίσεως
745 560 787 586 τε
827 545 898 586 καὶ
936 544 1053 596 δίκης
1088 542 1398 596 δεσμωτήριον,
1439 537 1461 581 ὃ

109 615 163 668 δὴ
201 615 415 666 τάρταρον
451 616 680 660 καλοῦσιν,
724 610 841 652 ἰέναι.
881 610 1047 650 τούτων
1085 608 1129 648 δὲ
1167 607 1358 648 δικασταὶ
1395 604 1461 646 ἐπὶ

111 681 287 733 Κρόνου
316 678 387 720 καὶ
416 675 474 718 ἔτι
502 677 652 718 νεωστὶ
679 684 757 718 του
777 676 882 724 Διὸς
904 690 982 728 τήν
1013 672 1147 727 ἀρχὴν
1168 670 1339 726 ἔχοντος
1361 674 1460 721 ζῶν-

108 760 174 793 τες
202 740 312 797 ἦσαν
342 744 538 794 ζώντων,
585 742 721 796 ἐκείνῃ
759 749 810 796 τῆ
839 741 973 795 ἡμέρᾳ
1012 740 1275 789 δικάζοντες,
1312 739 1340 789 ᾖ
1370 735 1461 789 μέλ-

108 814 222 852 λοιεν
251 812 461 850 τελευτᾶν.
493 822 632 856 κακως
660 804 741 849 οὖν
771 808 814 848 αἷ
841 808 954 848 δίκαι
982 805 1213 856 εκρίνοντο.
1258 803 1281 844 ὅ
1309 817 1352 843 τε
1382 805 1462 843 οὐν

110 877 322 917 Πλούτων
363 874 434 915 καὶ
474 874 516 915 οἱ
551 872 792 927 ἐπιμεληταὶ
832 871 876 912 ἐκ
913 872 1119 925 μακάρων
1155 871 1299 922 νήσων
1329 869 1463 915 ἰόντες

109 939 255 994 ἔλεγον
282 941 390 993 πρὸς
417 940 494 981 τὸν
523 940 632 986 Δία,
674 935 734 979 ὅτι
767 937 949 990 φοιτῷέν
987 947 1091 989 σφιν
1118 938 1345 987 ἄνθρωποι
1374 932 1465 974 {uct-
1497 936 1532 979 C

107 1004 261 1059 τὲρωσε
287 1007 463 1056 άνάξιοι.
493 1001 611 1046 εἶπεν
633 1001 713 1046 οὖν
735 1003 757 1044 ὁ
788 1004 909 1054 Ζεύς,
933 1000 1048 1043 Ἀλλ’
1073 1000 1166 1055 ἐγώ,
1192 998 1289 1054 ἔφη,
1313 1001 1463 1041 παύσω

107 1076 235 1114 τοῦτο
263 1072 533 1125 γιγνόμενον.
574 1077 657 1111 νῦν
698 1069 774 1124 μὲν
810 1068 891 1122 γὰρ
929 1070 1071 1116 κακῶς
1111 1067 1156 1108 αί
1192 1066 1307 1107 δίκαι
1351 1066 1463 1107 δικά-

110 1140 263 1188 ζονται.
294 1138 576 1191 άμπεχόμενοι
604 1137 706 1189 γάρ,
739 1135 842 1188 ἔφη,
883 1134 924 1175 οἵ
950 1134 1195 1186 κρινόμενοι
1222 1132 1460 1184 κρίνονται·

109 1205 259 1253 ζῶντες
288 1203 370 1255 γὰρ
400 1202 630 1254 κρίνονται.
671 1200 819 1241 πολλοὶ
849 1195 953 1247 οὖν,
994 1195 1015 1252 ἧ
1046 1197 1082 1240 δ’
1113 1198 1182 1247 ὅς,
1223 1196 1363 1250 ψυχὰς
1390 1212 1462 1237 πο-

109 1267 243 1322 νηρὰς
284 1265 448 1321 ἔχοντες
486 1266 765 1320 ἠμφιεσμένοι
806 1264 883 1305 εἰσὶ
934 1264 1105 1317 σώματά
1156 1277 1198 1304 τε
1242 1262 1349 1303 καλὰ
1395 1262 1464 1303 καὶ

109 1390 290 1422 Bekkerus
327 1399 463 1443 quoque
492 1389 696 1432 imepudiavit
743 1388 838 1420 Infra
871 1398 902 1430 p.
938 1386 1014 1420 526.
1045 1386 1083 1418 C.
1115 1385 1214 1418 codd.
1245 1386 1316 1418 fere
1347 1395 1464 1418 omnes

111 1435 146 1469 ἐς
170 1435 337 1475 μακάρων
365 1433 503 1489 νήσοις

178 1479 327 1521 ἑκεινῃ
355 1484 398 1522 τῇ
423 1477 557 1522 ἡμέρᾳ
583 1479 673 1520 δικ]
702 1482 738 1520 τῇ
753 1476 1152 1510 exPlutarehoetcodd.
1169 1477 1254 1509 Ven.
1276 1477 1314 1509 Ξ.
1337 1477 1414 1509 Par.
1423 1476 1466 1508 V.

115 1525 208 1557 F.lor
235 1526 256 1556 f.
283 1536 308 1557 s.
333 1525 538 1558 restitutum.

181 1569 223 1601 οἱ
256 1568 511 1611 ἐπιμεληταὶ
547 1568 590 1600 ἐκ
624 1566 855 1610 μακάρων]
905 1567 1099 1599 Articulum
1126 1567 1160 1598 οἱ
1190 1567 1292 1599 iterat
1324 1571 1403 1599 ante
1428 1566 1465 1599 ἐκ

111 1613 279 1656 μακάρων
311 1615 538 1654 Plutarchus,
576 1614 667 1646 unde
700 1613 920 1645 Heindorfius
953 1613 1112 1653 restituit,
1151 1612 1242 1654 quod
1281 1612 1463 1645 eonsilium

111 1661 269 1704 probavit
293 1660 496 1693 Schaeferus
521 1659 564 1691 ad
589 1660 767 1692 Demosth.
792 1660 918 1701 Appar.
944 1659 983 1690 T.
1009 1658 1067 1690 IV.
1092 1669 1125 1700 p.
1151 1657 1225 1692 119.

110 1774 244 1805 ratione
277 1773 418 1815 propius
450 1772 493 1804 ad
516 1783 633 1804 verum
662 1782 755 1804 aoce-

112 1819 214 1851 dente
233 1818 509 1861 intelligendum,
524 1822 562 1850 ut
578 1818 684 1860 Legg.
695 1818 754 1849 IX.

111 1875 144 1906 p.
176 1863 252 1897 872.
284 1865 327 1895 D.
351 1863 524 1896 Phaedon.
557 1874 588 1905 p.
621 1863 673 1896 64.
706 1864 756 1902 B„

111 1909 173 1941 ubi
206 1920 238 1941 v.
270 1914 386 1941 annot.
434 1908 613 1951 Significat
642 1912 755 1941 autem

114 1955 292 1995 Socrates,
326 1954 395 1986 nisi
418 1955 540 1993 fallor,
572 1965 653 1986 vera
677 1953 755 1986 sub-

113 2010 187 2031 esse
211 2000 292 2031 huic
315 2001 513 2039 narrationi,
543 1999 755 2041 quandoqui-

113 2045 190 2076 dem
213 2045 279 2087 ipsi
312 2045 452 2077 omnino
484 2045 620 2086 quidem
653 2045 754 2087 plane

113 2100 315 2132 persuasum
366 2091 432 2121 fuit
490 2095 567 2132 post
611 2094 755 2122 mortem

113 2135 213 2166 malis
244 2135 349 2174 male,
391 2135 489 2167 bonis
522 2140 636 2167 autem
668 2135 755 2167 bene

113 2182 265 2212 futurum
291 2191 377 2212 esse.

152 2224 190 2257 ’Ό
202 2237 223 2264 μ
233 2238 253 2268 η
265 2237 281 2266 ρ
296 2238 314 2257 ο
325 2237 341 2259 s
366 2224 409 2257 λ
394 2237 480 2268 εγει

115 2269 236 2302 v.187
261 2282 353 2326 seqq.

158 2312 224 2347 ἀεὶ
277 2316 344 2348 καὶ
394 2328 412 2346 ν
423 2318 474 2346 ῦν
523 2315 579 2347 ἔτι
620 2314 753 2357 ἔστιν]

114 2371 228 2392 nune
283 2361 423 2393 adhue
477 2364 521 2391 ut
560 2371 754 2415 sempe1.

114 2405 257 2437 Phaedr.
288 2417 318 2447 p.
351 2405 427 2439 254.
460 2406 511 2437 A:
548 2402 607 2436 ἅεί
635 2417 667 2436 τε
700 2405 753 2436 καὶ

118 2449 199 2488 τότε,
225 2461 338 2482 nunc
361 2455 406 2483 ut
428 2451 541 2482 olim.
555 2462 585 2484 v.
601 2451 756 2482 Sohae-

115 2497 153 2528 fe
162 2506 188 2527 r.
214 2495 256 2528 ad
282 2496 441 2538 Sophoel.
455 2496 619 2538 Antigon.
633 2507 663 2526 v.
681 2495 756 2527 181.

161 2542 198 2572 Β.
241 2540 283 2573 ἐς
322 2539 528 2581 μακάρων
570 2539 754 2583 ι’ήοουε]

116 2587 167 2618 De
187 2586 240 2617 his
256 2586 349 2618 locos
367 2591 521 2618 veterum
543 2587 758 2628 collegerunt

118 2631 323 2663 Gataker.
350 2631 393 2662 ad
418 2632 581 2664 Antonin.
608 2632 649 2670 X,
668 2630 699 2663 8.
725 2642 755 2673 p.

115 2675 191 2709 295.
227 2676 390 2708 Cellar.
423 2677 616 2719 Geograph.
651 2677 756 2717 antiq.

116 2722 176 2755 IV.
207 2732 240 2763 p.
266 2721 341 2754 141.
375 2726 409 2753 et
432 2720 508 2754 165.
537 2723 683 2763 interpp.
714 2721 756 2753 ad

492 2225 547 2268 -]
567 2225 664 2257 mad.
679 2225 754 2257 xv.

824 1771 978 1803 Plinium
1011 1771 1052 1803 N.
1078 1771 1122 1802 H.
1153 1771 1204 1811 Π,
1237 1769 1289 1805 92.
1315 1771 1381 1810 VI,
1411 1769 1464 1804 36.

825 1821 858 1849 et
883 1816 925 1848 ad
948 1817 1069 1849 Horat.
1094 1816 1202 1858 Epod.
1226 1816 1324 1856 XVI,
1350 1815 1404 1848 41.
1422 1835 1464 1839 w

827 1860 949 1895 ἐκτὸς
975 1864 1134 1899 κακῶν,
1166 1861 1375 1894 malorum
1402 1873 1466 1893 ex-

824 1912 984 1950 pertes.

870 1954 938 1985 καὶ
988 1953 1044 1984 ἔτι
1087 1952 1245 1994 νεωστὶ
1289 1955 1367 1983 τοῦ
1406 1951 1464 1994 Δ]

824 2004 864 2030 et
897 2009 1032 2040 nuper
1071 1997 1361 2040 etiam,¹10ve
1400 1999 1466 2028 im—

826 2044 997 2086 perium
1022 2047 1207 2075 tenente.

871 2089 913 2120 οἱ
953 2088 1211 2130 ἐπιμεληταὶ
1254 2086 1299 2119 ἐκ
1340 2098 1371 2126 μ.
1414 2087 1467 2130 ν,]

824 2135 902 2166 Non
919 2144 1004 2175 opus
1030 2134 1211 2165 iteratione
1225 2132 1362 2165 articuli
1385 2138 1464 2165 ante

826 2178 862 2211 ἐκ
879 2177 1357 2221 μακάρω7,1υῃςεῑε;ὲλεγοῑ
1377 2177 1465 2219 πρὸς

826 2223 886 2256 τὸν
934 2225 1007 2256 Δια
1055 2222 1168 2257 ι’όιτες
1216 2223 1253 2255 ἐκ
1300 2221 1465 2276 μακάρων

824 2280 951 2311 νησωι.
963 2268 1279 2311 -ἐκατέρωσε,
1306 2270 1349 2300 in
1376 2269 1465 2301 bea-

826 2320 964 2347 torum
1017 2315 1192 2347 insulas
1237 2319 1276 2346 et
1317 2315 1465 2347 Tarta-

825 2371 926 2392 rum.

871 2405 908 2439 C.
956 2402 1261 2445 ἀμπεχόμενοι
1299 2424 1343 2429 -
1376 2407 1464 2447 κρί-

829 2449 998 2493 νονται]
1045 2451 1141 2482 Haeo
1178 2451 1370 2482 imitatione
1409 2462 1465 2482 ex-

826 2496 949 2537 pressit
986 2495 1259 2527 Plutarchus
1290 2497 1343 2528 De
1383 2496 1466 2528 Sera

826 2542 926 2572 Num.
946 2540 1047 2572 Vind.
1068 2551 1099 2582 p.
1115 2540 1202 2580 110.,
1227 2540 1287 2572 ubi
1306 2541 1465 2582 v.Wyt-

826 2590 866 2617 te
878 2585 986 2618 nbac
997 2586 1028 2619 h.
1078 2585 1178 2626 Quod
1202 2588 1381 2627 κρίνονται
1404 2586 1465 2617 ite-

826 2635 938 2670 ratur,
969 2635 1021 2663 est
1051 2631 1136 2662 haee
1167 2635 1262 2672 grata
1296 2631 1465 2672 quaedam

826 2677 993 2708 sermonis
1017 2676 1207 2717 quotidiani
1232 2677 1389 2708 imitatio.

873 2719 1465 2765 ἠμφιεσμένοι-πλούτους]
