1687 2969
207 156 286 191 242
752 153 1012 192 PLATONIS

207 261 349 302 ὁποῖαι
378 260 543 314 ἁγαθαὶ
571 260 640 302 καὶ
669 262 818 311 κακαί,
856 260 943 303 ἀλλ’
984 260 1043 303 ἔτι
1070 260 1140 302 καὶ
1177 266 1259 302 νῦν
1287 260 1393 314 λέγε,
1432 261 1548 303 πότε-

207 342 285 379 ρον
314 323 401 381 φὴς
429 323 537 367 εἶναι
563 327 611 368 τὸ
641 324 745 369 αὐτὸ
772 327 854 382 ἡδὺ
883 327 953 368 καὶ
981 323 1176 380 ἀγαθόν,
1206 326 1233 379 ἢ
1262 322 1372 367 εἶναί
1398 341 1437 367 τι
1463 328 1549 367 τῶν

206 390 397 446 ἡδέων,
387 390 409 432 ὀ
439 389 519 433 οὐκ
548 391 660 434 εστιν
689 388 879 446 ἀγαθόν,
912 394 1047 434 ΚΑΛ.
1067 388 1158 433 ‘Ivoc
1187 391 1238 445 δή
1267 407 1338 445 μοι
1366 390 1423 445 μὴ
1449 391 1548 432 οἰνο-

206 458 525 511 μολογούμενος
561 455 590 511 ᾖ
630 458 653 500 ὁ
690 459 835 512 λόγος,
876 457 951 499 ἐὰν
989 457 1134 510 ἕτερον
1171 458 1294 510 φήσω
1332 453 1463 508 εἶναι,
1501 457 1549 497 τὸ

207 518 312 564 αὐτό
342 539 450 577 φημι
478 520 597 565 εἶναι.
649 526 746 564 ΣΩ.
776 523 1066 577 Διαφθείρεις,
1099 524 1131 563 ὠ
1163 524 1422 572 Καλλίκλεις,
1450 538 1550 570 τους

207 589 402 640 πρώτους
429 590 605 642 λόγους,
646 589 716 629 καὶ
755 584 835 629 οὐκ
870 589 922 630 ἂν
959 587 1017 629 ἔτι
1056 581 1137 641 μετ’
1176 586 1280 641 ἐμοῦ
1317 588 1472 636 ἱκανῶς
1499 588 1550 628 τὰ

210 656 312 694 ὄντα
349 652 572 704 ἐξετάζοις,
611 653 726 706 εἴπερ
767 653 881 705 παρὰ
918 653 969 695 τὰ
1009 654 1220 695 δοκοῦντα
1261 656 1403 710 σαυτῷ
1432 651 1548 706 ἐρεῖς.

142 720 179 762 Β
214 720 350 759 ΚΑΛ.
403 718 488 760 Καὶ
526 718 607 772 γὰο
649 719 725 768 σύ,
769 713 802 759 ὦ
841 714 1079 771 Σώκρατες.
1147 721 1249 760 ΣΩ.
1301 719 1364 759 Οὐ
1401 719 1551 759 τοίνυν

209 784 351 836 ὀρθῶς
378 787 487 825 ποιῶ
515 782 602 825 οὔτ
635 780 738 836 ἐγώ,
779 784 893 836 είπερ
922 788 1030 825 ποιῶ
1058 792 1197 835 τοῦτο,
1234 787 1330 825 οὔτε
1359 784 1423 824 σύ.
1450 780 1551 832 ἀλλ’,

211 850 243 889 ὼ
272 852 463 901 μακάριε
493 852 639 901 ἄθρει,
678 849 734 903 μὴ
774 850 826 890 οὐ
854 854 981 891 τοῦτο
1011 847 1038 902 ᾖ
1066 851 1113 890 τὸ
1142 850 1331 903 ἀγαθόν,
1371 850 1419 890 τὸ
1448 850 1550 890 ποίν-

165 934 182 955 ,ι
209 930 289 963 τως
317 917 498 968 χαίρειν·
529 915 661 955 ταῦτα’
689 930 730 956 τε
759 914 840 967 γὰρ
869 916 919 956 τὰ
947 919 1031 956 νῦν
1061 914 1111 969 δὴ
1143 915 1389 968 αἰνιχθέντα
1415 914 1550 956 πολλὰ

210 979 279 1020 καὶ,
319 979 467 1033 αἰσχρὰ
496 981 690 1032 φαίνεται
720 982 1036 1034 συμβαίνοντα,
1079 981 1113 1021 εἰ
1141 987 1269 1022 τοῦτο
1298 980 1431 1029 οὕτως
1457 978 1551 1034 ἔχει,

275 1120 313 1152 Ρ.
337 1118 413 1154 495.
461 1119 609 1152 ὁποῖαι
641 1119 826 1164 ἀγαθαὶ]
863 1121 919 1153 Sic
952 1112 1145 1153 Venjffg.
1182 1121 1285 1153 Vind.
1315 1120 1346 1155 6.
1387 1121 1463 1155 Par.
1495 1120 1550 1154 W.

211 1165 302 1197 Flor.
329 1166 361 1197 d.
385 1177 417 1197 x.
458 1167 547 1197 Vett.
579 1166 671 1198 editt.
701 1163 819 1198 ὁποῖαι
851 1167 888 1198 αἱ
920 1164 972 1209 ἀγ.
1021 1167 1060 1198 In
1093 1166 1194 1201 Vind.
1227 1165 1256 1199 1.
1287 1170 1339 1198 est
1372 1163 1484 1198 ὁποῖαι
1515 1165 1554 1197 αἱ

210 1209 340 1252 ἀγαθαὶ
367 1212 421 1243 καὶ
448 1211 485 1243 αἱ
508 1214 615 1243 κακαί.

279 1256 316 1288 C.
364 1255 516 1299 ἐπειδὴ
546 1256 654 1288 οὕτω
687 1256 834 1299 δοκεῖ]
867 1257 910 1290 V.
934 1255 1053 1300 ἐπειδή
1079 1267 1131 1289 σοι
1156 1255 1245 1289 οὕτω
1273 1256 1314 1296 δ.,
1345 1257 1436 1299 quod
1460 1256 1553 1290 solus

212 1302 296 1334 Ven.
325 1302 362 1334 Ξ.
388 1301 499 1334 habet.

256 1432 294 1463 P.
318 1430 394 1463 495.
427 1432 486 1463 ἔτι
519 1433 584 1464 καὶ
626 1436 703 1464 νῦν
740 1432 847 1475 λέγε]

918 1432 1059 1464 stotel.
1093 1433 1194 1464 Anal.
1227 1433 1262 1473 I,
1291 1430 1353 1465 34:
1392 1429 1555 1471 ἀνομολο-

213 1487 324 1509 nune
355 1477 522 1518 saltem,
563 1489 686 1520 quum
716 1483 849 1510 antea

916 1477 1089 1521 γούμενον
1150 1482 1217 1510 τοῖς
1279 1477 1552 1519 προειρημένοις,

214 1524 478 1555 sententiam
530 1528 644 1555 tuam
699 1523 849 1555 libere

213 1569 421 1610 profiteri
468 1579 550 1600 non
598 1579 731 1600 ausus
778 1570 848 1600 sis.

215 1614 341 1645 Criton.
359 1624 388 1645 c.
405 1615 463 1645 III.
481 1615 544 1645 in.:
570 1612 636 1645 ἀλλ’
658 1633 701 1637 —
724 1614 768 1645 ἔτι
793 1615 848 1646 καὶ

217 1663 281 1691 νῦν
300 1658 373 1698 ἐμοὶ
394 1660 522 1691 πείθου
544 1661 598 1691 καὶ
625 1660 764 1701 σώθητι,
789 1659 850 1691 ubi

214 1715 245 1736 v.
271 1710 385 1736 annot.

254 1793 336 1826 Ἵνα
371 1794 418 1837 δή
450 1806 519 1834 μοι
552 1793 601 1837 μὴ
639 1792 851 1833 α’νομολο-

215 1839 436 1882 γούμενος
477 1839 539 1882 -]
588 1841 671 1871 Nec
711 1840 852 1882 igitur

216 1896 350 1917 sermo
375 1896 490 1917 meus
516 1895 659 1917 secum
679 1889 853 1927 pugnet.

214 1930 409 1963 Notandum
439 1931 503 1962 hoc
530 1928 575 1961 οὶ]
579 1930 753 1973 ομολογοί
752 1941 813 1961 nez
816 1942 853 1963 ος

215 1977 251 2007 vi
281 1976 419 2017 passiva
441 1976 608 2018 positum,
642 1986 745 2017 quum
768 1972 851 2006 οἷιο-

215 2023 437 2064 μολογεῖσθαι
470 2022 512 2053 sit
538 2021 679 2053 veibum
703 2020 852 2053 medium

217 2077 325 2108 paene
379 2067 548 2098 contraria
600 2066 852 2108 significatione

217 2113 417 2154 praeditum.
474 2112 678 2151 Verissime‚
722 2112 853 2153 opinor,

218 2158 350 2189 monuit
388 2158 678 2189 Buttmannus
715 2157 852 2188 Auetar.

218 2214 249 2244 p.
275 2201 351 2235 524.
382 2202 467 2234 illud
501 2214 543 2234 ex
575 2214 595 2233 α
619 2203 788 2244 privativo
821 2205 854 2232 et

218 2259 300 2280 voce
338 2245 610 2290 ὁμολογούμενος
652 2258 726 2279 esse
768 2247 853 2278 deri-

219 2298 334 2324 vatum
346 2318 353 2331 ,
400 2304 509 2334 neque
554 2294 665 2334 ipsum
712 2292 853 2323 verbum

218 2336 510 2380 ἀνομολογεῖσθαι
540 2348 683 2379 usquam
707 2341 853 2379 negante

220 2383 467 2425 significatione
514 2383 661 2424 positum
705 2383 855 2424 reperiri,

221 2429 281 2460 sed
312 2429 450 2459 nonnisi
480 2429 696 2470 participium
728 2429 775 2459 ita
798 2427 855 2459 ad-

220 2474 345 2513 hiberi,
392 2473 527 2514 quando
565 2473 732 2516 significet
772 2483 853 2503 non

222 2523 567 2556 consentaneus,
606 2523 644 2549 ut
673 2529 733 2560 pro
765 2518 854 2549 adie-

223 2565 311 2596 ctivo
334 2564 463 2605 potius,
495 2574 537 2594 ex
563 2569 582 2594 ᾱ
607 2564 690 2605 priv.
717 2567 750 2595 et
774 2560 854 2601 ὁμο-

221 2607 429 2651 λογούμενος
487 2609 853 2649 (consentaneus)

221 2655 386 2693 conflato,
422 2664 521 2694 quam
553 2664 612 2695 pro
643 2664 722 2685 vero
752 2653 856 2694 parti-

221 2701 308 2740 cipio
340 2699 532 2730 habendum
562 2698 725 2730 videatur.
766 2699 854 2729 Ari-

918 1534 1017 1565 quem
1049 1523 1161 1555 locum
1194 1524 1404 1565 comparavit
1426 1523 1554 1555 Hein-

918 1569 1099 1600 dorfius.
1135 1568 1215 1600 Alia
1235 1568 1391 1610 exempla
1415 1568 1556 1610 collegit

919 1614 1169 1646 Schneider.
1185 1613 1227 1645 ad
1241 1614 1359 1655 Theop
1362 1614 1410 1645 hr.
1424 1614 1554 1645 Histor.

918 1659 1032 1692 Plant.
1049 1660 1143 1699 VIII,
1167 1658 1199 1698 4,
1225 1659 1255 1692 5.
1280 1660 1319 1691 T.
1344 1659 1405 1690 III.
1429 1669 1461 1700 p.
1478 1658 1556 1691 666.

918 1706 1022 1736 Recte
1042 1705 1148 1749 igitur
1165 1704 1288 1737 schol..
1313 1705 1370 1735 ἵνα
1387 1701 1430 1746 μὴ
1445 1701 1553 1742 ἀσύμ-

922 1761 1042 1790 φμωιος
1066 1751 1092 1782 αἱ
1119 1750 1239 1781 ἑαυτό.

967 1836 1554 1880 Διαφθειοεις-τοὺςπρώ-

921 1897 1019 1918 τους
1049 1883 1229 1927 λόγους]
1263 1885 1307 1916 H.
1339 1895 1366 1916 e.
1398 1884 1554 1916 Irritos

919 1930 1066 1962 reddis
1105 1930 1364 1971 superiores
1403 1940 1555 1961 sermo-

920 1986 995 2007 nes
1020 1980 1134 2015 tuos,
1167 1986 1292 2016 quum
1322 1975 1554 2016 promissis

920 2021 1007 2052 tuis
1027 2031 1110 2052 non
1133 2024 1238 2061 stes3
1264 2020 1423 2052 dixisti
1443 2021 1555 2052 enim

920 2066 1034 2097 velle
1056 2070 1095 2097 te
1115 2066 1231 2097 nihil
1256 2069 1429 2107 praeter
1452 2076 1555 2097 men-

921 2116 1001 2142 tem
1048 2114 1161 2142 tuam
1208 2111 1367 2143 dicere.
1437 2111 1555 2151 Itaque

922 2156 1145 2197 διαφθειρειν
1186 2155 1265 2189 τοὺς
1302 2154 1425 2197 λόγους
1463 2155 1495 2187 h.
1532 2155 1555 2186 l.

921 2202 1045 2233 dicitur
1061 2200 1343 2242 quemadmodum
1360 2200 1440 2232 Crit.
1455 2211 1487 2242 p.
1502 2200 1555 2232 50.

921 2248 959 2278 Β.
1003 2246 1223 2286 διαφθειρειν
1268 2245 1324 2279 τὰς
1369 2244 1556 2287 γειομέιας

922 2291 1027 2346 &zl‘nahz
1063 2293 1235 2333 Protagor.
1266 2301 1297 2332 p.
1321 2289 1398 2323 360.
1432 2289 1555 2331 διαφθ·

922 2334 999 2370 τὰςὸ
1012 2338 1181 2378 μολογίας,
1196 2336 1239 2369 al.
1258 2337 1341 2367 Mox
1354 2335 1395 2367 ad
1409 2336 1476 2367 Καὶ
1490 2333 1555 2378 γὰρ

925 2380 967 2414 σύ
987 2383 1047 2414 int.
1072 2381 1151 2414 τοὺς
1178 2379 1301 2423 λόγους
1326 2380 1556 2421 διαφθείρεις.

968 2472 1048 2513 Cap.
1073 2471 1110 2502 L.
1161 2471 1198 2503 C.
1252 2470 1403 2502 διελοῦ
1439 2468 1554 2512 τάδε]

923 2516 1096 2558 explica
1121 2516 1198 2548 hoe
1224 2515 1490 2548 accuratius.
1516 2534 1558 2538 -

925 2559 1165 2603 ἐπιστήμην
1201 2573 1284 2592 που
1323 2563 1467 2593 καλεῖς
1503 2572 1556 2592 τι.·

923 2607 969 2639 clu
999 2612 1119 2637 ‘nemost
1148 2607 1231 2638 doeh
1259 2606 1345 2637 wohl
1372 2612 1470 2637 etwas
1494 2605 1560 2636 Er-

923 2651 1092 2683 kemztm'ss
1101 2650 1116 2681 52
1159 2652 1217 2683 Sic
1243 2650 1308 2682 ποὺ
1333 2662 1435 2692 supra
1458 2651 1558 2681 inter-

923 2698 1070 2739 positum
1102 2707 1135 2738 p.
1165 2695 1242 2729 463.
1272 2697 1318 2728 E:
1362 2694 1456 2735 σῶμά
1490 2707 1557 2726 που
