1687 2969
69 627 152 668 486

184 130 234 163 20
241 130 261 163 8
729 124 989 164 PLATONIS

181 237 320 309 Muffig.
375 233 614 274 κινδυνεύω
653 228 733 274 οὖν
771 232 1036 275 πεπονθέναι
1074 237 1156 271 νῦν
1196 227 1298 282 ὅπερ
1327 231 1350 272 6
1383 233 1528 284 Ζῆθος

183 296 291 351 πρὸς
340 295 417 340 τὸν
462 296 671 351 Ἀμφίονα
719 298 742 338 6
782 298 1045 351 Εὐριπίδου,
1103 289 1235 346 οὗπερ
1298 293 1528 349 ἐμνήσθην.

183 364 252 405 καὶ
297 363 379 416 γὰρ
430 361 521 416 ἐμοὶ
567 359 724 404 τοιαῦτ’
762 365 865 404 ἄττα
904 361 1115 415 ἐπέρχεται
1152 356 1260 412 πρὸς
1302 362 1345 401 σὲ
1381 360 1530 414 λέγειν,

184 425 333 481 οἷοίπερ
386 427 544 477 ἐκεῖνος
591 426 698 481 πρὸς
746 427 824 468 τόν
873 427 1082 480 οὲδελςρόνἺ
1141 423 1205 467 ὅτι
1251 425 1440 478 ἀμελεῖς,
1499 428 1531 467 ὠ

183 495 419 546 Σώκρατες,
451 494 513 534 ὡν
540 493 603 534 δεῖ
632 505 675 534 σε
704 492 1011 546 ἐπιμελεῖσθαι,
1052 492 1121 533 καὶ
1150 491 1324 543 φύσιν
1353 497 1532 545 ψυχῆς

186 552 289 601 ὧδε
342 559 618 611 γενναίαν
664 558 1028 635 μειρακιώδει
1076 556 1158 597 τινὶ
1204 554 1530 608 διαπρέπεις

182 625 533 679 μορφώματι
574 622 643 664 καὶ
673 619 775 663 οὔτ’
807 638 871 663 αν
899 622 1069 681 δίκης
1091 613 1372 675 βουῖαισι
1369 635 1529 674 προς-

181 685 283 745 &eff
324 704 388 730 αν
427 688 602 741 ὀρθῶς
639 688 827 740 λόγον,
870 682 977 728 οὔτ’
1020 685 1174 734 εἰκὸς
1215 701 1269 726 αν
1308 686 1375 726 καὶ
1404 690 1529 726 πιθα-

181 752 262 796 νὸν
298 754 515 806 λάβοις,
558 753 671 794 οὔθ’
711 751 850 805 ὑπὲρ
888 754 1060 793 ἄλλου
1103 747 1371 792 νεανικόν
1409 752 1528 803 βού-

252 918 448 962 noneste-2⁷
482 918 534 951 ἃ]
568 918 734 961 ὀρθῶς]
785 916 944 959 προςθεῖ
979 916 1024 949 1521
1053 918 1171 952 Herm.
1202 928 1245 949 ex
1279 917 1395 951 Clark.
1422 916 1527 950 Coisl.

183 968 262 1044 {3121
286 966 517 1045 ἓοῗῖξῒῖᾟ.
543 970 576 997 et
599 975 648 1007 pr.
673 965 712 999 Ε
729 964 840 1007 Vulgo
867 961 1007 1005 προθεΐ
1032 961 1085 1001 ἄν,
1112 963 1203 1005 quod
1226 974 1285 1005 per
1309 974 1345 995 se
1370 973 1531 1005 spelnen-

249 1103 286 1135 P.
312 1100 389 1135 486.
416 1098 500 1132 οὔτ’
529 1098 654 1133 εἰκὸς
679 1097 730 1131 ἂν
756 1099 826 1131 καὶ
855 1098 899 1141 m]
938 1096 984 1129 ἄν
1015 1102 1090 1139 post
1122 1096 1215 1131 ιείκὸ5Ἰ
1256 1097 1384 1129 addunt
1414 1097 1529 1131 Clark.

182 1147 259 1181 Vat.
293 1146 397 1180 Coisl.
429 1147 515 1179 Ven.
548 1146 624 1177 ΞΣ.
659 1145 718 1176 alii
749 1144 858 1177 multi.
917 1143 1060 1175 Plurimi
1092 1147 1205 1175 tamen
1238 1143 1395 1174 voculam
1427 1143 1528 1174 etiam

183 1197 258 1234 post
283 1189 436 1224 πιθανὸν
461 1191 608 1232 addunt,
632 1190 692 1222 ubi
716 1190 820 1232 vulgo
846 1188 1032 1232 legebatur.
1080 1189 1250 1221 Omittunt
1282 1198 1356 1220 eam
1381 1188 1529 1220 secundo

896 1349 1081 1388 ναικομίμῳ
1097 1344 1295 1387 διαπρέπεις
1315 1342 1529 1386 μορφώματι.

892 1392 1001 1423 Aliter
1045 1392 1071 1423 P
1081 1392 1092 1422 i
1102 1402 1119 1422 e
1129 1402 1145 1422 r
1154 1402 1168 1422 s
1179 1402 1197 1422 o
1207 1402 1238 1422 n.
1288 1390 1435 1421 Praefat.
1487 1389 1528 1420 ad

890 1438 997 1469 Moer.
1026 1447 1061 1478 p.
1091 1436 1200 1467 XLII.
1248 1436 1425 1467 Sententia
1457 1445 1529 1466 ver-

184 1348 304 1381 δέποτε
335 1349 368 1380 Η
380 1360 397 1380 e
406 1360 429 1380 u
438 1360 453 1380 s
465 1348 485 1380 d
495 1349 536 1380 iu
545 1359 559 1380 s
591 1348 701 1391 μηδὲν
733 1348 822 1380 exci-

183 1394 272 1426 disse
297 1394 547 1436 suspicabatur.
582 1394 628 1425 At
652 1404 730 1425 vere
754 1404 823 1424 mo-

184 1441 259 1472 nuit
298 1441 378 1472 Boe
389 1440 543 1471 ckhius
583 1441 617 1470 in
657 1439 741 1470 Min.
790 1441 823 1469 et

184 1486 288 1527 Legg.
322 1495 354 1526 p.
379 1484 454 1517 112.
486 1485 621 1526 saepius
655 1485 703 1515 ita
729 1483 756 1514 τὶ
790 1488 822 1515 et

183 1530 291 1572 ηηδέι
315 1531 435 1562 omitti.
470 1530 575 1571 Legg.
607 1540 636 1571 p.
671 1528 747 1561 642.
774 1528 820 1559 A·

184 1573 222 1629 ἡ
235 1572 317 1607 κατὰ
351 1573 459 1615 quotz·
493 1574 599 1606 αιἰτοί
631 1573 822 1614 &ceput-500&

183 1632 245 1652 οικ
277 1618 322 1651 ἂι
362 1619 500 1652 δι’ναιτο
536 1618 618 1651 iim
657 1622 822 1673 {ioppe-mur}

184 1663 376 1707 ὀρθότητός
404 1677 483 1697 ποτε
511 1665 622 1705 σαφὲς
647 1662 721 1695 ουδ’
749 1676 820 1695 ικα-

187 1709 248 1741 νὸν
282 1709 321 1741 ἐν
354 1714 424 1741 τοῖς
465 1709 578 1752 λόγοις
617 1707 821 1750 ἀπολαβεῖν.

184 1756 277 1787 Infra
309 1766 341 1797 p.
366 1754 441 1788 493.
469 1756 514 1787 C:
551 1754 607 1786 ἅτε·
641 1752 681 1786 01⁷1
715 1754 821 1786 δυνα-

183 1800 291 1842 μένην
333 1799 480 1843 στέγειν,
519 1811 563 1832 SC.
597 1797 712 1832 οὐδέν.
770 1800 822 1830 De

183 1847 265 1887 Rep.
290 1846 316 1877 I.
340 1856 372 1887 p.
396 1844 472 1879 337.
497 1846 536 1878 E.
558 1846 597 1876 V.
622 1855 654 1886 p.
678 1843 753 1878 464.
779 1845 821 1875 D.

182 1891 325 1923 Phaedr.
368 1901 400 1932 p.
440 1889 516 1923 241.
558 1891 595 1921 E.
636 1891 742 1931 Legg.
781 1889 821 1920 V.

182 1947 213 1978 p.
229 1934 305 1969 736.
330 1937 384 1975 D.‚
409 1935 469 1967 ubi
488 1933 594 1967 οὐδέν
611 1940 700 1966 recte
725 1935 821 1966 omit-

182 1985 259 2012 tunt
309 1980 403 2013 codd.
453 1992 532 2013 mss.
581 1980 737 2022 Sympos.
789 1990 819 2021 p.

185 2025 257 2058 183.
283 2027 325 2058 D.

229 2071 310 2113 Cap.
343 2071 433 2102 XLI.
457 2071 497 2102 E.
531 2069 628 2108 ἐμοὶ
664 2066 818 2101 τοιαῦτ’

183 2114 283 2147 ἅττα
323 2115 575 2158 ἐπέρχεται]
625 2116 668 2146 in
715 2125 821 2146 men-

184 2166 263 2193 tem
288 2162 421 2192 venit.
446 2161 601 2203 Sympos.
626 2171 656 2202 p.
685 2158 818 2192 1920:

183 2205 357 2247 ἐπέρχεται
382 2205 419 2237 δέ
443 2209 505 2244 μοι’
526 2218 551 2236 τι
577 2206 631 2236 καὶ
654 2206 821 2245 ἔμμετρον

183 2250 305 2282 εἰπεῖν.
353 2251 451 2283 Fecit
480 2254 580 2293 poeta
612 2251 648 2281 in
672 2250 820 2291 Antiope

184 2295 301 2328 fabula
325 2297 443 2328 fratres
467 2297 556 2327 inter
572 2306 607 2327 se
633 2294 673 2327 de
694 2294 820 2326 studio-

183 2351 259 2372 rum
283 2342 413 2373 ratione
437 2341 651 2373 altercantes.
694 2340 820 2372 Zethus

183 2387 285 2426 enim,
309 2387 358 2417 rei
383 2386 562 2427 pecuariae
586 2385 731 2424 deditus,
755 2386 820 2416 fra-

183 2432 226 2462 tri
244 2431 395 2463 musicae
415 2442 564 2462 amorem
582 2429 820 2472 exprobrabat.

184 2477 312 2508 Versus
352 2476 526 2517 Euripidis
561 2476 590 2506 V
600 2476 697 2507 alcl
707 2486 819 2507 enar.

185 2520 329 2553 Diatrib.
357 2531 386 2562 p.
412 2519 465 2552 75.
489 2521 551 2552 hos
583 2532 625 2552 cx
656 2521 721 2551 hoc
744 2521 819 2552 loeo

184 2567 287 2598 eruit:
306 2564 479 2605 ¹·quno1‚
515 2563 647 2603 αμελεῖ5·
672 2566 723 2596 ώι
748 2564 818 2596 ἐπι-

183 2612 365 2651 μελεῖοθαι
396 2621 432 2641 σε
465 2590 519 2641 δεῖ
545 2610 550 2651 Ι
589 2610 818 2650 1ι’σχρ(ῦ’τε,

185 2661 293 2699 ψυχῆς
316 2651 386 2688 ὦδε
408 2667 553 2699 γενιάια
584 2655 698 2694 φύσις,
722 2656 727 2696 Ι
751 2656 778 2686 I'
782 2667 818 2685 v-

892 1482 1013 1514 borum
1031 1482 1116 1513 haec
1133 1486 1201 1513 est:
1230 1481 1418 1513 indolem
1444 1480 1528 1511 ani-

892 1528 946 1559 mi
979 1532 1061 1558 tam
1092 1528 1328 1569 ingenuam
1359 1525 1528 1567 puerili

892 1573 1076 1614 quodam
1103 1582 1257 1604 ornare
1290 1570 1441 1603 studes
1465 1570 1527 1601 de-

893 1628 999 1650 core.
1068 1618 1134 1649 Pro
1173 1616 1388 1657 διαπρέπεις,
1437 1615 1525 1656 quod

891 1664 1046 1704 agnoscit
1078 1664 1180 1694 etiam
1213 1662 1239 1693 P
1249 1661 1342 1692 hilo
1353 1672 1368 1692 s
1380 1665 1426 1692 tr.
1459 1661 1527 1691 Vit.

893 1707 1004 1750 Apoll.
1031 1708 1089 1748 IV,
1103 1707 1157 1739 21.
1183 1718 1214 1748 p.
1231 1705 1304 1739 160.
1328 1710 1362 1738 et
1385 1705 1472 1737 Tho
1483 1717 1526 1737 m.

891 1754 995 1796 Mag.
1021 1764 1047 1785 s.
1070 1763 1100 1784 v.
1127 1750 1317 1793 διαπρέπω,
1344 1752 1399 1783 Gr
1408 1751 1526 1782 otius

891 1799 1051 1840 Excerpt.
1076 1809 1093 1829 e
1108 1799 1210 1839 Trag.
1235 1801 1268 1828 et
1286 1796 1381 1828 Com.
1404 1806 1435 1837 p.
1448 1793 1525 1827 373.

893 1842 1103 1884 διατοέπει5,
1142 1843 1187 1874 Ρ
1178 1853 1215 1874 1e
1224 1853 1239 1873 r
1248 1852 1263 1873 s
1273 1853 1291 1873 o
1302 1852 1323 1872 n
1333 1851 1355 1872 u
1367 1851 1382 1872 s
1413 1844 1524 1871 autem

890 1888 912 1920 l.
948 1899 975 1920 e.
1010 1888 1172 1928 φθείρεις
1210 1886 1266 1919 vel
1305 1886 1526 1925 &amirei-952⁸

890 1934 1038 1975 corrigit.
1101 1932 1219 1973 Neque
1260 1931 1294 1963 H
1303 1932 1371 1963 ein
1382 1930 1430 1962 do
1441 1942 1455 1962 1·
1464 1930 1479 1961 f
1489 1931 1499 1961 i
1508 1941 1526 1961 0

890 1978 1032 2010 verbum
1062 1978 1145 2009 vitio
1178 1987 1293 2009 carere
1317 1976 1429 2007 visum
1465 1979 1528 2015 est,

890 2024 948 2065 qui
979 2023 1067 2055 illud
1098 2032 1244 2064 usquam
1275 2022 1388 2053 activo
1422 2031 1525 2052 sensu

889 2069 1048 2111 usurpari
1089 2068 1238 2110 negavit.
1296 2067 1335 2098 In
1371 2076 1436 2106 quo
1468 2076 1526 2106 po-

890 2118 1014 2146 stremo
1053 2124 1135 2145 sane
1182 2122 1299 2143 verum
1342 2111 1523 2152 perspexit.

889 2160 961 2191 Nec
1007 2163 1121 2190 tamen
1173 2157 1252 2188 inde
1306 2156 1525 2196 consequitur

889 2204 979 2245 quod
1015 2204 1142 2242 voluit,
1182 2212 1286 2243 quum
1325 2199 1524 2241 διαπρέπεις

889 2260 932 2281 ne
956 2249 1010 2280 hie
1046 2248 1182 2290 quidem
1213 2247 1323 2278 active
1355 2246 1524 2286 accipien-

890 2295 968 2326 dum
1010 2294 1063 2325 sit.
1125 2293 1187 2324 Est
1225 2292 1315 2322 enim
1354 2291 1524 2322 sententia

889 2340 989 2371 haec:
1025 2339 1076 2369 Et
1100 2337 1150 2368 ad
1174 2336 1364 2368 indolem
1388 2336 1519 2367 animi

890 2384 995 2416 adeo
1050 2392 1306 2424 generosam
1358 2380 1523 2423 puerili

889 2428 1155 2469 conspicuus
1188 2438 1230 2458 es
1266 2426 1313 2457 de
1328 2436 1436 2457 core.
1484 2426 1522 2456 In

888 2485 954 2515 quo
980 2472 1068 2514 quod
1091 2472 1214 2504 dicitur
1232 2470 1441 2511 διαπρέπει5,
1467 2470 1522 2501 in-

889 2518 1007 2561 signi
1020 2529 1035 2549 s
1068 2528 1131 2557 es,
1170 2517 1350 2556 emines,
1388 2515 1422 2546 id
1454 2525 1521 2546 non

888 2565 922 2595 in
962 2565 1086 2595 bonam
1128 2566 1256 2603 partem
1290 2560 1439 2602 intelligi
1481 2571 1521 2590 ex

888 2608 1002 2641 addito
1026 2605 1242 2648 μειρακιωδει
1272 2606 1374 2637 facile
1398 2605 1522 2635 intelli-

887 2655 987 2696 gitur.
1041 2653 1160 2693 Itaque
1192 2651 1277 2683 nihil
1312 2650 1521 2682 mutandum.
