1687 2969
456 200 697 239 GORGIAS.
729 202 772 239 P.
804 201 897 238 470.
928 202 986 240 ed.
1019 202 1074 240 St.

1367 205 1443 239 159

98 307 142 350 δὲ
179 308 249 349 καὶ
288 309 378 354 σοι’,
428 308 502 349 ἐάν
547 323 596 361 με
635 307 798 362 ἐλέγξῃς
835 309 904 349 καὶ
943 309 1181 363 ἀπαλλάξῃς
1222 310 1443 362 φλυαρίας.

98 373 204 414 ἀλλὰ
250 374 306 427 μὴ
355 375 491 427 κάμῃς
528 374 656 427 φίλον
694 374 831 425 ἀνδρα
871 375 1121 427 εὐεργετῶν,
1171 371 1254 414 ἀλλ’
1295 372 1444 428 ἔλεγχε.

100 440 249 479 ΠῼΛ.
272 434 394 480 Ἀλλὰ
418 441 514 493 μήν,
547 435 578 480 ὦ
602 434 844 492 Σώκρατες,
874 439 1002 480 οὐδέν
1023 437 1068 491 γέ
1090 451 1134 479 σε
1162 439 1227 480 δεῖ
1252 442 1448 487 παλαιοῖς
1477 445 1518 486 D

97 505 342 557 πράγμασιν
371 504 571 558 ἐλέγχειν·
610 504 661 546 τὰ
698 506 779 557 γὰρ
818 503 938 557 ἐχθὲς
966 503 1036 544 καὶ
1065 505 1212 557 πρώην
1239 504 1446 557 γεγονότα

97 573 232 610 ταῦτα
271 570 397 611 ἱκανοί
426 580 470 609 σε
501 569 702 622 ἐξελέγξαι
729 568 813 610 ἐστὶ
841 569 912 610 καὶ
940 569 1174 619 ἀποδεῖξαι,
1216 570 1272 618 ὠς
1299 569 1447 610 πολλοὶ

98 634 345 682 ἀδικοῦντες
396 637 623 686 ἄνθρωποι
658 634 904 687 εὐδαίμονές
945 635 1033 674 εἰσι.
1090 636 1188 675 ΣΩ.
1248 635 1308 675 Τὰ
1344 638 1447 675 ποῖα

97 704 253 748 ταῦτα;
308 701 450 740 ΠΩΛ.
470 691 711 753 Ἀρχέλαον
747 700 887 753 δήπου
915 702 1071 740 τοῦτον
1098 699 1174 740 τὸν
1206 700 1446 751 Περδίκκου

97 764 200 818 ὁρᾷς
228 767 413 817 ἄρχοντα
443 765 740 813 Μακεδονίας,
792 766 888 805 ΣΩ.
928 765 984 805 Εἰ
1012 764 1055 805 δὲ
1083 765 1155 818 μή,
1185 760 1271 804 ἀλλ’
1301 765 1446 805 ἀκούω

96 843 156 882 γε.
216 832 354 870 ΠΩΛ.
400 830 633 883 Εὐδαίμων
673 826 753 870 οὖν
792 841 859 871 σοι
897 830 1015 870 δοκεῖ
1049 825 1174 878 εἶναι,
1220 829 1244 881 ἢ
1274 832 1446 878 ἀθλιος;

98 895 195 934 ΣΩ.
239 895 330 936 Οὐκ
369 891 490 945 οἶδα,
535 889 568 935 ὦ
601 897 746 935 Πῶλε·
788 895 840 935 οὐ
880 896 961 947 γάρ
1002 909 1068 935 πω
1106 892 1348 947 συγγέγονα
1387 897 1448 950 τῷ

165 1049 202 1082 C.
251 1048 331 1082 εὀίν
361 1062 406 1089 με
444 1049 643 1093 ἐλέγξῃς]
682 1050 739 1083 Sic
769 1061 844 1082 cum
870 1050 984 1083 Clark.
1018 1057 1049 1081 et
1074 1050 1152 1083 vat.
1183 1050 1263 1082 libri
1293 1051 1446 1093 plerique

99 1105 226 1127 omnes.
259 1096 349 1127 Vett.
374 1095 465 1128 editt.
493 1095 679 1139 ἐξελέγξῃς.

98 1244 240 1282 emptus.
295 1241 451 1283 Regnum
491 1242 581 1272 enim
620 1242 735 1273 Mace-

98 1285 260 1317 donicum
282 1290 368 1318 teste
389 1286 577 1328 Thucyd.
597 1286 642 1326 ΙΙ,
659 1285 734 1319 100.

99 1332 251 1362 ornatius
266 1335 366 1372 atque
390 1333 562 1372 potentius
589 1332 736 1363 reddidit

99 1380 132 1407 et
162 1376 292 1408 litteras
322 1376 556 1418 litteratosque
580 1377 736 1408 homines

98 1425 192 1453 tanto
217 1421 333 1453 favore
358 1427 586 1464 prosequutus
611 1427 671 1461 est,
701 1427 739 1453 ut

96 1466 223 1498 multos
253 1467 345 1498 viros
378 1467 517 1509 ingenio
548 1471 648 1509 atque
680 1467 738 1498 do-

99 1512 207 1543 ctrina
237 1511 390 1554 insignes
422 1511 557 1544 liberali
589 1513 737 1554 hospitio

100 1557 289 1598 exciperet,
330 1558 366 1588 in
404 1558 529 1598 quibus
563 1562 635 1589 erat
664 1558 737 1599 ipse

99 1601 291 1644 Euripides.
312 1613 344 1633 v.
371 1601 540 1634 Aelian.
565 1603 604 1634 V.
625 1603 668 1634 H.
694 1603 737 1642 II,

99 1645 152 1679 21.
180 1647 276 1687 XIII,
294 1645 346 1679 14.
364 1647 492 1688 (ibique
518 1648 736 1688 Perizon.)‚

100 1691 245 1724 Schol.
269 1692 491 1734 Aristophan.
510 1693 547 1724 in
571 1694 681 1725 Rann.
705 1704 736 1724 v.

99 1736 152 1770 85.
178 1742 210 1768 et
233 1737 389 1769 Suidas
407 1738 443 1769 in
469 1749 499 1769 v.
528 1736 736 1780 Εὐριπίδης,

98 1783 170 1814 11110
202 1781 245 1814 ab
279 1782 457 1814 Athenaeo
492 1783 630 1815 Platoni
653 1784 737 1814 vitio

99 1827 210 1867 datur,
235 1827 325 1868 quod
349 1827 557 1859 Archelaum
580 1828 644 1860 hoe
669 1828 738 1860 dia-

97 1873 176 1914 logo
191 1872 439 1914 suggillaverit,
452 1874 533 1914 quia
549 1874 738 1916 Speusippo

98 1921 244 1949 testante
263 1919 421 1957 φίλτατος
438 1919 538 1951 Plato
563 1918 643 1950 huic
666 1919 739 1961 regi

99 1966 189 2003 erat,
231 1962 307 1994 libr.
341 1963 407 2003 XI,
439 1963 492 1996 15.
523 1975 555 2006 p.
588 1963 665 1997 506.
699 1965 737 1995 Ε.

100 2008 256 2040 Socrates
286 2018 382 2048 vero,
417 2018 521 2050 quum
546 2009 738 2041 Archelaus

101 2063 178 2084 eum
214 2052 255 2084 ad
292 2063 328 2084 se
364 2058 521 2093 vocaret,
560 2064 738 2086 recusasse

101 2098 235 2138 dicitur,
250 2108 290 2129 ea
305 2099 425 2139 gratia,
450 2102 488 2129 ut
502 2099 586 2130 mibi
603 2099 738 2141 quidem

99 2142 254 2182 videtur,
287 2144 368 2184 quia
398 2147 591 2175 vocatorem
614 2146 738 2186 ipsum,

100 2192 138 2219 ut
162 2199 205 2219 ex
230 2188 402 2219 Aelian.
427 2189 467 2219 V.
492 2189 536 2220 H.
561 2189 660 2228 XIV,
686 2188 740 2221 17.

101 2237 252 2272 constat,
297 2233 397 2274 parvi
437 2232 589 2265 haberet.
648 2235 739 2266 Huic

101 2278 289 2310 sententiae
306 2278 423 2309 favent
437 2278 465 2309 L
476 2279 611 2310 aertii
634 2278 740 2310 verba

100 2324 136 2355 in
150 2324 218 2355 Vit.
232 2323 325 2355 Socr.
343 2323 388 2362 ΙΙ,
403 2322 474 2363 25.;
498 2324 584 2355 alias
599 2334 739 2356 caussas

101 2368 248 2400 afferunt
271 2368 417 2400 Aristo
430 2372 452 2400 t.
468 2369 605 2400 Rhetor.
624 2369 669 2409 ΙΙ,
686 2368 738 2400 14.

101 2413 268 2445 Seneca
300 2413 353 2444 De
377 2413 496 2446 Benef.
522 2414 569 2454 V,
601 2414 632 2446 6.
664 2414 739 2445 An-

101 2459 238 2491 tonin.
271 2458 323 2489 De
340 2458 383 2489 Se
403 2459 481 2500 Ipso
506 2459 567 2499 XI,
591 2457 656 2498 22„
681 2459 739 2500 qui

101 2503 287 2535 Perdiccae
324 2507 439 2535 tamen
480 2514 623 2544 nomen,
670 2514 738 2534 non

101 2547 276 2587 Archelai,
299 2547 413 2579 habet.
461 2548 612 2580 Tandem
634 2549 740 2580 scele-

101 2603 178 2624 rum
213 2593 364 2634 priorum
402 2592 494 2625 dedit
531 2604 676 2636 poenas,
720 2604 740 2625 a

103 2637 244 2669 cinaedo
283 2648 344 2669 suo
386 2639 531 2670 occisus.
565 2649 596 2670 v.
630 2638 737 2670 Plat.

102 2683 213 2714 Alcib.
239 2692 309 2714 see.
330 2683 360 2721 ἓ.
376 2681 406 2714 5.
433 2684 613 2715 Aristot.
638 2683 738 2714 Polit.

104 2727 142 2758 V.
182 2737 208 2758 c.
243 2725 295 2759 10.
335 2738 367 2768 p.
398 2727 473 2760 404.
523 2729 573 2760 ed.
612 2728 740 2760 Duval.

805 1241 970 1273 Aelian.
990 1242 1029 1273 V.
1048 1243 1090 1273 H.
1107 1243 1201 1282 VIII,
1219 1241 1250 1274 9.
1275 1242 1445 1274 Diodor.

807 1287 941 1318 Sicul.
978 1287 1079 1326 XIV,
1119 1286 1172 1319 37.
1214 1298 1246 1329 p.
1276 1286 1351 1319 671.
1395 1287 1445 1318 ed.

805 1332 951 1363 Wesscl.
995 1336 1105 1373 (quoni
1143 1332 1193 1364 ibi
1225 1332 1302 1364 vide
1334 1333 1449 1374 dispu-

805 1377 967 1417 tantem),
998 1379 1057 1418 qui
1082 1378 1296 1409 interfectum
1323 1378 1433 1409 Arche

806 1422 897 1454 laum
936 1428 1052 1454 narrat
1092 1423 1255 1455 archonte
1286 1423 1448 1463 Lachete,

806 1468 870 1499 hoc
895 1472 945 1499 est
970 1467 1107 1510 Olymp.
1131 1467 1182 1502 95.
1209 1479 1287 1500 ann.
1314 1468 1355 1508 1.,
1381 1479 1447 1509 quo

806 1517 958 1544 mortuus
1007 1518 1057 1544 est
1104 1514 1206 1545 etiam
1258 1513 1448 1545 SocrateS.''

806 1558 980 1589 ROUTH.
1012 1559 1183 1600 Regnavit
1214 1569 1242 1590 a.
1267 1557 1447 1591 413—399

806 1607 885 1634 aute
911 1603 989 1634 Chr.
1008 1614 1041 1634 n.

852 1647 911 1679 Εἰ
935 1647 980 1679 δὲ
1004 1646 1073 1690 μή,
1101 1645 1180 1679 ἀλλ’
1207 1646 1351 1680 ἀκούω
1376 1647 1443 1691 γε]

808 1693 978 1732 „Videtur
1025 1693 1158 1724 irrideri
1204 1693 1329 1733 Polus,
1389 1695 1447 1734 qui

807 1737 987 1780 magnifice
1049 1749 1192 1779 ‹·umque
1250 1738 1448 1780 metaphora

807 1783 1037 1814 narrationem
1098 1784 1296 1824 auspicatus
1356 1788 1415 1815 est.
1431 1784 1447 1797 ”

806 1828 981 1860 ROUTH.
1029 1829 1080 1859 De
1122 1828 1284 1869 loquendi
1323 1839 1447 1870 genere

808 1873 896 1905 cons.
923 1873 1075 1914 Sophist,
1106 1884 1137 1914 p.
1162 1872 1238 1905 254.
1265 1874 1309 1906 C:
1347 1874 1382 1904 εί
1404 1872 1447 1917 μή

809 1917 898 1959 πάσῃ
918 1921 1091 1960 σαφηνείᾳ
1108 1916 1292 1957 δυνάμεθα
1315 1920 1447 1960 λαβεῖν,

808 1961 876 1995 ἀλλ’
903 1957 969 1994 οὖν
993 1962 1096 2005 λόγου
1120 1975 1158 2005 γε
1183 1962 1316 1997 ἐνδεεῖς
1339 1964 1448 2006 μηδὲν

807 2007 1022 2051 γιγνώμεθα.
1075 2008 1202 2040 Phaed.
1244 2020 1276 2051 p.
1312 2008 1366 2042 91.
1402 2011 1446 2041 B:

808 2053 843 2085 εἰ
881 2053 920 2085 δὲ
940 2052 1064 2097 ,μηδὲν
1103 2053 1171 2085 ἐστι
1203 2052 1447 2096 τελευτήσαντι,

809 2096 875 2130 ἀλλ’
909 2098 976 2130 οὐν
1009 2097 1130 2130 τοῦτόν
1162 2110 1199 2140 γε
1230 2098 1291 2130 τὸν
1320 2097 1449 2140 χρόνον

809 2156 836 2175 κ.
862 2155 886 2174 τ.
912 2145 938 2174 λ.
972 2143 1110 2175 Lachet.
1133 2154 1164 2185 p.
1192 2142 1266 2176 183.
1288 2145 1335 2175 A:
1362 2144 1396 2176 εἰ
1419 2142 1447 2175 δ’

810 2188 968 2221 ἐκείνους
1004 2187 1174 2230 ἐλελήθει,
1210 2186 1278 2220 ἀλλ’
1305 2186 1347 2220 οὐ
1373 2188 1447 2221 τού-

810 2233 1063 2319 ἕὶυδΙΝΙζῖοῃῡθρ
1073 2232 1217 2310 RSXUIAL
1243 2234 1283 2310 VI
1291 2289 1306 2310 s
1315 2244 1362 2310 iic
1371 2233 1447 2310 ἓέῗ

809 2334 840 2365 p.
864 2321 940 2355 390.
971 2323 1022 2354 ed.
1047 2324 1156 2365 Lang.
1193 2323 1448 2356 Athenaeus

809 2369 834 2399 I.
867 2378 899 2409 p.
924 2366 977 2399 22.
1003 2368 1043 2399 A.
1093 2369 1287 2410 Xenoph.
1323 2369 1447 2411 Cyrop.

810 2414 835 2453 I,
860 2411 892 2452 3,
916 2411 948 2444 6.
1154 2452 1165 2456 ἢ

861 2454 947 2489 Οὐκ
980 2454 1100 2495 οἶδα,
1137 2458 1163 2489 a}
1200 2457 1264 2500 ff]
1322 2459 1448 2498 „Haec

809 2513 916 2543 usque
960 2502 1003 2533 ad
1041 2513 1143 2535 voces
1182 2500 1263 2535 ἀλλὰ
1303 2503 1368 2542 μὲν
1406 2502 1450 2545 δή

809 2558 840 2589 p.
872 2545 947 2579 471.
979 2548 1019 2578 A.
1057 2559 1077 2579 a
1113 2547 1276 2581 Cicerone
1308 2549 1448 2579 Tuscul.

809 2593 905 2633 Disp.
931 2592 972 2632 V,
997 2591 1049 2624 12.
1073 2593 1243 2625 latinitate
1267 2594 1448 2625 donantur.

809 2637 1065 2678 Respiciuntur,
1106 2641 1144 2669 ut
1179 2642 1273 2670 notat
1303 2638 1351 2669 ibi
1375 2638 1449 2669 Da-

809 2682 971 2722 visius,
1003 2693 1023 2713 a
1047 2682 1290 2714 Plutarcho
1315 2684 1368 2715 De
1393 2683 1448 2714 Li-

809 2727 917 2759 beror.
942 2727 1048 2759 Educ.
1073 2738 1104 2769 p.
1130 2727 1181 2767 6.‚
1217 2728 1246 2759 si
1270 2728 1448 2759 Plutarchi
