1687 2969
1341 195 1415 232 173

362 201 606 240 GORGIAS.
641 200 684 238 P.
716 200 809 238 474.
841 199 933 237 475.
965 199 1024 236 ed.
1057 198 1113 236 St.

36 316 40 360 ,’
68 313 229 365 νόμους
276 309 347 351 καὶ
390 311 440 351 τὰ
483 308 789 363 ἐπιτηδεύματα
831 308 882 348 οὐ
922 307 1060 360 δήπου
1099 303 1216 352 ἐκτὸς
1255 303 1420 344 τούτων

35 369 43 418 ἐ
71 376 156 418 ἐστὶ
186 375 237 417 τὰ
266 376 373 417 καλά
391 404 404 426 ‚
433 381 510 415 τοῦ
538 371 565 427 ἦ
592 373 782 427 ὠφέλιμα
813 369 921 414 εἶναι
948 369 976 425 ἢ
1003 370 1106 425 ἡδέα
1134 366 1161 423 ἢ
1190 369 1419 423 ἀμφότεροι.

74 443 220 483 ΠΩΛ.
257 442 348 482 Οὐκ
378 438 518 493 ἔμοιγε
548 440 673 481 δοκεῖ.
726 439 826 479 Σῼ.
861 438 1033 478 Οὐκοῦν
1061 434 1131 477 καὶ
1157 436 1204 475 τὸ
1234 437 1318 475 τῶν
1346 449 1419 487 μοι-

72 507 278 560 θημάτων
309 506 460 553 κάλλος
490 505 705 553 ώςαύτως;
745 505 891 544 ΠῼΛ.
923 501 1050 541 Πάνυ
1078 512 1147 554 γε·
1187 499 1257 541 καὶ
1285 501 1422 546 καλῶς

71 587 118 625 γε
147 579 229 613 νῦν
258 571 385 624 ὁρίζει
403 601 413 620 ‚
457 564 489 610 ὦ
519 571 765 623 Σώκρατες.
804 568 938 622 ήδονῆ
978 580 1020 606 τε
1060 566 1130 606 καὶ
1160 566 1310 619 άγαθῳ
1338 564 1421 616 ὁρι-

73 638 244 690 ζόμενος
284 637 330 678 τὸ
369 635 512 677 καλόν.
572 637 672 676 Σῼ.
717 635 907 684 Οὐκοῦν,
929 631 975 673 τὸ
1005 632 1178 684 αἰσχρὸν
1218 637 1274 671 τῶ
1305 629 1421 671 ἐναν-

72 703 170 756 τίῳ,
209 703 321 756 λύπῃ
360 715 402 741 τε
444 700 515 742 καὶ
553 706 693 753 κακῷ,
738 700 882 739 ΠΩΛ.
908 693 1102 772 Ἀνάγκη.
1159 698 1260 737 Σῼ.
1284 696 1422 736 ’Ὀταν

74 770 155 820 ἄρα
183 768 309 808 δυοῖν
335 769 485 808 καλοῖν
513 768 700 819 θάτερον
728 766 899 806 κάλλιον
950 761 991 816 ἠ,
1030 759 1058 816 ἢ
1087 778 1142 815 τῳ
1173 760 1298 816 ἑτέρῳ
1327 760 1421 801 τού-

74 848 166 873 τοιν
193 830 221 885 ἢ
249 831 505 886 ἀμφοτέροις
527 831 795 884 ὑπερβάλλον
821 829 993 870 κάλλιόν
1018 827 1142 875 ἐστιν,
1174 830 1266 881 ἤτοι
1287 826 1422 880 ἡδονῇ

74 894 102 950 ἢ
130 896 310 952 ὠφελείᾳ
336 894 364 951 ἢ
394 896 664 951 ἀμφοτέροις.
737 896 881 935 ΠΩΛ.
929 894 1055 934 Πάνυ
1084 908 1142 947 γε.
1199 894 1296 933 Σῼ.
1337 890 1422 932 Καὶ

73 962 175 1004 ὅταν
213 962 257 1004 δε
295 963 347 1017 δὴ
387 963 511 1004 δυοῖν
547 962 737 1015 αἰσχροῖν
777 961 824 1001 τὸ
864 959 1006 1011 ἕτερον
1043 959 1206 1012 αἴσχιον
1235 955 1287 1010 ᾖ,
1330 960 1420 1011 ἤτοι
1452 961 1487 1002 Β

78 1029 190 1083 λύπη
220 1025 247 1082 ἢ
275 1030 391 1082 κακῷ
420 1027 689 1081 ὑπερβάλλον
718 1026 881 1078 αἴσχιον
910 1024 1034 1065 ε’στάι.
1073 1023 1100 1077 ἢ
1129 1024 1208 1064 οὐκ
1236 1023 1419 1076 άνάγκη;

81 1096 228 1135 ΠῼΛ.
262 1093 366 1135 Ναί.
425 1095 525 1134 ΣΩ.
570 1092 677 1144 Φέρε
706 1092 779 1145 δή.
823 1093 911 1139 πῶς
950 1088 1109 1142 ἐλέγετο
1137 1094 1221 1130 νῦν
1250 1088 1301 1142 δὴ
1330 1088 1424 1141 περὶ

76 1166 152 1200 τοῦ
192 1159 353 1200 ἀδικεῖν
391 1159 460 1200 καὶ
500 1159 759 1205 άδικεῖσθοιις
801 1157 879 1197 οὐκ
918 1154 1052 1208 ἔλεγες
1090 1157 1135 1196 τὸ
1165 1154 1241 1209 μὲν
1272 1155 1422 1195 ἀδικεῖ-

76 1229 179 1265 σθαι
207 1225 358 1265 κάκιον
387 1219 520 1273 εἶναι,
560 1224 607 1265 τὸ
638 1221 681 1263 δὲ
719 1223 878 1263 α’δικεῖν
909 1222 1094 1273 αἲ’σχι()ν;
1136 1216 1422 1261 ΠΩΛ.”Ελε-

76 1305 166 1343 γον.
224 1291 324 1330 ΣΩ.
380 1289 552 1330 Οὐκοῦν
590 1288 704 1340 εἴπερ
745 1288 909 1341 αἴσχιον
937 1287 984 1328 τὸ
1023 1287 1183 1327 άὸἰκεῐν
1221 1292 1298 1326 τοὺ
1339 1286 1423 1326 α’δι-

1451 435 1531 477 475

75 1435 160 1466 Ven.
189 1433 228 1466 Σ.
265 1433 366 1466 Vind.
391 1433 423 1466 2.
448 1433 538 1466 Flor.
565 1433 595 1465 d.
620 1444 653 1465 x.
679 1433 776 1465 Bodl.
802 1433 890 1475 Aug.
916 1433 1056 1465 Meerm.
1082 1443 1160 1465 011111
1185 1433 1262 1464 Bas.
1287 1432 1318 1465 2.
1367 1433 1425 1464 At-

74 1491 139 1522 que
165 1477 184 1523 ἢ
211 1477 364 1521 ὠφέλιμα
388 1478 520 1512 abiecto
546 1482 606 1510 τοῦ
631 1480 769 1521 scripsit
792 1479 931 1518 Herm.;
958 1478 1015 1510 sed
1040 1489 1071 1512 v.
1097 1478 1223 1520 explic.

141 1548 178 1579 P.
203 1546 278 1579 475.
319 1544 433 1578 Οὐκο
450 1550 497 1578 ῡν
530 1544 573 1578 τὸ
604 1544 794 1588 αἰσχρὸν
828 1549 879 1589 τῷ
906 1545 976 1588 512]
1024 1546 1116 1578 Male
1140 1546 1244 1588 vulgo
1270 1546 1323 1577 καὶ
1349 1550 1426 1587 post

82 1590 222 1624 Οὐκοῦν
244 1592 489 1634 interponitur,
524 1591 615 1633 quod
638 1597 730 1624 reete
755 1593 916 1623 omittunt
939 1592 1023 1623 Ven.
1054 1591 1131 1623 ΞΣ.
1156 1591 1257 1622 Vind.
1284 1591 1314 1623 1.
1338 1589 1368 1623 2.
1394 1591 1424 1625 6.

76 1637 166 1670 Flor.
191 1648 220 1669 a.
245 1637 278 1669 b.
304 1648 331 1669 0.
355 1637 386 1669 d.
411 1638 432 1668 f.
457 1648 500 1669 m.
525 1648 556 1669 o.
582 1648 607 1669 s.
633 1649 665 1669 x.
697 1638 785 1679 Aug.
820 1638 957 1669 Meerm.
992 1637 1088 1669 Bodl.
1146 1637 1279 1669 Tuetur
1311 1641 1424 1669 tamen

77 1683 164 1715 illud
189 1683 304 1716 Clark.
330 1693 407 1714 eum
432 1682 520 1723 aliis,
544 1681 585 1714 de
611 1693 677 1724 quo
703 1686 794 1715 tacet
818 1683 935 1716 Herm.

144 1751 183 1782 B.
222 1754 305 1784 πῶς
339 1749 512 1793 ἐλέγετο
548 1753 623 1782 νῦν
655 1748 714 1793 δὴ]
772 1749 806 1781 τὸ
844 1753 908 1781 νῦν
941 1747 981 1792 δὴ
1014 1749 1116 1781 Coisl.
1149 1748 1252 1781 Vind.
1284 1748 1315 1781 6.
1346 1749 1424 1781 Par.

78 1795 308 1829 BCEFIW.
333 1795 424 1828 Flor.
450 1807 480 1828 a.
504 1806 533 1828 0.
558 1796 581 1828 f.
606 1807 650 1828 m.
674 1806 703 1829 o.
731 1806 755 1827 s.

81 1928 137 1962 ἐπὶ
164 1929 270 1974 τούτῳ
304 1929 480 1971 πέφυκεν,
516 1929 573 1962 ἐπὶ
606 1933 650 1973 τῷ
684 1927 717 1961 τὸ

81 1975 262 2018 ξυμφέρον
279 1975 410 2019 ἑκάστῳ
425 1977 560 2018 §metm
577 1976 718 2009 Lachet.

81 2032 112 2063 p.
140 2020 213 2056 183.
241 2022 276 2056 C.
308 2033 339 2064 p.
371 2020 446 2055 191.
473 2022 509 2056 Β.
544 2022 718 2064 Protagor.

82 2077 113 2108 p.
138 2065 214 2099 356.
240 2067 277 2100 C.
310 2068 415 2109 Legg.
440 2067 483 2098 Π.
517 2077 548 2108 p.
575 2065 650 2101 670.
676 2067 718 2099 D.

83 2112 228 2154 Apolog.
261 2112 388 2146 socrat.
422 2122 454 2153 p.
485 2110 538 2145 35.
572 2112 610 2146 C.
648 2112 720 2143 Xe-

84 2157 206 2199 noph.
232 2156 356 2199 Cyrop.
380 2155 555 2196 1H‚1,28.
578 2158 719 2190 Memor.

83 2203 143 2242 IV,
168 2201 198 2242 7,
222 2201 254 2236 5.
281 2203 322 2237 ef.
348 2201 497 2235 Matth.
533 2202 562 2241 ξι.
586 2201 662 2236 468.
687 2201 719 2235 b.

84 2248 160 2280 Hoc
184 2252 296 2279 autem
321 2248 398 2280 1000
431 2246 520 2289 quod
543 2252 620 2289 post
645 2246 720 2278 τού-

86 2305 164 2331 των,
182 2304 360 2325 numerum
378 2292 554 2335 pluralem,
579 2292 722 2324 infertur

84 2339 121 2369 in
144 2339 357 2393 appositione
380 2348 521 2370 numero
555 2337 723 2379 singulari

86 2387 158 2416 τοῦ
182 2382 250 2424 ὠφ.
276 2395 332 2415 ει]
334 2395 383 2422 αι
417 2384 482 2415 fuit
505 2383 570 2415 hoc
595 2383 722 2414 criticis

85 2428 290 2470 quibusdam
318 2429 490 2461 veteribus
523 2432 556 2460 et
588 2428 624 2462 C.
659 2429 721 2461 Fr.

85 2475 336 2506 Hermanno
362 2473 445 2506 adeo
469 2473 662 2513 molestum,
686 2476 724 2504 ut

86 2522 145 2550 τοῦ
175 2519 259 2552 adeo
298 2522 428 2561 praeter
464 2523 592 2551 rectam
623 2520 724 2550 ratio-

86 2575 165 2596 nem
188 2565 462 2598 exterminarent.
487 2565 605 2606 Neque
633 2566 723 2596 enim

87 2613 177 2642 reete
202 2610 331 2642 dietum
355 2613 533 2651 putamus,
558 2609 649 2651 quod
672 2609 725 2640 illi

87 2654 287 2697 corrigendo
334 2654 557 2686 extuderunt:
630 2653 725 2687 ἐκτὸς

89 2700 222 2732 τούτων
267 2699 377 2737 ἐστι”,τ
418 2719 462 2723 -
508 2697 527 2742 ἢ
572 2697 725 2739 ὠφέλιμα

87 2741 144 2776 εἶτ
146 2757 179 2777 αι
193 2743 212 2788 ἢ
226 2742 467 2786 -ἀμφότερα,
493 2746 655 2787 quoniam
669 2745 725 2776 hie

789 1930 986 1972 epexegesis
1041 1929 1105 1961 ista
1160 1928 1322 1960 infinitivi
1368 1940 1428 1971 per

788 1975 927 2017 linguae
959 1985 1060 2006 usum
1084 1985 1152 2006 non
1176 1975 1290 2007 10011111
1313 1974 1427 2009 habet.

789 2020 990 2053 Tenendum
1023 2021 1127 2062 igitur
1161 2023 1236 2058 τοῦ,
1271 2021 1360 2062 quod
1385 2032 1427 2052 110

788 2066 875 2098 male
921 2067 1009 2098 feras
1057 2070 1253 2108 antegresso
1300 2064 1428 2098 rodum

789 2111 962 2154 subiungi,
981 2111 1097 2142 eodem
1113 2111 1212 2143 modo
1230 2112 1334 2154 Legg
1350 2112 1424 2144 VH.

814 2155 930 2191 .816,
968 2157 1015 2188 Ε.
1055 2153 1122 2188 αλλ’
1163 2154 1277 2188 αι’-τῶι
1326 2157 1428 2188 ἕνεκα

792 2200 863 2233 τοτ’
875 2213 956 2233 τω]
1002 2203 1055 2232 καὶ
1102 2200 1296 2240 amiran-1211
1343 2199 1427 2233 αιτὰ

792 2246 854 2284 δεῖ
882 2249 955 2278 τοῦ
978 2245 1105 2289 μήποτε
1124 2245 1163 2278 δι’
1182 2245 1323 2289 άγτοιαν
1339 2247 1428 2288 δρα]

792 2290 811 2334 ἢ
846 2291 955 2335 λεγειι
984 2290 1049 2323 ὅσα
1079 2292 1201 2334 γέλοια.
1250 2294 1429 2325 Praeterea

791 2337 951 2369 consulas
976 2342 1091 2371 annot.
1116 2338 1159 2370 ad
1176 2339 1278 2381 Gorg.
1302 2350 1334 2381 p.
1351 2337 1427 2371 447.

792 2382 941 2422 111.,111)1
973 2382 1102 2414 τοίτων
1127 2394 1186 2425 pro
1225 2382 1347 2415 τούτου
1380 2383 1428 2415 di-

792 2407 884 2460 etu’ni
915 2428 1166 2460 vindicavimus
1206 2439 1226 2461 a
1263 2440 1429 2472 giamma-

791 2474 936 2505 tieorum
960 2467 1242 2508 dubitationibus.

837 2519 873 2552 P.
899 2516 975 2553 475.
1006 2517 1178 2552 Οὐκοῦν
1204 2520 1332 2552 καὶ-
1357 2517 1426 2553 ὠς-

794 2563 964 2607 αύ,·τως]
1002 2565 1363 2619 1111011.ἔχει.ν.11[1
1395 2576 1427 2606 p.

792 2607 868 2642 460.
905 2609 943 2642 B.
982 2628 1025 2632 —
1067 2607 1109 2642 τὸ
1149 2608 1338 2651 αι’σχρὸι
1377 2613 1428 2641 τιῦ

794 2653 811 2685 ἑ
825 2666 842 2684 1
850 2665 901 2685 az
913 2667 945 2685 τι
960 2666 1002 2697 ῳ,
1029 2666 1075 2687 se.
1100 2652 1304 2696 ὁριζόμειος
1321 2657 1429 2687 καλῶ»

795 2697 964 2740 ὁρίζομαι.
1012 2701 1130 2732 Placet
1169 2705 1282 2732 autem
1318 2701 1428 2743 sophi-

794 2749 864 2777 stae
889 2745 973 2778 haee
997 2746 1235 2788 pulcritudinis
1267 2746 1430 2787 definitio,
