1687 2969
226 149 247 181 3
255 150 276 182 6
702 145 1058 183 PROLEGOMEN
1060 148 1096 183 A

225 258 352 305 (Gorg.
382 271 417 307 p.
450 261 541 294 449.
573 257 648 305 A.).
706 258 897 295 Nimirum
926 271 1041 295 unam
1070 257 1310 306 potissimum
1339 262 1459 296 artem
1485 270 1566 295 ora-

222 315 359 351 toriam
388 327 454 363 pro
491 314 583 351 artis
623 314 745 353 civilis
783 314 1047 364 potentissimo
1090 314 1234 351 auxilio
1273 319 1311 352 et
1348 314 1567 352 adiumento

224 371 372 417 habuit,
401 370 542 421 quippe
572 383 669 421 quae
699 372 825 408 onmia
854 371 925 409 sibi
954 371 1158 408 subiiceret
1187 375 1225 408 et
1254 371 1292 408 11
1323 384 1366 407 ac
1394 371 1566 420 potentia

222 441 291 464 sua
327 433 476 475 regeret
515 432 553 464 et
592 429 843 475 gubernaret;
904 441 940 465 1.
980 427 1128 464 Phileb.
1179 441 1214 476 p.
1259 431 1325 464 58.
1364 430 1410 465 A.
1451 428 1564 475 Gorg.

223 498 259 533 p.
291 487 382 520 491.
412 484 458 521 D.
500 484 573 520 Sed
603 498 721 534 quum
749 485 821 521 1100
850 483 1164 521 animadvertisse
1193 483 1400 532 plurimum
1426 484 1568 521 referat

226 541 271 576 ad
300 544 447 577 rectum
485 541 532 577 de
570 544 649 578 toto
690 554 800 589 opere
840 541 1040 585 iudicium,
1081 545 1165 577 tum
1202 554 1279 577 11011
1317 540 1443 577 minus
1472 540 1566 577 utile

226 597 298 633 erit
327 597 431 634 aliud
460 597 552 647 quid
581 599 802 642 observare,
843 598 944 647 quod
975 610 1061 633 011111
1097 597 1161 633 1110
1190 597 1361 646 proxime
1392 600 1449 634 est
1479 609 1566 633 con-

223 653 407 690 iunctum.
465 654 567 690 Dum
604 653 705 690 enim
744 666 820 690 una
859 653 1118 690 rhetorica
1157 653 1333 691 civilis
1373 653 1497 691 taxari
1528 657 1567 690 et

225 710 417 747 aestimari
444 710 608 755 videtur,
639 710 751 746 simul
781 710 898 747 etiam
935 711 981 746 de
1022 715 1128 747 arte
1160 710 1306 747 civili
1337 711 1417 747 101
1447 710 1567 758 poli-

225 766 327 803 tica
365 767 581 804 instituitur
619 766 839 814 disputatio.
916 766 1106 803 Nimirum
1151 766 1224 804 fuit
1271 779 1361 803 sane
1402 766 1566 804 Athenis

225 823 443 873 eloquentia
482 823 575 860 artis
615 822 737 860 civilis
776 822 876 859 socia
914 826 953 860 et
992 822 1234 869 administra,
1276 827 1320 860 ut
1360 823 1480 860 altera
1518 824 1565 859 ab

225 879 345 916 altera
392 879 460 917 vix
509 892 551 915 ac
600 892 647 916 110
703 879 771 916 vix
816 879 970 929 quidem
1024 879 1155 917 divelli
1211 891 1381 929 unquam
1429 883 1567 928 posset.

223 935 480 975 Quamobrem
509 936 585 972 iam
614 936 791 972 Solonem
828 935 989 983 legimus
1024 936 1107 983 lege
1137 935 1192 972 ita
1221 935 1482 981 constituisse,
1525 939 1568 972 ut

226 992 328 1030 cives
357 992 416 1029 sui
436 989 555 1042 λέγειν
574 1005 614 1030 τε
633 990 696 1028 καὶ
717 989 903 1043 πράττειν
923 990 1038 1029 δεινοὶ
1069 992 1216 1038 fierent,
1246 992 1395 1029 dicendi
1414 991 1567 1040 agendi-

226 1062 299 1099 que
347 1048 529 1086 facultate
568 1049 776 1097 prudenter
824 1049 1048 1086 consociata.
1124 1047 1310 1088 Quocirca
1349 1048 1569 1099 eloquentia

225 1105 348 1143 civilis
379 1106 470 1141 dum
489 1106 558 1142 sub
589 1118 752 1142 examen
780 1110 949 1151 vocatur,
979 1118 1058 1142 una
1078 1105 1285 1156 eademque
1313 1118 1427 1154 opera
1455 1104 1569 1142 simul

225 1162 341 1199 etiam
371 1175 503 1199 eorum
530 1161 695 1199 rationes
716 1169 755 1199 et
774 1162 931 1199 consilia
959 1161 1209 1210 explorantur
1238 1166 1353 1212 atque
1373 1165 1567 1207 taxantur,

225 1218 291 1268 qui
310 1220 563 1256 versabantur
583 1218 622 1254 in
651 1218 844 1267 republica
863 1232 906 1255 ac
925 1218 1084 1256 dicendo
1105 1222 1143 1256 et
1170 1219 1400 1255 consulendo
1420 1218 1568 1269 aliquas

224 1280 352 1323 partes
391 1275 561 1323 publicas
599 1288 710 1322 agere
750 1276 941 1312 volebant.
1017 1275 1101 1311 Hoc
1140 1275 1258 1323 igitur
1297 1276 1460 1313 alterum
1500 1278 1569 1320 est,

226 1332 325 1382 quod
357 1331 397 1367 in
425 1331 625 1368 iudicando
665 1336 704 1369 et
742 1332 978 1369 aestimando
1017 1331 1178 1379 Gorgiae
1217 1336 1442 1379 argumento
1482 1331 1567 1368 dili-

226 1392 361 1435 genter
390 1392 448 1425 est
475 1389 766 1425 observandum.
807 1388 881 1425 Sed
911 1389 958 1425 ad
977 1388 1073 1425 haec
1102 1388 1246 1426 accedit
1264 1388 1380 1425 etiam
1409 1388 1567 1425 tertium

225 1445 416 1494 quiddam,
447 1446 547 1495 quod
586 1444 625 1481 in
654 1445 725 1481 hac
755 1458 887 1481 caussa
925 1444 1215 1492 diligentissime
1257 1449 1315 1482 051
1343 1445 1562 1482 tenendum.

225 1501 399 1539 Pertinet
427 1501 528 1537 0111111
567 1501 689 1538 01111115
718 1502 888 1539 Platonis
927 1501 1134 1550 disputatio
1175 1502 1221 1538 ad
1261 1501 1568 1539 rhetoricam

228 1558 565 1595 artificialem
594 1558 785 1595 recentius
815 1559 968 1595 demum
1005 1562 1127 1595 ortam
1156 1562 1194 1595 01
1234 1558 1322 1595 inde
1361 1571 1383 1594 a
1412 1557 1569 1595 Periclis

226 1619 351 1652 aetate
381 1628 401 1651 0
432 1614 561 1650 Sicilia
587 1615 762 1652 Athenas
790 1615 987 1663 perlatam,
1017 1627 1133 1664 quam
1160 1614 1305 1663 primus
1334 1614 1455 1652 fertur
1475 1614 1569 1652 Gor-

226 1671 306 1718 gias
335 1670 546 1708 Leontinus
576 1684 642 1720 per
671 1671 872 1719 legationis
900 1671 1074 1720 publicae
1104 1670 1427 1720 opportunitatem
1446 1671 1568 1708 Athe-

225 1727 422 1765 niensibus
451 1727 722 1766 ostentavisse:
762 1728 808 1764 de
838 1727 976 1778 quibus
1004 1729 1118 1765 rebus
1148 1741 1183 1765 1.
1216 1731 1343 1765 annot.
1375 1728 1422 1764 ad
1452 1728 1564 1775 Gorg.

227 1796 257 1821 c.
288 1785 319 1821 I.
359 1784 409 1821 in.
449 1788 487 1821 01
516 1784 688 1832 Prolegg.
730 1785 777 1820 ad
815 1785 1032 1821 Phaedrum
1071 1785 1128 1821 ed.
1160 1787 1195 1821 2.
1226 1798 1262 1833 p.
1294 1784 1433 1821 XLIX
1462 1797 1566 1834 seqq.

227 1842 284 1877 Ea
312 1854 401 1879 vcro
430 1840 581 1878 Platoni
611 1853 678 1877 cur
705 1840 951 1889 displicuerit,
980 1840 1136 1877 minime
1156 1840 1345 1878 incertum
1375 1844 1444 1878 est.
1475 1840 1567 1877 Visa

227 1897 328 1933 enim
366 1897 432 1933 illa
469 1897 694 1946 philosopho
743 1902 801 1934 est
840 1897 980 1946 duplici
1018 1896 1258 1946 potissimum
1297 1897 1382 1934 labe
1431 1897 1567 1934 affecta

226 1967 328 1999 esse,
369 1953 509 2004 quippe
548 1967 667 2003 quum
693 1953 859 2002 primum
894 1953 991 1991 falso
1028 1966 1166 1990 nomen
1205 1953 1298 1991 artis
1327 1952 1566 1999 mentiretur,

225 2010 314 2048 licet
342 2011 389 2047 ad
419 2010 584 2059 speeiem
620 2014 771 2048 tantum
808 2023 932 2060 neque
973 2010 1020 2046 ad
1048 2010 1250 2048 veritatem
1289 2010 1569 2047 accommodata

226 2071 328 2104 esset
354 2067 514 2117 ideoque
544 2066 765 2104 scientia
795 2062 1025 2118 (ἐπιστήμῃ)
1054 2066 1207 2115 penitus
1236 2071 1399 2113 careret,
1430 2066 1566 2103 deinde

225 2137 315 2160 vero
345 2124 461 2161 etiam
490 2123 616 2159 onmia
645 2123 692 2160 ad
721 2122 929 2172 voluptatis
957 2123 1140 2170 gratiam,
1179 2123 1226 2160 ad
1254 2122 1482 2169 utilitatem,
1520 2123 1566 2159 ad

226 2184 386 2218 externa
413 2179 577 2229 denique
606 2180 801 2216 commoda
838 2184 877 2217 et
913 2179 1169 2217 emolumenta
1206 2180 1382 2225 referret,
1422 2179 1565 2216 iusti-

227 2237 331 2273 tiae
372 2241 418 2274 et
456 2236 748 2274 honestatis
787 2236 899 2285 plane
937 2235 1137 2273 incuriosa.
1214 2235 1365 2284 Quippe
1404 2240 1566 2286 utroque

228 2292 379 2330 nomine
408 2292 475 2329 illa
504 2297 610 2330 tanto
648 2293 768 2340 magis
799 2293 968 2330 laborare
1006 2292 1098 2337 11511,
1139 2293 1239 2342 quod
1279 2291 1394 2329 etiam
1424 2304 1565 2341 pravae

226 2349 454 2398 sophisticae
475 2348 553 2385 vim
574 2353 674 2386 esset
694 2353 853 2398 experta
875 2350 1043 2399 adeoque
1064 2349 1144 2386 eius
1163 2348 1414 2386 vitiositatem
1442 2349 1496 2386 ita
1524 2348 1566 2385 in

227 2419 267 2442 se
298 2405 541 2454 suscepisset,
582 2411 625 2442 ut
654 2405 687 2442 ei
727 2410 828 2443 esset
855 2406 965 2454 plane
995 2404 1199 2443 consimilis
1239 2409 1354 2455 atquc
1394 2408 1564 2454 cognata.

226 2462 364 2512 Itaque
393 2463 439 2498 de
469 2461 540 2497 hac
567 2461 650 2510 ipsa
677 2461 866 2500 rhetorica
895 2467 1009 2512 atque
1050 2466 1130 2499 arte
1160 2461 1282 2507 civili,
1323 2474 1419 2511 quae
1449 2461 1566 2499 etiam

227 2518 483 2567 sophistarum
513 2518 685 2555 doctrina
713 2523 813 2556 esset
840 2519 981 2556 infecta
1011 2521 1125 2568 atque
1154 2518 1371 2566 depravata,
1402 2518 1441 2554 in
1471 2518 1564 2555 Gor-

227 2575 289 2621 gia
329 2575 473 2621 agitur,
513 2574 549 2610 id
579 2575 680 2624 quod
716 2575 797 2623 ipse
826 2574 1073 2623 philosophus
1112 2586 1189 2610 non
1227 2576 1383 2611 obscure
1420 2574 1563 2622 signifi-

227 2631 327 2668 011111
355 2631 519 2680 primum
547 2630 700 2680 quidem
738 2631 847 2668 initio
885 2631 1067 2668 sermonis
1105 2643 1126 2667 a
1156 2631 1308 2668 Socrate
1348 2643 1432 2667 cum
1472 2630 1563 2667 Polo

225 2687 393 2725 instituti
421 2702 456 2736 p.
488 2690 578 2723 463.
610 2688 653 2723 Ε.
684 2709 739 2713 -
769 2692 859 2725 465.
891 2689 946 2733 Ε.,
986 2687 1049 2724 ubi
1080 2686 1290 2725 rhetoricae
1321 2700 1406 2724 cum
1435 2686 1562 2735 sophi-
