1687 2969
464 193 537 230 AD
567 192 810 231 GORGIAM
840 192 1049 230 PLATON
1051 193 1110 230 IS.
1411 194 1460 227 29

113 307 146 345 si
174 319 310 345 revera
337 306 395 343 illi
423 305 514 344 boni
541 306 707 343 fuissent
735 307 904 343 oratores
935 310 973 343 et
1002 305 1102 344 cives
1133 304 1308 341 meliores
1340 302 1464 340 reddi-

113 364 270 401 dissent.
338 363 384 399 Id
423 363 524 413 quod
564 362 679 400 etiam
708 363 766 399 'de
806 361 987 411 sophistis
1026 362 1081 399 ita
1118 361 1364 398 iudicandum
1394 363 1464 405 est,

114 420 180 471 qui
207 423 351 457 temere
371 424 667 470 conqueruntur,
698 419 799 469 quod
830 432 851 455 a
881 418 1077 467 discipulis
1095 418 1173 454 suis
1203 417 1372 455 debitam
1392 415 1464 454 sibi

113 476 368 514 iustitutionis
398 476 610 513 mercedem
648 488 725 512 non
754 475 942 524 accipiant
970 488 1095 525 neque
1125 474 1224 522 grati
1255 474 1371 510 animi
1402 474 1465 511 do-

115 533 303 570 cumentis
342 537 536 570 ornentur.
576 533 616 569 P.
651 534 740 569 515.
771 532 818 568 D.
848 553 904 558 —
937 534 1028 568 519.
1059 531 1102 567 Ε.
1162 531 1249 567 Noli
1281 531 1382 568 enim
1410 535 1464 576 tu,

115 603 135 626 0
147 589 312 635 Callicle,
332 589 432 626 hanc
451 588 710 637 sophistarum
730 601 816 624 cum
834 588 928 625 viris
947 587 1124 626 civilibus
1145 587 1467 636 comparationem

116 658 228 693 aegre
257 646 376 691 ferre3
404 667 460 672 -—
490 645 631 695 quippe
660 644 834 681 homines
864 645 905 681 in
934 643 1095 693 publicis
1125 650 1323 681 versantes
1352 657 1466 692 nego-

115 702 180 739 tiis
220 715 297 739 non
334 714 419 738 raro
459 701 668 751 sophistas,
718 705 852 750 utpote
892 701 997 738 nullo
1046 700 1181 738 merito
1219 700 1370 749 publico
1409 701 1466 736 in-

114 758 252 806 signes,
283 758 458 808 quamvis
488 771 619 794 eorum
649 758 890 795 imbibissent
910 757 1118 806 opiniones,
1149 763 1277 794 tamen
1297 758 1467 794 fastuose

116 816 421 861 contemnebant,
451 814 524 863 ipsi
556 814 634 850 suis
663 814 810 852 meritis
842 814 986 851 scilicet
1009 813 1293 862 superbientes,
1325 828 1344 851 e
1376 828 1467 864 quo-

115 884 202 908 rum
230 884 389 908 numero
419 875 478 908 est
507 870 623 908 etiam
654 873 808 920 Anytus
847 870 887 907 in
918 872 1004 907 Pla
1016 875 1042 908 t.
1074 871 1228 907 Menon.
1262 884 1296 919 p.
1331 875 1392 907 90.
1427 871 1466 907 13.

116 941 233 979 seqq„
273 928 340 964 ubi
378 927 419 964 111
457 927 648 976 sophistas
687 927 954 965 inclementius
993 927 1201 964 invehitur.
1238 948 1293 953 —
1329 928 1467 976 Itaque

117 984 311 1021 Calliclem
340 983 516 1022 similiter
543 985 642 1021 hanc
671 984 991 1033 comparationem
1019 983 1260 1031 indignatum
1291 984 1470 1020 admonet

118 1041 213 1078 haec
243 1041 436 1086 Socrates,
477 1040 537 1077 his
567 1040 683 1078 etiam
712 1041 839 1079 verbis
871 1040 1029 1086 additis,
1073 1040 1211 1090 quibus
1250 1053 1383 1077 rursus
1421 1041 1467 1076 de

118 1097 344 1147 sophistices
374 1102 412 1134 et
440 1097 649 1135 rhetorices
682 1097 906 1145 cognatione
926 1096 1150 1146 exponitur:
1183 1097 1327 1134 habent
1355 1096 1468 1141 0111111,

116 1153 265 1204 inquit,
307 1153 520 1202 sophistae,
569 1154 635 1204 qui
674 1167 755 1191 sese.
794 1154 949 1191 virtutis
988 1153 1190 1201 magistros
1230 1154 1469 1202 profitentur,

119 1215 234 1260 atque
264 1211 437 1247 rhetores
473 1210 681 1247 maximam
719 1224 809 1248 sane
849 1210 1098 1255 affinitatem;
1142 1209 1237 1259 quin
1277 1210 1470 1259 sophistae

118 1267 194 1303 illis
226 1267 343 1304 etiam
382 1267 640 1315 anteponendi
679 1267 880 1305 videntur:
922 1279 1009 1303 nam
1040 1272 1228 1317 quantum
1268 1280 1329 1303 ars
1358 1266 1470 1314 legis-

118 1323 256 1361 latoria
286 1323 359 1361 arti
388 1323 557 1360 iudiciali
578 1327 746 1372 praestat
777 1329 814 1361 et
835 1323 1076 1373 gymnastica
1100 1323 1288 1369 medicae,
1319 1327 1470 1360 tantum

118 1381 310 1418 rhetorem
339 1379 535 1417 antecellit
564 1380 745 1429 sophista.
805 1381 951 1417 Neuter
989 1384 1118 1417 tamen
1157 1380 1203 1416 de
1233 1380 1363 1428 populi
1405 1385 1471 1417 aut

119 1436 392 1485 discipulorum
421 1436 613 1474 iniustitia
642 1437 787 1474 habent
826 1437 927 1487 quod
968 1436 1050 1473 iure
1095 1440 1324 1486 querantur,
1363 1449 1471 1485 prae-

120 1493 252 1530 sertim
281 1506 400 1543 quum
428 1493 523 1542 ipsis
552 1494 615 1530 vel
647 1494 813 1530 maxime
835 1493 1037 1531 conveniat
1067 1493 1253 1529 beneficia
1282 1506 1352 1529 sua
1370 1494 1472 1530 ultro

121 1562 164 1586 ac
192 1549 274 1586 sine
303 1550 476 1587 mercede
516 1549 600 1587 aliis
639 1550 842 1599 impertiri,
885 1549 1075 1600 siquidem
1105 1550 1223 1596 vulgo
1263 1553 1375 1598 turpe
1406 1563 1471 1586 ex-

121 1605 317 1644 istimatur
336 1605 457 1652 alteri,
487 1619 605 1656 quum
624 1607 756 1655 possis,
786 1607 986 1644 ostendere
1006 1606 1117 1651 nolle,
1149 1607 1336 1656 quomodo
1357 1619 1473 1656 quam

123 1662 290 1712 optimus
319 1662 402 1699 fieri
434 1662 652 1713 optimeque
683 1676 791 1700 suam
820 1663 900 1712 ipse
936 1676 1018 1699 rem
1054 1662 1301 1699 domesticam
1330 1663 1392 1700 vel
1423 1663 1472 1698 ci-

121 1719 284 1758 vitatem
312 1718 578 1756 administrare
608 1724 733 1770 queat.
764 1721 805 1756 P.
839 1723 929 1756 520.
960 1721 1007 1755 A.
1037 1740 1092 1744 ——
1123 1719 1166 1755 E.

207 1776 315 1812 Haec
344 1775 471 1812 omnia
498 1780 702 1826 postquam
722 1776 895 1813 Callicles
925 1775 1112 1824 probavit,
1144 1776 1318 1812 Socrates
1345 1789 1472 1813 rever-

122 1831 219 1869 titur
257 1832 304 1869 ad
343 1832 608 1882 quaestionem
647 1846 763 1881 supra
801 1832 1033 1881 propositam
1064 1832 1308 1881 ostenditque
1345 1833 1471 1870 rheto-

122 1888 251 1934 ricam,
283 1889 329 1925 de
359 1902 435 1939 qua
466 1888 609 1926 dixerit
638 1889 824 1935 Callicles,
854 1901 1012 1937 pravam
1043 1901 1124 1925 esse
1156 1892 1195 1925 et
1224 1888 1381 1926 vivendi
1413 1902 1472 1926 ra-

123 1945 267 1983 tionem
297 1946 344 1982 ab
375 1958 418 1982 00
446 1945 643 1983 laudatam
670 1947 768 1982 bono
798 1946 880 1983 viro
911 1958 993 1983 esse
1023 1944 1230 1993 indignam.

208 2002 270 2038 Ad
299 2005 427 2040 utram
456 2001 593 2049 igitur,
623 2002 769 2053 inquit,
810 2016 870 2039 me
909 2002 1117 2039 0-01101111115
1157 2001 1324 2039 civitatis
1367 2015 1472 2038 cur-a

124 2056 292 2096 tionem?
321 2071 415 2094 num
435 2059 481 2095 ad
502 2059 612 2105 hanc,
643 2072 719 2109 qua
739 2060 976 2104 contendam,
1007 2062 1051 2095 ut
1073 2058 1330 2095 Athenienses
1359 2071 1474 2108 quam

125 2114 260 2163 optimi
278 2115 454 2160 evadant,
477 2128 525 2151 an
543 2116 590 2152 ad
610 2115 798 2153 adulat01i
802 2129 863 2152 am
882 2115 997 2160 illam,
1019 2128 1094 2165 qua
1112 2127 1176 2151 001
1179 2128 1245 2151 um
1262 2114 1474 2152 inserviens

126 2170 401 2220 cupiditatibus
440 2171 567 2208 omnia
607 2173 654 2209 ad
693 2173 932 2221 voluptatem
970 2171 1339 2221 delectationemque
1377 2174 1474 2208 refe-

126 2226 232 2264 ram?
262 2227 375 2264 Dicas
404 2227 510 2273 mihi,
542 2241 562 2264 0
592 2228 765 2274 Callicle,
796 2228 934 2273 libere,
967 2227 1058 2277 quid
1089 2228 1243 2273 sentias,
1274 2240 1318 2264 ac
1346 2241 1474 2276 perge,

128 2284 447 2333 quemadmodum
486 2285 663 2333 coepisti,
703 2285 866 2322 fidenter
904 2297 1053 2320 mecum
1091 2296 1213 2331 agere.
1282 2285 1343 2321 Ad
1380 2285 1476 2322 haec

128 2339 192 2376 ille
222 2340 316 2377 satis
344 2340 605 2389 impudenter:
635 2342 717 2390 Ego
746 2355 836 2379 vero
865 2346 903 2378 te
934 2341 1109 2377 cohortor
1145 2341 1191 2377 ad
1222 2341 1322 2377 hanc
1350 2346 1475 2389 poste-

126 2395 265 2433 riorem
279 2396 602 2435 administrandae
618 2398 849 2447 reipublicae
860 2397 1058 2441 rationem,
1077 2396 1236 2447 eiusque
1256 2397 1311 2434 rei
1324 2410 1476 2435 caussas

129 2452 297 2489 afferam.
356 2453 430 2490 Sed
461 2454 633 2492 Socrates
663 2467 876 2491 sermonem
915 2453 996 2490 eius
1025 2452 1275 2502 interpellans
1304 2454 1474 2492 oratione

129 2522 217 2554 sua,
248 2509 306 2546 Ne
335 2521 465 2547 rursus
494 2511 589 2547 mihi
619 2511 740 2557 dieas,
772 2510 917 2561 inquit,
958 2522 1056 2559 quae
1086 2509 1162 2546 iam
1191 2509 1342 2559 saepius
1373 2515 1474 2548 attu-

128 2564 218 2610 listi,
249 2565 460 2602 occisurum
486 2580 546 2604 me
576 2567 794 2618 quicunque
823 2566 999 2612 voluerit,
1030 2579 1077 2603 ne
1108 2579 1176 2614 ego
1206 2566 1376 2604 vicissim
1404 2567 1477 2604 tibi

129 2633 312 2670 reponere
342 2625 493 2659 coaetus
531 2623 602 2660 sim
638 2637 737 2674 quae
775 2623 852 2660 iam
891 2622 931 2658 in
970 2622 1163 2671 superiore
1204 2636 1376 2660 sermone
1416 2636 1474 2660 10-

130 2677 276 2726 spondi.
336 2680 390 2715 At
418 2692 518 2724 ver0‚
547 2679 674 2730 iuquit
702 2680 785 2725 illc,
827 2678 989 2715 nimium
1028 2679 1183 2729 quidem
1211 2679 1306 2715 mihi
1335 2679 1476 2717 videris

131 2734 320 2771 confidere
348 2733 448 2771 nihil
474 2736 611 2773 horum
640 2736 711 2774 tibi
742 2749 913 2786 unquam
942 2739 1182 2774 eventurum.
1237 2735 1357 2776 Quasi
1385 2749 1476 2774 vero
