1687 2969
825 174 1076 210 „L—

277 289 504 346 appareret
542 283 607 326 vis
646 286 964 327 sententiarum.
1034 287 1230 328 Fuerunt
1267 287 1402 339 enim,
1451 284 1616 327 Cice-

276 355 410 404 rone
439 337 597 393 mdice,
630 342 873 398 grandes
916 344 1125 396 verbis,
1167 343 1352 384 crebri
1390 349 1619 385 senten-

278 397 398 449 ti1s,
421 398 857 459 ’compressione
889 414 1067 442 rerum
1097 400 1317 452 breves,
1352 399 1620 450 subtiles,

278 458 432 494 acutl
463 458 515 493 et
536 455 846 511 sententiis
868 457 1039 512 magis
1063 471 1216 512 quain
1236 456 1426 497 verbis
1450 456 1622 497 abun-

279 509 478 573 dantes
512 509 603 572 (De
635 508 756 552 Orat.
776 512 835 553 Π.
869 513 971 567 ²23.)
1002 514 1158 569 Itaque
1188 519 1278 553 tum
1309 512 1481 554 dicendi
1510 512 1620 553 ratio

278 566 464 630 Athenis
494 572 643 620 utique
672 567 716 608 in
744 569 895 611 melius
926 576 991 611 est
1021 577 1196 623 mutata,
1230 575 1271 610 et
1301 568 1621 624 quodammodo

278 638 463 679 primum
499 629 601 664 nata
640 629 770 678 atque
807 625 1003 668 educata.
1075 627 1174 668 Hoc
1212 633 1355 667 autem
1404 625 1506 666 dum
1562 626 1623 666 ita

230 725 236 730 ,
280 679 452 733 accidit,
483 679 690 743 singulari
729 682 903 723 fortuna
933 685 1097 737 evenit,
1131 689 1180 724 ut
1213 681 1364 724 eodem
1395 683 1485 723 fere
1514 688 1622 723 tem-

278 751 385 793 pore
424 742 534 778 ratio
575 752 625 778 ac
674 736 902 794 disciplina
955 740 1192 782 rhetorices
1232 740 1276 780 in
1322 739 1472 782 Sicilia
1522 754 1621 780 nas-

280 800 470 857 ceretur,
509 793 680 847 qualem
718 810 798 837 nec
834 796 1022 838 Athenis
1070 797 1292 852 superiora
1329 804 1526 852 tempora
1556 795 1620 837 vi-

281 850 460 892 dissent.
533 849 708 892 Etenim
749 852 932 894 invaluit
969 859 1062 895 tum
1099 853 1143 895 in
1199 853 1272 894 illa
1321 859 1436 894 terra
1473 852 1622 909 impri-

280 907 447 960 misque
507 905 760 962 Syracusis,
839 910 1067 965 tyrannide
1123 910 1387 966 Thrasybuli
1444 908 1620 965 Olymp.

280 962 551 1005 LXXVIII.
592 964 630 1004 3.
675 989 730 994 -
765 966 859 1009 466.
899 981 935 1007 a.
978 965 1080 1007 Chr.
1133 982 1175 1007 n.
1227 966 1423 1019 sublata,
1474 965 1622 1007 demo-

282 1019 417 1061 cratia
439 1026 480 1060 et
510 1020 710 1062 restituta
731 1022 866 1063 maior
895 1024 1045 1079 populi
1075 1023 1268 1076 libertas,
1302 1037 1411 1076 quae
1441 1021 1621 1064 libertas

281 1076 562 1140 publicaxut
591 1076 663 1130 fit,
703 1078 831 1120 etiam
869 1080 1128 1121 crebriorem
1167 1078 1340 1121 dicendi
1378 1093 1504 1120 usum
1544 1094 1620 1135 pe-

277 1138 398 1189 perit.
469 1133 606 1174 Cuius
647 1135 709 1176 rei
750 1150 927 1177 caussae
957 1137 1196 1192 peculiares
1237 1134 1476 1178 secundum
1516 1135 1618 1176 Ari-

276 1190 474 1231 stotelem
493 1196 720 1232 narrantur
739 1207 763 1232 a
795 1191 1065 1234 Cicerone
1097 1193 1220 1234 Brut.
1252 1208 1288 1234 c.
1316 1194 1377 1234 1²2.
1400 1193 1437 1246 ξ.
1459 1193 1497 1234 3.
1522 1207 1617 1247 sqq.

278 1247 346 1288 De
387 1245 513 1288 Orat.
552 1245 637 1289 III.
675 1263 712 1289 0.
754 1249 821 1290 38.
864 1250 901 1303 ξ.
946 1251 983 1291 8.
1017 1265 1128 1305 sqq,
1168 1264 1354 1304 quocum
1405 1249 1621 1290 consentit

278 1304 404 1345 etiam
444 1303 601 1346 Diod.
643 1303 815 1347 Sicul.
862 1306 947 1348 XI.
990 1308 1056 1349 87.
1101 1307 1175 1361 qui
1222 1305 1432 1362 imprimis
1479 1320 1617 1361 genus

278 1359 451 1402 dicendi
486 1359 687 1403 iudiciale
720 1362 959 1404 studiosius
1000 1363 1218 1405 excultum
1259 1377 1354 1404 esse
1389 1362 1619 1404 memoria-e

276 1416 482 1474 prodidit.
548 1417 762 1460 Narratur
801 1426 944 1461 autem
973 1420 1056 1462 hoc
1084 1420 1129 1461 111
1158 1435 1315 1476 genere
1346 1419 1508 1475 primus
1544 1434 1618 1460 ex-

276 1474 476 1516 celluisse
507 1472 651 1516 Corax
682 1475 882 1530 quidam,
923 1492 948 1518 a
994 1483 1179 1533 tyranno
1227 1475 1465 1529 secundus,
1514 1476 1620 1517 licet

277 1532 405 1573 etiam
451 1530 741 1588 Empedocles
785 1533 1100 1590 Agrigentinus
1148 1534 1263 1575 circa
1319 1538 1486 1574 artem
1537 1531 1618 1573 di-

277 1588 440 1630 cendi
492 1588 582 1630 sive
632 1588 956 1632 rhetoricen
1005 1590 1148 1645 aliqua
1195 1589 1460 1642 movisse,
1501 1588 1542 1630 h.
1580 1604 1617 1630 6.

276 1645 525 1699 inchoasse,
565 1646 752 1697 feratur,
785 1646 913 1688 sicuti
950 1653 1133 1689 testatur
1167 1646 1354 1700 Quint.
1388 1646 1474 1687 III.
1509 1648 1546 1698 1,
1578 1646 1617 1686 8.

276 1702 433 1756 Diog.
474 1702 657 1744 Laert.
697 1703 826 1744 VIII.
870 1705 938 1746 57.
980 1710 1024 1745 et
1055 1702 1201 1746 Sext.
1241 1703 1384 1758 Fmp.
1429 1717 1472 1759 p.
1521 1703 1616 1743 370.

278 1758 345 1800 ed.
376 1760 505 1801 Fabr.
537 1757 682 1800 Corax
728 1760 841 1800 6111111
877 1760 947 1802 1116
977 1760 1134 1803 dicitur
1163 1760 1326 1816 primus
1355 1760 1400 1800 in
1431 1758 1616 1803 comitiis

275 1819 426 1875 populi
478 1817 681 1859 habuisse
730 1817 968 1859 orationem
1007 1817 1063 1858 ad
1103 1824 1243 1859 certas
1274 1815 1483 1871 quasdam
1513 1815 1616 1857 artis

274 1876 447 1932 regulas
479 1890 504 1916 a
533 1889 578 1916 se
607 1874 805 1915 inventas
838 1874 1141 1930 compositam3
1173 1889 1304 1928 quum
1334 1877 1477 1913 autem
1506 1871 1616 1927 pris-

274 1933 365 1974 tino
394 1932 555 1974 honore
597 1945 675 1987 per
704 1929 910 1972 invidiam
939 1930 1282 1972 adversariorum
1313 1934 1428 1970 esset
1458 1928 1616 1983 spolia·-

275 1996 372 2042 tus,
412 1988 592 2046 privatis
630 1987 675 2028 in
714 1987 874 2029 scholis
909 1994 1043 2028 artem
1071 1987 1187 2028 illam
1217 1987 1353 2028 fertur
1381 1984 1615 2026 tradidisse

272 2053 402 2102 atque
443 2049 598 2102 τέχνηυ
635 2043 874 2099 ῥητορικὴν
909 2044 1062 2085 litteris
1110 2042 1455 2099 consignavisse,
1506 2055 1615 2096 quae

272 2105 383 2146 bene
423 2109 658 2158 ornateque
695 2100 869 2142 dicendi
907 2106 1140 2157 praecepta
1177 2099 1543 2155 complecteretur.
1572 2113 1613 2139 v,

272 2160 381 2203 Cic.
410 2160 532 2202 Brut.
563 2175 600 2202 0.
635 2160 700 2200 12.
761 2157 944 2211 Quint.
974 2157 1186 2200 Institutt.
1217 2156 1295 2198 Or.
1316 2155 1400 2196 III.
1436 2157 1472 2205 1,
1502 2156 1541 2196 8.
1572 2159 1616 2195 et

271 2217 325 2260 de
364 2222 490 2272 τέχνη
537 2214 715 2258 Coracis
753 2215 989 2257 Aristot.
1025 2214 1154 2256 Rhet.
1201 2213 1254 2255 ad
1303 2212 1428 2254 Alex,
1479 2226 1516 2252 c.
1577 2213 1612 2252 1.

272 2274 492 2328 Quocirca
529 2273 600 2315 ille
648 2272 863 2315 communi
904 2286 1041 2327 prope
1090 2271 1278 2312 omnium
1327 2267 1613 2310 consensione

270 2347 348 2387 pro
386 2331 621 2372 rhetorices
662 2330 885 2370 inventore
914 2328 1119 2381 habetur,
1153 2327 1312 2383 quippe
1343 2325 1417 2379 qui
1447 2324 1612 2379 primus

270 2388 477 2430 orationis
496 2386 728 2428 artificiose
755 2384 1086 2429 conformandae
1105 2388 1338 2441 praecepta
1367 2380 1611 2422 tradiderit.

269 2445 389 2486 Inter
418 2444 545 2486 huius
572 2458 675 2484 vero
707 2442 943 2498 discipulos
970 2442 1153 2483 maxime
1183 2437 1435 2482 inclaruisse
1465 2452 1611 2479 narra-

268 2509 340 2543 tur
369 2500 528 2553 Tisias,
561 2500 634 2555 qui
664 2515 758 2542 sese
788 2499 890 2540 item
909 2498 1080 2540 dicendi
1109 2497 1361 2553 magistrum
1388 2494 1610 2551 protessus

269 2564 336 2600 est
374 2572 424 2598 ac
463 2557 646 2613 primum
686 2555 938 2612 Syracusis,
980 2554 1134 2597 deinde
1171 2553 1345 2595 Thuriis
1375 2551 1421 2592 in
1449 2550 1609 2593 scholis

269 2614 417 2657 docuit
459 2613 770 2668 eloquentiam,
820 2613 896 2655 ubi
933 2628 1028 2654 eum
1068 2611 1234 2655 audivit
1265 2610 1392 2652 etiam
1430 2607 1608 2663 Lysias,

268 2687 353 2726 quo
389 2676 584 2726 tempore
623 2670 658 2711 is
696 2669 872 2711 Thuriis
912 2674 1199 2713 commoratus
1248 2673 1327 2709 est.
1375 2680 1417 2706 v.
1479 2663 1609 2705 Plu-

267 2726 434 2769 tarch.
477 2727 586 2768 Vitt.
629 2727 688 2768 X.
719 2724 894 2768 Orator.
931 2743 972 2782 p.
1011 2726 1106 2768 835.
1149 2725 1206 2767 D.
1239 2723 1348 2766 Cic.
1380 2721 1451 2763 De
1483 2717 1607 2762 Orat.
