1687 2969
553 178 596 183 —-
668 156 797 195 cxxlx
875 176 912 181 —

59 275 160 317 licet
197 278 375 331 propter
411 278 605 329 tempus,
650 285 736 325 quo
779 269 962 312 habetur
1001 283 1167 324 sermO,
1207 276 1324 314 reete
1367 277 1410 313 et.

60 347 157 374 cum
187 330 333 389 specie
364 329 565 372 veritatis
596 328 682 384 ipsi
714 326 916 369 dieantur
946 326 1132 382 Lysiae,
1173 333 1317 369 tamen
1345 327 1410 370 ita

59 386 232 430 demum
270 385 442 442 plenam
484 385 568 427 vim
608 399 729 427 suam
774 383 1010 448 accipiunt,
1052 383 1089 426 si
1130 382 1183 425 de
1256 399 1412 426 ersona

58 445 315 501 cogitamus,
347 458 476 498 quam
505 441 652 484 rhetor
680 440 983 483 celeberrimus
1014 440 1059 482 in
1080 437 1200 482 Phae
1235 457 1282 482 ro
1314 456 1410 483 sus-

58 502 182 544 tinet.
250 501 364 542 Tum
394 499 508 542 enim
540 514 591 540 ea
619 514 708 539 non
739 504 827 538 tam
858 498 1020 554 Lysiae
1060 512 1236 551 caussa,
1281 513 1411 552 quam

57 565 236 615 propter
272 572 347 599 eos
387 571 534 599 omnes
574 556 738 597 monita
778 569 872 596 esse
914 553 1109 610 putanda
1156 561 1282 607 sunt,
1335 555 1410 610 qui

58 629 262 671 perverso
315 613 495 656 consilio
536 627 562 653 a
604 611 833 653 rhetoricis
883 611 1038 653 studiis
1087 610 1411 666 philosophiam

57 672 234 713 omnino
272 671 564 728 seiungerent.
642 668 859 713 Nimirum
909 668 970 710 ita
1013 667 1248 724 philophus
1290 668 1410 709 ealli-

58 727 258 782 dissime,
301 743 387 782 quo
429 733 622 783 tempore
664 725 777 767 dialo
812 741 883 766 um
922 725 1120 781 scripsit,
1169 725 1411 780 praesentis

58 785 212 827 aetatis
241 785 452 827 rationem
481 782 628 836 duxit,
662 798 777 838 quan
813 782 1015 837 oquidem
1046 797 1134 823 non
1163 787 1252 824 tam
1283 797 1412 838 gran-

59 842 242 884 daevum
271 856 418 884 senem
449 839 505 882 ad
533 840 755 883 meliorem
786 845 973 880 mentem
1005 839 1237 892 reducere,
1282 853 1411 893 quam

57 899 251 941 rhetores
282 903 423 940 aetate
454 898 642 939 minores
674 911 724 938 ao
756 897 836 939 sibi
869 896 1072 950 aequales
1098 896 1168 937 vel
1199 910 1410 953 suppares

59 955 241 998 edocere
272 954 460 1008 studuit,
502 969 711 1009 quaenam
744 953 816 994 via
855 952 1141 1009 ingredienda
1179 963 1317 1006 esset,
1363 958 1411 993 ut

59 1012 116 1054 ad
143 1027 270 1054 verae
301 1026 619 1069 germanaeque
651 1010 923 1065 eloquentiae
962 1009 1133 1051 laudem
1162 1010 1410 1066 pervenire-

60 1076 143 1111 tur.
202 1069 302 1111 Hoc
333 1074 476 1110 autem
506 1068 542 1110 si
572 1068 633 1109 ita
663 1082 756 1109 sese
781 1066 926 1120 habet,
960 1073 1115 1122 sponte
1135 1066 1407 1123 intelligitur,

59 1126 338 1168 acerbitatem
368 1125 495 1167 istam
526 1123 774 1176 iudicandi,
820 1138 947 1178 quam
979 1123 1154 1164 Platoni
1186 1129 1412 1164 verterunt

59 1183 314 1239 opprobrio,
356 1197 441 1223 non
479 1189 567 1223 tam
597 1197 649 1223 ex
680 1180 861 1236 indigno
894 1180 1101 1222 adversus
1133 1180 1313 1236 Lysiam
1344 1194 1411 1222 se·-

57 1255 156 1281 nem
191 1238 291 1281 odio
329 1238 568 1295 prodiisse,
616 1253 744 1293 quam
781 1236 880 1278 inde
920 1237 1067 1293 potius
1119 1244 1256 1279 ortam
1300 1251 1408 1291 esse,

59 1295 179 1351 quod
207 1295 494 1352 philosophus
517 1295 689 1337 omnino
710 1294 1024 1336 rhetoricorum
1048 1294 1290 1336 studiorum
1311 1309 1411 1349 per-

60 1354 309 1395 versitatem
339 1353 554 1410 castigare
585 1367 636 1394 ac
666 1351 792 1393 simul
816 1349 1120 1406 philosophiae
1152 1351 1411 1407 dignitatem

62 1425 112 1452 ac
152 1409 462 1466 praestantiam
491 1409 536 1451 in
573 1409 808 1451 illustriore
848 1408 943 1450 luce
989 1408 1204 1450 collocare
1254 1407 1409 1449 voluit.

61 1466 195 1520 Quod
224 1473 366 1509 autem
397 1466 518 1507 illum
546 1481 679 1507 unum
710 1465 981 1522 potissimum
1013 1463 1205 1522 delegit,
1238 1465 1310 1520 qui
1342 1479 1411 1506 re-

59 1524 275 1579 liquorum
304 1523 493 1566 omnium
523 1529 668 1579 partes
710 1522 962 1575 sustineret,
1006 1537 1093 1563 non
1131 1522 1275 1578 potuit
1310 1537 1410 1578 pro—

61 1581 176 1623 fecto
205 1580 341 1623 ullum
367 1580 536 1622 illorum
566 1586 808 1635 temporum
838 1578 1054 1620 rhetorem
1083 1579 1295 1634 reperire,
1339 1578 1410 1620 cui

62 1637 158 1680 illas
186 1638 347 1680 rectius
376 1638 640 1693 imponeret,
672 1652 800 1691 quam
831 1651 953 1688 eum,
987 1636 1062 1690 qui
1093 1641 1186 1676 erat
1215 1636 1410 1677 &samira-

62 1711 138 1743 τος
177 1696 262 1736 τῶν
302 1693 401 1736 τότε
432 1693 548 1751 γράι]
561 1710 645 1747 ειν,
677 1699 723 1734 ut
754 1693 847 1749 ipse
881 1692 941 1733 ait
971 1707 1013 1747 p.
1047 1693 1141 1733 ⁵228.
1173 1692 1244 1745 A.,
1285 1707 1411 1747 prae-

63 1751 210 1793 sertim
259 1766 390 1806 quum
439 1751 475 1793 is
517 1762 691 1807 praeter
737 1756 905 1792 ceteros
943 1749 1070 1789 etiam
1108 1749 1154 1790 in
1191 1749 1410 1791 amatoriis

63 1808 371 1864 scriptionibus
402 1807 736 1862 elaboravisset,
768 1807 909 1862 qualis
941 1811 989 1846 ut
1018 1806 1062 1846 in
1091 1805 1279 1847 medium
1309 1821 1410 1862 pro-

63 1864 267 1919 ferretur,
308 1865 500 1906 universi
531 1864 675 1920 operis
704 1864 814 1905 ratio
846 1870 890 1904 et
919 1869 1219 1919 argumentum
1250 1863 1410 1919 prima-

61 1921 173 1963 rium
207 1923 359 1977 utique
385 1921 637 1978 postulavit.

173 1979 325 2033 Atque
355 1978 422 2021 his
452 1980 514 2020 ita
544 1978 757 2035 expositis
777 1976 953 2019 tandem
971 1975 1166 2019 effecisse
1197 1976 1410 2031 videmur,

65 2035 185 2089 quod
214 2042 308 2077 erat
337 2036 629 2091 propositum,
661 2042 712 2076 ut
734 2050 788 2076 ne
821 2050 875 2076 ex
904 2034 956 2076 iis
990 2033 1180 2088 quidem,
1213 2049 1326 2088 quae
1357 2033 1410 2074 de

64 2092 226 2148 Lysiae
261 2093 354 2134 vita
393 2096 524 2147 atque
574 2091 732 2134 studiis
780 2091 1012 2133 memoriae
1064 2089 1239 2145 prodita
1292 2097 1409 2143 sunt,

66 2150 277 2204 consequi
316 2155 550 2205 appareat,
591 2148 783 2191 Phaedri
825 2148 1015 2204 origines
1057 2162 1145 2194 non
1185 2162 1318 2201 posse
1355 2146 1410 2188 ad

66 2206 343 2248 maturiorem
381 2206 634 2262 philosophi
673 2212 859 2247 aetatem
892 2204 1064 2256 referri,
1110 2203 1188 2244 sed
1219 2203 1409 2246 adscribi

68 2268 268 2316 oportere
298 2264 392 2306 eius
423 2262 757 2305 adolescent-iae.

178 2318 408 2376 Pergimus
475 2320 530 2362 ad
583 2318 868 2362 examinanda
924 2316 1093 2370 reliqua
1137 2323 1408 2373 argumenta,

69 2373 226 2428 quibus
265 2376 344 2418 viri
383 2376 501 2419 docti
552 2377 739 2433 probare
792 2373 938 2417 conati
985 2379 1110 2427 sunt,
1159 2373 1410 2416 Phaedrum

68 2444 163 2472 esse
200 2431 336 2474 fetum
375 2434 538 2491 ingenii
575 2433 793 2475 Platonici
823 2429 1038 2472 iuvenilis.
1109 2428 1225 2473 Sunt
1264 2437 1409 2473 autem

69 2502 120 2528 ea
158 2496 411 2543 argumenta
447 2491 653 2532 rhetorici
685 2489 868 2531 maxime
910 2492 1042 2541 atque
1084 2485 1303 2530 dialectici
1335 2503 1409 2544 ge-

69 2544 208 2597 neris,
249 2546 602 2602 quandoquidem
645 2553 732 2588 tam
773 2543 1061 2587 elocutionem
1104 2558 1234 2598 quam
1274 2543 1410 2586 disse-

68 2599 193 2642 rendi
224 2601 434 2645 rationem
472 2604 515 2646 in
556 2604 639 2646 hoc
669 2603 779 2644 libro
809 2606 1063 2656 regnantem
1094 2616 1187 2643 eain
1217 2616 1310 2656 esse
1343 2601 1409 2642 iu-

70 2657 351 2710 dicaverunt,
393 2674 503 2714 quae
543 2660 745 2702 iuvenilis
783 2657 940 2700 aetatis
978 2657 1257 2700 manifestum
1296 2657 1409 2699 indi-

70 2715 182 2755 cium
223 2714 396 2757 iaceret.
456 2716 581 2770 Quae
624 2716 765 2758 omnia
807 2729 894 2769 quo
925 2714 1018 2754 iure
1050 2714 1113 2754 ita
1186 2721 1406 2764 atuantur,

1118 2781 1141 2822 Ι
