1687 2969
415 179 659 218 GORGIAS.
1372 183 1448 218 341

687 180 730 218 P.
763 183 855 218 525.
888 183 980 218 526.
1010 181 1068 219 ed.
1100 181 1157 219 St.

112 282 311 340 ὦᾶριστε,
334 287 691 342 κακοὶγίγνονται
715 291 800 329 τῶν
822 289 1057 331 δυναστῶν.
1090 289 1193 347 Cap.
1214 290 1449 332 LXXXII.

96 351 238 408 Οπερ
278 352 357 398 οὖν
396 353 562 409 ἔλεγον
608 355 777 398 ἐπειδὰν
805 357 828 397 6
850 351 1154 408 Ῥαδάμανθυς
1184 355 1342 404 ἐκεῖνος
1369 372 1450 397 τοι-

109 421 239 462 οῦτόν
266 436 360 463 τινα
378 422 503 476 λάβῃ,
532 424 633 463 ἄλλο
662 437 740 475 μεν
767 422 859 474 περὶ
890 422 1025 463 αὐτοῦ
1055 423 1136 463 οὐκ
1165 418 1281 463 οἶδεν
1310 419 1450 470 οὐδέν,

110 482 204 527 οὔθ’
234 486 344 536 ὅςτις
372 482 468 528 οὔθ’
497 488 702 536 ὧντινων,
743 487 806 528 ὅτι
834 486 878 528 δὲ
901 488 1088 540 πονηρός
1115 500 1197 535 τις·
1226 486 1295 528 καὶ
1324 492 1452 527 τοῦτο

107 551 292 592 κατιδὼν
327 551 575 607 άπέπεμψεν
613 553 670 601 εἰς
706 554 916 605 τάρταοον
954 552 1339 606 ἐπισημηνάμενος,
1378 551 1453 592 ἐάν

108 631 151 658 τε
192 616 356 671 ἰάσιμος
394 616 468 659 ἐάν
504 633 546 659 τε
575 618 746 666 άνίατος
775 618 880 672 δοκῇ
910 614 1040 659 εἶναι·
1072 618 1094 659 6
1123 616 1167 659 δὲ
1197 617 1325 659 ἐκεῖσε
1355 615 1451 669 άφι-
1483 620 1519 664 C

107 682 286 734 κόμενος
322 682 374 724 τὰ
410 685 677 738 προςήκοντα
717 684 874 736 πάσχει.
905 682 1038 725 ἐνίοτε
1065 681 1102 724 δ’
1128 685 1261 736 ἄλλην
1289 683 1452 730 εἰςιδὼν

107 746 232 795 ὁσίως
266 749 525 801 βεβιωκυῑαν
563 750 633 790 καὶ
660 744 747 802 μετ’
774 744 997 802 ἀληθείας,
1040 744 1196 801 ἀνδρὸς
1226 748 1397 789 ἰδιώτου
1425 747 1451 801 ἢ

106 815 238 854 ἄλλου
266 814 400 864 τινός,
440 815 620 868 μάλιστα
648 814 749 867 μέν,
789 812 918 868 ἔγωγέ
948 828 1081 867 φημι,
1126 808 1158 854 ὠ
1190 813 1451 861 Καλλίκλεις,

108 879 353 930 φιλοσόφου
388 879 440 920 τὰ
477 880 611 921 αὑτοῦ
651 880 888 931 πράξαντος
916 879 986 920 καὶ
1014 875 1067 920 οὐ
1095 880 1451 932 πολυπραγμονή-

110 955 264 991 σαντος
301 943 349 985 ἐν
385 948 445 1001 τῷ
484 946 586 1000 βίῳ,
629 945 798 999 ἠγάσθη
823 959 865 985 τε
894 945 964 985 καὶ
995 945 1035 993 ἐς
1063 945 1266 998 μακάρων
1293 945 1453 998 νήσους

107 1004 337 1063 ἀπέπεμψε.
376 1007 510 1051 ταύτὰ
546 1014 681 1052 ταῦτα
710 1010 780 1051 καὶ
808 1011 831 1052 6
863 1011 1032 1059 Αἰακός.
1064 1008 1258 1063 ἑκάτερος
1286 1009 1331 1051 δὲ
1359 1010 1452 1051 τού-

104 1167 180 1243 Ξειτ.
203 1166 289 1243 {W
326 1166 417 1199 Flor.
449 1177 478 1199 a.
510 1177 539 1199 c.
570 1178 614 1200 m.
639 1178 670 1200 0.
693 1179 725 1200 x.
759 1167 855 1200 Bodl.
888 1169 1028 1200 Meerm.
1061 1167 1111 1200 ed.
1144 1168 1223 1200 Bas.
1255 1166 1288 1200 2.
1326 1167 1453 1200 Euseb.

137 1216 210 1244 r1st1
237 1236 245 1243 .

173 1274 210 1305 C.
259 1273 407 1306 ἐνίοτε
433 1271 461 1306 δ’
487 1272 619 1316 ἄλλην
644 1274 767 1308 εἰςιδ.
790 1274 846 1318 -]
872 1273 1110 1318 Ροεῐῆἅλλου
1136 1274 1226 1309 τινός
1251 1286 1302 1318 ap.
1329 1275 1453 1307 Euseb.

104 1318 240 1350 additur
264 1318 395 1361 ψυχήν,
428 1319 594 1361 probante
620 1320 827 1352 Heindorfio.
871 1321 975 1352 Codd.
1001 1321 1157 1353 Platonis
1188 1325 1302 1353 tamen
1334 1321 1376 1353 de
1407 1321 1453 1352 le-

103 1364 214 1396 ctione
238 1364 378 1407 vulgata
400 1364 501 1406 plane
526 1366 754 1397 consentiunt.

171 1424 213 1459 ἑς
237 1426 445 1468 μακάρων
472 1426 633 1468 ιήσους
619 1427 735 1470 ]Si0
760 1427 878 1460 Clark.
904 1428 979 1460 Vat.
1005 1428 1110 1463 Coisl.
1133 1429 1218 1460 Ven.
1240 1428 1321 1461 ΞΣ.
1348 1429 1453 1462 Vind.

103 1469 276 1558 ξῖᾶόᾧῖ.
283 1472 590 1549 5ggr'gCIVW‘
622 1473 712 1505 Flor.
731 1484 759 1505 a.
778 1474 809 1505 b
835 1485 862 1505 c.
887 1485 929 1504 m.
956 1485 985 1505 o.
1012 1474 1110 1506 Bodl.
1134 1485 1195 1516 pro
1221 1474 1316 1518 vulg.
1342 1487 1394 1509 εις
1419 1485 1452 1514 μ.

174 1584 246 1603 taz
257 1585 301 1604 τα
335 1572 461 1604 ταῦτα
491 1573 561 1604 καὶ
590 1570 608 1605 6
640 1572 822 1616 Αἰακός]
856 1574 896 1606 V.
925 1571 1026 1606 ταύτὰ
1052 1574 1091 1607 δὲ
1117 1574 1229 1607 ταῦτα.
1278 1575 1388 1607 Omisi
1414 1575 1453 1608 δὲ

102 1618 424 1696 ἓιὲιᾶηῗέιιὲζηὸζζῐ.
451 1618 555 1650 Coisl.
580 1619 681 1653 Vind.
709 1619 738 1652 1.
758 1619 789 1652 6.
821 1621 896 1652 Par.
915 1620 1143 1653 BCEFIW.
1175 1621 1268 1653 Flor.
1284 1622 1316 1653 b.
1335 1622 1357 1653 f.
1374 1632 1398 1653 s.
1419 1633 1452 1653 x.

104 1819 277 1863 πρόσθεν,
297 1819 376 1856 τοὺς
392 1820 432 1854 δὲ
447 1819 592 1856 α’δικους
607 1820 671 1865 τὴ]
688 1833 740 1855 εις

104 1864 293 1908 ἀριστεράν
313 1879 346 1899 τε
362 1868 417 1899 καὶ
437 1865 535 1902 κάτω,
562 1867 630 1908 ἐχο
644 1879 713 1899 vta
725 1880 740 1901 ,ς

810 1822 883 1854 viro
919 1822 1008 1854 iusto
1045 1832 1086 1855 ac
1120 1824 1341 1866 temperanti,
1384 1824 1452 1858 imo

808 1868 1013 1909 philosopho
1054 1871 1225 1901 convenit.
1281 1871 1334 1902 De
1370 1872 1452 1913 Rep.

102 1914 158 1944 καὶ
191 1911 332 1947 τούτους
364 1912 404 1944 ἐι
429 1925 473 1944 τι)
497 1911 650 1945 ὅπισθε1
675 1923 739 1955 ση-

103 1962 200 1996 μεῖα
254 1957 396 1990 πάντων
448 1958 499 1990 ὠν
551 1958 742 2000 ἔπραξαν.”

101 2004 276 2035 ROUTH.

148 2092 186 2124 C.
235 2090 411 2135 ἢᾶλλου
438 2091 574 2136 τινός]
606 2094 741 2125 Durum

101 2137 252 2179 profecto
291 2142 359 2178 est,
406 2138 496 2179 quod
540 2138 654 2180 ψυχήν
691 2139 741 2170 in-

100 2182 324 2225 telligendum
355 2183 568 2224 relinquitur.
622 2185 741 2225 Itaque

102 2228 331 2260 Heindorf.
372 2239 414 2260 ex
449 2228 600 2261 Eusebio
636 2229 742 2261 edidit

101 2270 202 2304 ἅλλου
228 2273 319 2307 τινὸς
344 2272 472 2315 ψυχήν,
506 2274 596 2315 quod
627 2279 740 2306 tamen

101 2319 283 2358 quominus
330 2320 534 2360 reciperem,
586 2320 742 2361 impediit

101 2363 257 2395 codicum
303 2365 454 2396 omnium
501 2365 542 2396 de
593 2365 742 2396 lectione

100 2408 243 2450 vulgata
274 2410 466 2442 consensio.
514 2410 607 2442 Inest
637 2411 742 2452 igitur

101 2453 136 2484 in
151 2453 203 2484 his
222 2453 362 2485 liberior
384 2455 551 2496 quaedam
577 2456 741 2487 orationis

101 2499 335 2530 conformatio.
373 2518 417 2523 ——
463 2500 596 2532 Deinde
636 2502 741 2532 πολυ-

102 2546 342 2584 πραγμονῆσαι
373 2544 497 2577 dicitur
527 2547 575 2584 is,
608 2546 666 2587 qui
699 2544 741 2577 οὐ

104 2586 140 2619 τὰ
173 2588 299 2620 ἑαυτοῦ
333 2587 489 2629 πράττει,
528 2591 586 2622 sed
618 2591 741 2622 alienis

100 2633 275 2665 distlictus
297 2635 454 2675 negotiis,
480 2636 559 2676 quid
586 2636 651 2667 sibi
675 2636 742 2676 ipsi

101 2678 270 2719 agendum
288 2679 342 2718 sit,
358 2690 478 2720 parum
494 2686 599 2713 curat.
627 2681 741 2711 Enim-

101 2734 183 2756 vero
201 2721 237 2756 τὰ
256 2723 383 2755 ἑαυτοῦ
398 2722 558 2766 πράττειν
574 2726 742 2767 imprimis

809 1913 868 1944 IV.
900 1924 932 1955 p.
962 1912 1038 1945 433.
1071 1914 1112 1946 A.
1153 1915 1242 1947 Tim.
1275 1926 1306 1957 p.
1334 1914 1386 1948 72.
1411 1917 1452 1949 A.

809 1958 927 2000 ibique
953 1962 1068 1991 annot.

856 2024 984 2058 ταύτὰ
1022 2030 1150 2059 ταῦτα
1185 2027 1254 2059 καὶ
1293 2025 1312 2058 ὁ
1348 2029 1378 2060 Α
1392 2028 1450 2060 ιά-

811 2084 828 2103 κ
840 2070 857 2103 6
867 2070 902 2114 s]
944 2071 1056 2103 Intell.
1100 2077 1202 2104 ποιεῖ.
1248 2073 1450 2115 Asyndeton

810 2117 960 2159 elegans.

856 2182 1067 2225 ἑκάτερος
1111 2184 1157 2216 δὲ
1200 2183 1368 2217 τούτων
1406 2205 1450 2210 ——

814 2241 831 2259 ν
844 2228 858 2259 ἑ
870 2241 888 2260 κ
899 2241 919 2260 υ
931 2239 949 2260 σ
960 2239 978 2260 σ
989 2242 998 2261 ι
1012 2229 1046 2272 ν]
1097 2230 1197 2270 Quod
1236 2231 1451 2263 Rhadaman-

809 2275 889 2306 thus
928 2280 962 2306 et
999 2276 1133 2307 Aeacus
1172 2276 1286 2318 virgas
1323 2281 1451 2317 tenent,

809 2324 1042 2361 comparatum
1075 2321 1140 2352 hoc
1174 2326 1226 2353 est
1257 2322 1299 2354 ad
1330 2322 1450 2355 simili-

809 2365 961 2396 tudinem
992 2366 1143 2398 iudicum
1175 2367 1449 2408 Atheniensium,

809 2410 850 2441 de
892 2410 1017 2451 quibus
1051 2411 1119 2442 vid.
1156 2412 1449 2445 Wachsmuth.

809 2455 945 2487 Hellen.
971 2457 1178 2498 antiquitatt.
1203 2458 1248 2496 ΙΙ,
1269 2457 1298 2489 1.
1325 2469 1356 2499 p.
1371 2457 1447 2491 315.

808 2501 923 2532 Minos
961 2511 1041 2533 vero
1082 2503 1117 2533 in
1160 2503 1247 2534 solio
1287 2503 1382 2535 sedet
1416 2508 1450 2535 et

810 2556 950 2577 aureum
966 2551 1134 2588 sceptrum
1151 2552 1273 2589 gestat,
1297 2552 1336 2579 ut
1359 2549 1448 2590 apud

808 2591 979 2623 Homer.
1005 2592 1128 2634 Odyss.
1153 2593 1212 2624 XI.
1238 2603 1268 2624 v.
1295 2592 1361 2626 567
1378 2604 1449 2635 seq.

809 2637 935 2667 Totum
959 2636 1051 2670 hunc
1079 2638 1193 2670 locum
1219 2638 1447 2670 Heindorf.

810 2680 853 2712 ab
870 2681 984 2714 aliena
999 2693 1103 2715 manu
1124 2683 1277 2715 additum
1302 2685 1449 2724 censuit,

808 2727 1015 2760 assentiente
1059 2729 1188 2761 Astio
1200 2754 1208 2769 ,
1255 2730 1311 2762 cui
1357 2734 1448 2765 reete
