1687 2969
772 138 814 142 —
887 117 1006 156 cxxn
1079 138 1120 142 —

271 229 454 340 litteri‘ss)
474 229 812 285 perscriberetur
851 236 894 271 et
931 230 975 273 in
1014 230 1231 287 publicam
1274 230 1413 272 lucem
1452 230 1617 273 emitte-

270 292 389 328 retur
461 317 469 326 .

383 364 508 418 Quae
539 364 711 420 quidem
742 366 885 407 omnia
914 366 996 408 etsi
1027 365 1140 408 ultro
1163 366 1346 408 fatemur
1365 366 1470 410 satis
1493 372 1618 409 acute

273 436 368 464 esse
399 422 709 476 animadversa,
741 428 886 464 tamen
909 421 1059 464 eadem
1082 437 1307 464 censemus
1330 423 1502 465 minime
1527 439 1619 465 eam

270 479 357 520 vim
387 479 545 520 habere
577 477 729 533 videri,
762 484 810 520 ut
840 478 1088 521 Phaedrum
1119 479 1319 521 evincant
1345 480 1464 521 nullo
1490 480 1618 522 modo

273 535 449 592 Olymp.
478 534 697 577 XCVIII.
729 535 858 578 scribi
886 536 1094 591 potuisse.
1155 536 1224 577 De
1256 551 1341 591 qua
1370 551 1414 578 re
1449 551 1500 578 eo
1531 552 1620 578 ma-

271 593 337 649 gis
377 592 543 634 iuvabit
583 592 860 648 exposuisse,
910 592 1027 647 quod
1074 592 1157 634 hac
1192 593 1289 648 ipsa
1326 592 1618 649 disputatione

271 649 398 691 etiam
428 648 615 691 Pha-edri
647 649 934 705 intelligentia
962 649 1060 705 plus
1090 665 1178 690 una
1208 664 1259 690 ex
1289 657 1411 705 parte
1454 650 1619 692 iuvabi-

270 712 353 748 tur.
418 704 549 759 Quod
580 706 714 762 igitur
741 705 892 748 dicunt
923 706 1004 747 viri
1034 705 1327 761 eruditissimi,
1360 706 1619 763 sophisticas

269 769 437 804 tantum
468 762 631 818 Lysiae
662 762 992 804 declamationes
1032 763 1077 804 in
1119 762 1319 805 Phaedro
1360 764 1516 819 respici
1556 769 1620 805 at-

271 834 355 874 que
391 820 585 860 examine
617 818 891 875 diligentiore
923 817 1161 875 explorari,
1204 819 1248 860 in
1292 836 1342 862 eo
1380 821 1530 862 saltem
1568 835 1620 862 ex

271 882 396 931 parte
428 874 589 917 iudicio
623 891 701 917 suo
732 875 828 917 falsi
860 881 982 928 sunt,
1024 875 1239 930 siquidem
1270 883 1533 918 censuerunt
1561 877 1620 919 ci-

271 933 420 974 vilium
449 931 613 989 Lysiae
644 932 886 973 orationum
916 931 1077 973 nullam
1112 932 1243 988 plane·
1282 932 1483 974 iniectam
1524 948 1620 975 esse

270 989 545 1031 mentionem.
627 988 752 1042 Quae
793 989 938 1045 opinio
977 1003 1153 1044 prorsus
1199 1004 1225 1030 a
1262 1004 1366 1031 vero
1404 989 1619 1032 abhorret.

270 1045 532 1102 Tanguntur
562 1047 674 1087 enim
706 1045 929 1088 clarissimi
959 1046 1142 1087 rhetoris
1185 1046 1400 1089 orationes
1440 1046 1620 1088 iudicia-

269 1101 330 1144 les
374 1103 601 1144 manifesto
640 1119 681 1158 p.
721 1103 816 1143 257.
859 1101 909 1144 C.
948 1103 1023 1144 ubi
1069 1102 1139 1144 ille
1176 1110 1376 1145 narratur
1417 1119 1559 1158 nuper
1597 1119 1622 1145 a

269 1160 361 1201 viro
395 1159 582 1214 quodam
614 1158 729 1200 civili
758 1166 977 1214 tamquam
1008 1160 1192 1215 scriptor
1223 1160 1465 1201 orationum
1486 1175 1520 1201 s.
1552 1163 1620 1202 λο-

268 1217 501 1273 γογράφος
518 1215 728 1258 malitiose
742 1222 952 1258 tractatus
972 1216 1304 1271 petulanterque
1325 1216 1490 1259 derisus
1511 1231 1619 1259 esse.

268 1272 343 1315 Ad
387 1288 512 1329 quem
552 1273 694 1314 locum
734 1272 979 1316 Scholiasta
1018 1271 1352 1329 prudentissime
1397 1273 1622 1316 adnotavit

269 1330 399 1373 haec:
440 1330 543 1379 τοὺς
577 1334 642 1372 ἐπὶ
674 1332 831 1385 μισθῷ
866 1329 1022 1385 (λέγει)
1055 1328 1211 1384 λόγους
1239 1329 1500 1388 γράφοντας
1530 1334 1623 1373 καὶ

270 1386 711 1440 πιπράσκοντας
755 1384 962 1436 αὐτοὺς
1016 1391 1092 1436 εἰς
1146 1385 1208 1428 τὰ
1265 1387 1620 1443 δικαστήρια,

270 1443 402 1498 Quod
439 1459 540 1486 vere
581 1441 925 1486 animadversum
965 1458 1082 1497 esse,
1133 1449 1247 1485 certe
1287 1458 1412 1486 nemo
1460 1448 1620 1486 temere

268 1502 515 1559 negaverit,
549 1501 622 1555 qui
655 1501 870 1543 orationes
902 1500 1063 1556 Lysiae
1094 1500 1351 1556 sophisticas
1382 1499 1546 1543 homini
1576 1501 1620 1542 in

269 1559 490 1615 republica
519 1563 691 1599 versato
722 1558 831 1599 bene
862 1556 1142 1612 perpenderit
1160 1572 1247 1598 non
1277 1557 1402 1599 facile
1424 1558 1620 1614 potuisse

269 1615 538 1657 stomachum
582 1629 776 1669 movere,
808 1614 1033 1655 iudiciales
1074 1614 1281 1670 potuisse.
1350 1615 1521 1671 Nempe
1563 1614 1620 1657 si-

271 1672 497 1729 gnificavit
517 1671 642 1713 Plato
674 1671 734 1713 ibi
765 1687 841 1728 per
871 1671 1144 1713 occasionem
1169 1670 1460 1725 callidissime,
1495 1670 1621 1726 quid-

269 1745 368 1770 nam
401 1728 574 1771 omnino
619 1727 671 1769 de
703 1727 858 1770 studiis
891 1730 976 1769 τῶν
1007 1727 1304 1784 λογογράφων
1353 1728 1517 1783 pariter
1555 1733 1620 1769 at·
1650 1737 1653 1741 ’

271 1801 354 1841 quc
388 1786 574 1828 virorum
608 1785 825 1838 civilium,
872 1783 1125 1840 plerumque
1158 1799 1253 1825 curn
1284 1784 1401 1825 inani
1429 1785 1620 1825 vanitate

272 1848 315 1884 et
344 1842 547 1898 superbia
579 1841 846 1895 coniunctis,
890 1841 1081 1882 sentiret.
1156 1840 1311 1895 Neque
1359 1841 1534 1883 omnino
1575 1841 1619 1882 in

270 1899 472 1940 Phaedro
504 1898 623 1939 nulla
654 1897 826 1939 ducitur
855 1897 1070 1939 iudicialis
1102 1896 1372 1952 eloquentiae
1401 1898 1536 1951 ratio,
1576 1896 1622 1938 id

275 1955 392 2011 quod
430 1954 499 1997 vel
537 1954 754 2010 intelligas
798 1969 850 1995 ex
886 1970 927 2010 p.
975 1955 1068 1994 161.
1121 1954 1179 1995 D.
1242 1954 1295 1996 E.
1379 1953 1472 1996 Iam
1518 1969 1622 1996 vero

273 2012 391 2068 quod
429 2012 510 2054 viri
552 2010 789 2053 doctissimi
838 2026 968 2066 porro
1006 2010 1064 2051 ita
1103 2016 1321 2061 statuunt,
1371 2017 1420 2053 ut
1461 2027 1512 2053 ex
1553 2026 1619 2065 eo,

273 2069 391 2124 quod
420 2084 507 2110 una
537 2067 895 2110 declamationum
925 2066 1257 2123 sophisticarum
1279 2068 1454 2124 scriptio
1483 2084 1507 2108 a
1529 2067 1620 2124 Ly-

274 2127 338 2168 sia
365 2126 562 2168 factitata
595 2125 786 2180 carpitur
808 2129 851 2165 et
868 2124 1215 2179 reprehenditur,
1248 2124 1492 2166 necessario
1518 2139 1620 2165 con-

272 2184 395 2238 sequi
425 2188 603 2239 putent,
649 2180 897 2223 Phaedrum
939 2187 1037 2222 ant'c
1078 2180 1252 2237 Olymp.
1292 2180 1462 2222 XCIV.
1507 2183 1542 2222 1.
1575 2181 1619 2222 in

271 2240 436 2282 litteras
464 2240 646 2281 relatum
686 2253 804 2292 esse,
845 2253 898 2278 ne
938 2236 1044 2279 hacc
1085 2237 1256 2292 quidem
1294 2238 1485 2293 ipsorum
1524 2252 1620 2279 sen-

270 2297 408 2338 tentia
446 2297 506 2338 ita
546 2301 793 2351 comparata
833 2301 921 2349 est,
972 2301 1021 2335 ut
1060 2294 1502 2350 omnino'probanda
1549 2294 1618 2348 sit,

271 2353 444 2395 minime
477 2352 665 2395 omnium
698 2358 839 2394 autem
869 2351 914 2392 id
945 2351 1116 2393 efficere
1154 2350 1352 2405 videtur,
1394 2358 1442 2393 ut
1480 2351 1621 2393 Phae-

339 2590 375 2630 *)
408 2599 436 2620 v.
479 2587 866 2622 semem-manner.
907 2587 1018 2621 Praef.
1059 2587 1099 2619 ad
1145 2580 1289 2619 Pha‘mlr.
1337 2599 1368 2630 p.
1409 2587 1462 2621 713.
1498 2587 1548 2618 cd.
1589 2588 1619 2620 2.

411 2634 599 2711 lirische.
631 2634 738 2667 {sebe-r
765 2635 903 2668 Platons
929 2634 1104 2667 Phaedrus
1135 2645 1165 2676 p.
1191 2635 1245 2668 ¹29,
1274 2645 1345 2676 sqq.
1375 2639 1406 2666 et
1435 2633 1512 2667 133.
1544 2644 1620 2675 sqq.

408 2691 425 2711 a
444 2708 447 2713 .
