1687 2969
364 142 612 184 PHAED
627 141 718 184 RU
733 140 776 184 S.
810 141 858 182 P.
889 143 967 183 275
1002 140 1064 184 St.

38 278 142 310 τους
194 264 417 314 γενέσθαι.

1311 142 1390 181 207

487 269 578 311 τοῖς
619 262 698 313 μὲν
745 251 825 302 οὖν
869 256 988 308 τότε,
1045 258 1121 302 ἅτε
1171 257 1249 301 οὐκ
1296 252 1395 302 οὖσι.

40 336 206 386 σοφοῖς,
243 324 381 382 ὥςπερ
417 327 538 383 ὑμεῖς
581 332 621 370 οὶ
668 329 784 379 νέοι,
834 324 1001 380 ἀπέχρη
1046 324 1177 381 δρυὸς
1213 328 1283 369 καὶ
1323 332 1396 369 πὲ-

39 411 148 450 τρας
181 393 359 438 ἀκούειν
395 394 468 438 ὑπ’
511 395 735 447 εὐηθείας,
766 398 801 435 εὶ
835 392 976 448 μόνον
1011 392 1170 445 ἀληθῆ
1207 396 1392 447 λέγοιεν·

38 465 108 505 σοὶ
144 460 183 506 δ’
226 462 327 513 ἰ’σως
363 464 580 521 διαφέρει,
628 464 690 511 τίς
726 458 748 503 ὁ
786 463 919 514 λέγων
956 462 1029 502 καὶ
1065 460 1292 511 ποδαπός-ς
1342 459 1393 503 οὐ
1436 468 1471 509 (ᾗ)

37 528 123 586 γὰρ
159 535 294 573 ἐκεῖνο
328 529 468 585 μόνον
504 537 688 578 σκοπεῖς,
725 526 817 570 εἴθ’
850 525 990 577 οὕτως
1024 528 1106 570 εἴτε
1139 525 1279 577 ἄλλως
1300 532 1394 583 ἔχει.

146 599 278 640 ΨΑΙ.

343 595 411 651 ’ορ
418 598 488 639 θῶ
493 615 514 646 ς
559 595 799 647 ἐπέπληξας
813 611 821 618 ·

880 598 953 637 καί
1000 613 1077 648 μοι
1132 598 1248 638 δοκεῖ
1298 597 1394 651 περὶ

37 662 309 720 γραμμάτων
345 668 453 719 ἔχειν
487 658 594 723 ᾗπερ
629 662 651 706 ὁ
690 664 886 716 Θηβαῖος
920 664 1041 714 λέγει.

139 727 250 790 Cap.
294 728 396 773 LX.

475 731 581 773 ΣΩ.
655 729 829 773 Οὐκοῦν
866 727 888 772 ὁ
926 735 1078 784 τέχνην
1116 727 1318 782 οἰόμενος
1351 733 1397 770 ἐν

37 796 264 853 γράμμασι
299 801 556 840 καταλιπεῖν
591 800 664 840 καὶ
703 790 759 838 αὖ
797 795 820 839 ὁ
857 796 1224 852 παραῦεχόμενος,
1263 794 1325 845 ιῖἷς
1356 813 1397 837 τι

38 867 177 924 σαφὲς
225 867 297 907 καὶ
343 867 526 921 βεβαιον
574 871 618 907 ὲκ
653 863 925 919 γραμμάτων
971 864 1197 918 ἐσόμενον,
1234 865 1398 915 πολλῆς

38 930 96 974 ἂν
119 931 331 984 εὐηθείας
355 938 474 988 γέμοι
516 935 588 975 καὶ
613 934 673 987 τῷ
698 929 795 975 ὄντι
832 928 1155 986 τῆν”Λμμωνος
1185 934 1398 986 μαντείαν

38 999 208 1054 ἀγνοοῖ,
242 1002 372 1043 πλέον
422 1017 463 1042 τι
499 999 700 1055 οἰόμενος
734 996 842 1041 εἶναι
885 996 1043 1052 λόγους
1077 1004 1400 1054 γεγραμμένους
1430 1002 1474 1042 Γ)

40 1129 113 1162 iibri
140 1133 266 1162 tenent.
304 1130 386 1162 Mox
411 1132 538 1172 ἔφησαν
551 1131 667 1172 optimi
696 1140 758 1172 pro
780 1140 810 1160 v.
833 1130 969 1171 ἔφασαν.
1002 1129 1166 1161 Nimirum
1196 1131 1322 1170 ἔφησαν
1337 1139 1397 1161 ao-

39 1176 141 1207 ristus
168 1180 240 1209 est:
267 1186 341 1207 ass
357 1182 606 1217 everarnnt3
641 1177 683 1208 de
707 1176 799 1208 cuins
826 1186 890 1208 usu
923 1186 952 1209 v.
994 1175 1158 1207 Matthiae
1192 1176 1252 1209 Gr.
1284 1177 1399 1217 Ampl.

39 1223 67 1263 §.
92 1221 171 1255 215.
197 1221 228 1254 2.
257 1223 333 1256 coli.
362 1222 489 1254 Buttm.
514 1223 575 1256 Gr.
604 1223 712 1264 Ampi.
743 1222 814 1254 vol.
844 1222 867 1253 1.
896 1233 927 1263 p.
954 1220 1034 1255 543.
1063 1221 1116 1255 ed.
1140 1221 1172 1254 2.

129 1265 266 1310 ὥςπερ
293 1265 424 1310 ὑμεῖς
450 1271 490 1301 οἱ
516 1269 623 1312 νέοι]
652 1267 834 1301 Heindorf.
860 1268 946 1300 coni.
967 1266 1074 1309 ἡμεῖς.
1126 1267 1195 1299 Sed
1222 1267 1312 1299 ridet
1332 1267 1400 1298 So-

39 1319 151 1346 crates
186 1314 218 1345 in
252 1314 445 1347 universum
483 1325 600 1347 ranam
635 1315 826 1356 aequalium
859 1314 1072 1355 sapientiam.
1122 1314 1250 1345 Deerat
1284 1317 1398 1345 autem

39 1361 140 1402 vulgo
167 1364 244 1392 ante
272 1360 314 1392 Οἱ
339 1362 376 1392 δέ
397 1373 433 1402 γε
460 1371 583 1392 nomen
610 1361 776 1393 Socratis.

129 1406 195 1437 σοὶ
226 1405 258 1437 δ’
301 1410 404 1443 ἴσως
441 1407 668 1449 διαφέρει]
719 1405 751 1437 δ’
779 1407 856 1441 ἴσως
891 1416 959 1437 om.
991 1404 1087 1437 bodl.
1116 1403 1401 1438 AIJDHNOPT.

41 1450 138 1483 vind.
164 1450 196 1484 4.
223 1451 305 1484 Flor
341 1453 372 1487 9.

130 1498 169 1530 C.
203 1498 365 1539 πολλῆς
389 1498 437 1531 ἄν
463 1498 678 1541 εὐηθείας
709 1497 860 1541 γίμοι]

649 1558 682 1575 a.
730 1543 820 1575 Tum
845 1544 939 1585 γέμει
967 1542 1132 1584 praebent
1164 1542 1260 1574 Parr.
1295 1540 1400 1572 DNP.

38 1541 145 1577 NOP.
169 1542 261 1578 Flor.
286 1554 323 1586 g.
349 1545 378 1577 h.
409 1545 506 1577 Vind.
531 1544 562 1577 4.
589 1546 620 1578 7.

40 1588 140 1624 vind.
171 1588 204 1624 4.
237 1590 269 1623 7.
302 1603 335 1624 α.
368 1591 460 1623 Flor.
495 1602 526 1631 g.

905 1496 1004 1528 Bodi.
1031 1495 1071 1526 ἂν
1097 1505 1165 1527 om.
1192 1505 1269 1527 cum
1299 1493 1401 1526 ΔΠΙ)

562 1589 590 1624 h.
626 1591 696 1622 Pro
730 1592 821 1629 vuig.
856 1587 973 1630 ἀγνοεῖ
1005 1599 1023 1620 e
1060 1588 1157 1620 Bodi.
1186 1585 1400 1620 ΓΔΠΒΟΗ.

40 1633 133 1667 Flor.
160 1646 189 1669 a.
217 1647 246 1670 c.
273 1637 313 1668 θ.
342 1636 436 1670 vind.
464 1636 487 1670 1.
506 1630 631 1679 ’ἀγνοοῖ
656 1636 862 1677 recepimus.

39 1746 301 1790 ἀγενεαλόγητοι
333 1754 412 1781 sunt
437 1759 548 1790 neque
581 1749 685 1791 origi—

40 1803 115 1826 nem
143 1793 322 1827 humanam
356 1794 479 1828 habere
517 1794 684 1834 videntur,

39 1843 77 1870 ut
110 1839 237 1884 Odyss.
277 1840 370 1875 ΧΙΧ.
416 1840 491 1875 163.
535 1841 684 1882 Virgii.

41 1888 125 1919 Aen.
143 1886 234 1920 Vm.
253 1887 331 1922 315.
353 1888 421 1919 luv
436 1887 540 1920 enal.
560 1887 614 1920 vl.
633 1888 684 1920 11.

39 1933 117 1966 coll.
144 1932 403 1965 Boissonad.
437 1933 478 1964 ad
503 1933 611 1966 Nicet.
642 1932 684 1966 T.

37 1977 78 2009 11.
109 1988 140 2020 ρ.
166 1978 221 2012 77.
238 1989 286 2019 sq.
304 1980 380 2012 con.
402 1978 515 2012 Schol.
536 1979 577 2010 ad
596 1979 684 2013 Plat.

39 2023 176 2066 Rempi.
204 2024 293 2058 Vlll.
319 2024 396 2058 544.
428 2025 467 2058 D.
504 2029 564 2057 aut
589 2025 686 2067 poni-

38 2073 94 2101 tur
129 2069 171 2102 de
201 2071 261 2111 iis,
303 2072 360 2112 qui
399 2071 532 2112 priscae
565 2072 686 2103 aetatis

39 2115 190 2148 referunt
221 2116 496 2159 simpiicitatem,
532 2122 568 2148 ut
600 2117 687 2149 inter

40 2159 194 2194 homines
216 2162 407 2204 primaevos
423 2161 620 2194 numerandi
638 2163 683 2194 vi·

39 2205 197 2246 deantur,
224 2212 261 2240 ut
284 2208 379 2242 Iliad.
401 2206 512 2242 XXII.
534 2207 605 2241 126.
631 2209 688 2240 ubi

41 2262 71 2285 v.
106 2252 302 2286 Eustath.
339 2253 426 2288 conf.
461 2253 605 2287 Barth.
645 2254 688 2286 ad

41 2298 128 2332 Stat.
171 2297 280 2333 Theb.
318 2299 377 2333 IX.
420 2299 498 2334 587.
546 2299 688 2332 Cerda

40 2343 83 2376 ad
111 2346 192 2376 Aen.
220 2345 308 2378 vm.
333 2345 410 2380 315.

87 2390 125 2424 C.
140 2388 299 2432 Ὀρθῶς
317 2391 581 2435 ἐπέπληξας]
598 2391 689 2434 &nst-

41 2434 204 2476 πλήττειν
235 2446 338 2477 saepe
369 2438 446 2478 poni
475 2439 527 2470 vel
570 2437 613 2469 de
639 2439 687 2470 le—

41 2482 137 2513 niore
148 2480 409 2523 reprehensione
423 2482 538 2515 docuit
551 2483 583 2515 H
600 2485 635 2515 ei
649 2493 687 2514 n-

42 2527 152 2561 dorf.
179 2527 221 2558 ad
247 2526 390 2561 Theaet.
411 2539 442 2569 p.
464 2529 538 2563 158.
559 2533 597 2563 A.
619 2529 687 2561 Ce-

41 2578 152 2606 terum
167 2583 346 2615 compares
357 2573 527 2607 Charmid.
554 2585 585 2616 p.
611 2575 686 2609 155.

45 2623 83 2651 A.
111 2618 245 2663 ὀρθῶς,
272 2619 352 2661 ἔφη,
388 2620 510 2661 λέγεις,
543 2621 602 2651 καὶ
626 2633 689 2651 κα-

44 2665 168 2708 λοῦμεν
193 2662 310 2698 αὐτόν.
333 2664 435 2712 ijp.
453 2665 533 2709 Mai.
556 2676 588 2708 p.
607 2666 686 2700 291.

46 2710 85 2744 Ι),
133 2709 221 2744 πάνυ
245 2713 306 2755 μὲν
329 2714 405 2751 οὐν,
428 2706 453 2743 ὦ
469 2710 596 2751 Ἱππία,
622 2711 688 2744 καὶ

753 1747 858 1783 καλῶς
870 1758 905 1787 γε
921 1750 979 1777 νῦν
1005 1744 1271 1787 ὑπολαμβάνεις.
1290 1745 1399 1786 Gorg.

753 1804 787 1836 p.
811 1792 889 1826 463.
916 1792 953 1825 C.
982 1793 1095 1833 ἐρωτῶ
1121 1790 1184 1833 δή,
1215 1791 1287 1822 καὶ
1315 1790 1406 1821 ἀπο-

752 1852 874 1880 κριναι.
901 1838 999 1871 Conf.
1025 1837 1105 1869 ibid.
1133 1849 1165 1879 p.
1191 1837 1268 1871 402.
1302 1837 1340 1869 Β.
1369 1848 1400 1879 p.

753 1885 831 1919 449.
858 1885 897 1918 C.
923 1885 1034 1926 Supra
1060 1895 1091 1925 p.
1106 1885 1184 1919 259.
1205 1884 1243 1917 C.
1257 1883 1400 1916 Theaet.

755 1943 787 1974 p.
816 1929 889 1965 161.
918 1930 957 1963 B.
978 1931 1086 1971 Legg.
1113 1930 1154 1963 11.
1194 1940 1225 1972 p.
1253 1929 1331 1963 655.
1362 1929 1401 1962 B.

800 1977 928 2019 n'ssae‘ov
953 1989 995 2007 τι
1012 1974 1294 2017 οἰο’μενος-]
1314 1979 1337 2005 Α
1353 1979 1404 2008 st.

753 2024 856 2055 πλέον
879 2021 967 2053 εἶναι
992 2032 1069 2064 pro
1085 2022 1217 2054 desse
1242 2021 1401 2063 explicat.

754 2069 827 2103 Nec
866 2073 980 2100 tamen
1026 2068 1122 2099 iocus
1164 2067 1245 2099 vitio
1285 2077 1402 2099 carere

755 2115 897 2147 videtur.
924 2113 1212 2145 Heindorfius
1237 2123 1298 2155 pro
1316 2111 1403 2143 εἶναι

757 2160 976 2193 desiderabat
1018 2160 1114 2198 ἔχειν.
1177 2159 1256 2190 Mihi
1292 2158 1404 2199 magis

757 2205 979 2243 satisfecerit,
1007 2204 1032 2234 si
1059 2204 1224 2246 scriptum
1251 2205 1402 2245 legatur:

755 2253 855 2284 πλέον
876 2263 911 2281 τι
935 2248 1096 2291 οἰόμενος
1122 2254 1232 2281 ποιεῖν
1257 2251 1327 2291 loy.
1350 2262 1404 2291 71¹-

756 2296 932 2330 Phaedon.
966 2306 998 2337 ρ.
1036 2296 1111 2330 115.
1146 2296 1184 2329 C.
1215 2295 1404 2338 βουλοίμην

755 2343 796 2375 ἂν
829 2342 926 2374 πλέον
961 2342 996 2372 τί
1024 2352 1065 2382 με
1100 2345 1242 2382 ποιῆσαι
1274 2341 1403 2373 ἀπολο-

755 2386 931 2433 γούμενον.
964 2387 1021 2418 ubi
1053 2396 1082 2420 v.
1110 2397 1184 2421 ann.
1224 2387 1404 2420 Sententia

758 2435 846 2468 enim
878 2433 924 2465 ita
962 2432 1044 2465 haec
1082 2431 1202 2468 fuerit:
1245 2432 1402 2466 existi-

755 2490 896 2518 mans,
952 2488 1180 2511 sermones
1230 2479 1405 2521 scripto

756 2525 989 2560 mandatos
1036 2526 1132 2566 plus
1186 2525 1401 2564 efficere,

755 2582 879 2614 quam
904 2574 949 2602 ut
975 2570 1192 2604 scientem
1211 2582 1262 2604 ea
1285 2581 1399 2603 com-

756 2616 1086 2656 monefaciant,
1143 2617 1194 2650 de
1243 2617 1409 2658 quibus

757 2664 969 2705 scriptum
1005 2661 1152 2697 fuerit.
1196 2662 1267 2696 Sed
1301 2670 1408 2704 penes

757 2710 840 2743 alios
866 2712 941 2741 esto
968 2707 1141 2742 iudicium.
