1687 2969
410 131 823 176 PHAEDRUS.
860 133 907 175 P.

943 134 1024 175 240
1055 132 1119 176 St.
1392 137 1440 176 (31

84 248 201 307 ὅμως
222 249 416 306 ἐπέμιξεν
453 248 480 303 «ἡ
502 247 634 309 φύσις
669 247 835 303 ἡδονήν
871 266 970 293 τινα
1014 250 1093 294 οὐκ
1126 247 1340 306 ἄμουσον.
1375 254 1449 295 καί

85 335 149 368 τις
186 320 367 375 ἑταίραν
403 315 463 368 ὡς
498 313 719 374 βλαβερὸν
754 316 923 376 ψέξειεν
958 313 1028 368 ἄν,
1066 320 1138 361 καὶ
1166 315 1279 361 ἄλλα
1303 315 1444 362 πολλὰ

83 387 172 427 τῶν
207 382 564 439 τοιουτοτρόπων
598 383 875 441 θρεμμάτων
910 400 954 427 τε
982 386 1055 427 καὶ
1079 383 1447 442 ἐπιτηδευμάτων,

84 451 150 502 οἷς
184 449 234 496 τό
270 468 316 506 γε
351 450 466 494 καθ’
507 450 675 508 ἡμέραν
710 449 953 503 ἡδίστοισιν
977 450 1088 494 εἶναι
1108 449 1308 508 ὑπάρχει.
1344 469 1448 496 παι-

84 521 221 570 δικοῖς
259 521 302 561 δὲ
341 515 528 573 ἐραστὴς
562 516 672 574 πρὸς
697 519 758 572 τῷ
780 519 983 574 βλαβερῷ
1022 521 1095 562 καὶ
1133 523 1191 568 εἰς
1229 517 1279 562 τὸ
1316 535 1448 572 συνη-
1493 522 1530 565 C

81 586 279 642 μερεύειν
315 583 496 628 πάντων
518 583 807 638 ἀηδέστατον.
845 583 975 637 ἥλικα
1005 583 1092 642 γάρ
1114 588 1187 628 καὶ
1209 584 1232 629 ὁ
1255 584 1447 637 παλαιὸς

82 651 218 707 λόγος
252 657 424 708 τέρπειν
457 650 538 696 τὸν
573 650 726 706 ηλινα·
766 649 792 704 ἡ
829 650 938 706 γάρ,
985 652 1119 708 οἶμαι,
1152 651 1319 710 χρόνου
1352 652 1444 697 ἰσό-

82 737 161 773 της
198 717 265 764 ἐπ’
311 719 409 770 ι’σας
442 717 610 772 ἡδονὰς
645 716 817 774 ἄγουσα
847 718 894 762 δι’
920 717 1164 775 ὁμοιότητα
1186 723 1340 779 φιλίαν
1359 737 1446 763 πα-

83 793 272 844 ρέχεται·
309 785 407 830 ἀλλ’
452 784 571 864 ὅμως
605 785 740 842 κόρον
775 802 821 840 2⁸
856 803 930 829 και
964 785 991 840 ἡ
1029 785 1198 830 τούτων
1234 791 1444 831 συνουσία

80 859 178 910 ἔχει.
213 856 286 898 καὶ
321 851 408 909 μὴν
441 853 491 897 τό
527 871 573 907 γε
609 852 858 908 άναγκαιον
903 846 961 896 αὗ
1006 852 1123 911 βαρὺ
1172 871 1305 898 παντι
1345 856 1444 910 περὶ

81 923 174 964 πᾶν
209 922 399 977 λέγεται·
441 918 463 964 ὃ
502 919 555 973 δὴ
591 919 703 977 πρὸς
738 922 790 981 τῇ
826 919 1118 977 άνομοιότητι
1135 919 1304 977 μάλιστ’
1344 926 1445 979 ἐρα-

82 985 188 1041 στὴς
219 985 330 1046 πρὸς
364 984 548 1031 παιδικά
586 992 679 1043 ἔχει.
708 990 899 1043 νεωτέρῳ
920 986 1006 1045 γὰρ
1030 987 1326 1045 πρεσβύτερος
1344 1004 1446 1032 συν-

82 1053 144 1098 ὠν
174 1052 284 1099 οὔθ’
327 1052 492 1112 ἡμέρας
530 1051 630 1099 οὕτε
669 1051 828 1105 νυκτὸς
863 1055 971 1098 ἑκών
1005 1054 1305 1107 ἀπολείπεται,
1340 1053 1440 1098 ἀλλ’

81 1120 157 1166 ὑπ’
196 1119 396 1178 ἀνάγκης
429 1139 474 1166 τε
507 1124 581 1166 καὶ
617 1121 796 1179 οἴστρου
817 1120 1060 1179 ἐλαύνεται,
1102 1121 1150 1174 ὃς
1185 1126 1331 1179 ἐκείνῳ
1364 1124 1446 1179 μὲν
1487 1132 1531 1175 D

172 1251 423 1294 ἡδίστοισιν
453 1252 572 1286 εἶναι
604 1251 696 1296 tim]
731 1252 845 1288 codd.—
879 1253 1009 1295 aliquot
1040 1252 1204 1294 ἡδΙσ-τοις.
1256 1253 1307 1286 De
1331 1253 1448 1286 Ionica

83 1299 138 1333 ilia
166 1299 358 1332 dativorum
384 1299 493 1332 forma
519 1310 583 1332 nec
608 1299 730 1332 Atticis
755 1300 914 1332 inusitata
943 1300 1166 1342 scriptoribus
1201 1310 1233 1334 v,
1259 1300 1379 1331 Astius
1405 1298 1448 1332 ad

83 1346 192 1387 Legg.
213 1356 244 1388 p.
267 1346 318 1378 11.
346 1345 513 1379 Matthiae
537 1346 599 1378 Gr.
621 1344 664 1379 T.
690 1345 716 1378 1.
739 1357 772 1388 p.
794 1345 868 1380 146.
887 1345 961 1380 150.
986 1345 1183 1380 Schneider.
1202 1345 1244 1378 ad
1260 1345 1447 1388 Rempubl.

79 1391 124 1425 T.
144 1392 167 1424 1.
189 1402 221 1434 ρ.
241 1389 320 1426 222.

175 1437 214 1471 C.
264 1435 369 1469 ἑκὼν
396 1436 668 1470 ἀπολείπεται
682 1436 714 1480 ι]
740 1437 781 1471 V.
807 1437 943 1470 inverso
970 1437 1087 1470 ordine
1111 1436 1334 1469 ἀπολείπεται
1356 1435 1450 1478 ἑκών,

84 1483 175 1526 quod
200 1482 358 1516 codicum
385 1483 591 1525 auctoritate
616 1488 783 1516 mutatum
813 1488 877 1518 est.

82 1573 311 1606 miliaritatem
358 1573 469 1614 illam,
518 1584 605 1615 quae
646 1574 734 1606 inter

85 1628 225 1662 puerum
260 1623 294 1651 et
325 1622 514 1651 amatorem
542 1619 732 1652 intercedit.

85 1668 228 1697 Amator
261 1664 350 1697 enim
381 1675 482 1706 quum
514 1665 643 1697 amasio
671 1676 732 1697 suo

83 1711 128 1743 sit
153 1710 353 1750 damnosus,
379 1714 449 1742 tum
478 1711 508 1743 ei
529 1711 631 1742 etiam
658 1721 733 1743 mo-

86 1756 292 1788 lestissimus
317 1756 363 1788 sit
392 1766 536 1789 necesse
562 1760 626 1797 est,
653 1767 733 1799 pro-

86 1806 205 1844 pterea
243 1802 334 1843 quod
375 1812 484 1844 neque
522 1802 551 1834 ei
582 1804 733 1844 aequalis

84 1851 139 1880 est
164 1851 229 1880 etc.

133 1915 171 1947 Β.
240 1915 366 1960 δεινῷ
403 1915 567 1958 θηρίῳ]
608 1915 732 1948 imitati

87 1965 165 1993 sunt
201 1960 426 1995 Plutarch.
461 1961 511 1993 De
537 1961 636 1996 discr.
667 1972 733 1994 am.

89 2010 123 2038 et
141 2006 395 2050 adu1.p.61.c.
415 2005 564 2039 Athen.
579 2007 621 2041 T,
639 2008 678 2040 11.
699 2018 733 2050 p.

86 2051 164 2086 474.
215 2052 327 2086 Etiam
347 2053 580 2094 loquutionem
607 2052 734 2094 ἡδονὴν

87 2097 149 2129 οὐκ
172 2096 325 2141 ἄμουσον
356 2108 422 2130 non
453 2099 552 2141 pauci
577 2098 732 2132 celebra-

87 2147 186 2182 runt,
226 2144 270 2176 de
312 2145 437 2186 quibus
477 2154 506 2178 v.
541 2144 733 2187 Wytten-

85 2187 205 2223 buch.
222 2189 286 2232 Ep.
309 2190 392 2224 Crit.
407 2201 438 2232 p.
455 2189 508 2224 14.
535 2194 569 2223 et
593 2189 734 2223 Ruhn-

88 2235 178 2267 ken.
203 2235 245 2267 ad
271 2235 360 2268 Tim.
385 2247 415 2278 p.
444 2235 475 2270 3.

133 2300 185 2333 ‘to‘
210 2314 252 2345 γε
276 2302 377 2336 καθ’
406 2302 582 2347 ἡμέραν]
609 2307 734 2336 certe

89 2347 262 2389 quidem
296 2349 338 2381 in
365 2350 498 2389 diem,
536 2348 599 2380 hoc
622 2353 675 2381 est
701 2350 735 2380 ἐν

88 2396 134 2436 τῷ
166 2395 380 2437 παραυτίκα
412 2400 449 2428 ut
479 2398 580 2427 antea
613 2396 734 2436 loque-

88 2439 197 2471 batur.

135 2482 244 2525 πρὸς
273 2487 329 2539 τῷ
364 2485 576 2531 βλαβεριῦ]
615 2487 674 2520 Sic
698 2499 732 2529 p.

88 2528 166 2564 240.
192 2529 231 2562 E.
266 2528 354 2574 πρὸς
386 2534 431 2575 τῷ
456 2546 501 2575 μη
527 2545 651 2576 avcunp
640 2532 732 2564 ἐπ’

88 2576 208 2617 αἴσχει.
235 2575 285 2608 De
311 2564 461 2619 Republ.
484 2577 527 2611 X.
548 2590 577 2621 p.
596 2578 672 2613 610.
692 2578 733 2610 Ε.

88 2620 150 2652 τὸν
175 2620 210 2653 δ’
239 2622 360 2662 ἔχοντα
390 2621 446 2653 καὶ
477 2622 569 2665 μάλα
596 2623 735 2662 ζωτικὸν

88 2669 326 2709 παρέχουσαν,
364 2667 420 2698 καὶ
442 2667 529 2710 πρός
553 2682 573 2710 γ
616 2670 665 2701 ἔτι
690 2673 736 2712 τῷ

90 2711 217 2755 ζωτικῳ
234 2712 421 2755 ἄγρυπνον,
446 2714 501 2746 ubi
526 2715 602 2747 vide
619 2720 733 2748 anilot.

849 1574 888 1606 C.
939 1573 1071 1615 ἥλικα
1096 1594 1140 1599 -
1171 1575 1343 1617 τέρπειν
1377 1585 1455 1605 τον

803 1619 951 1663 ἥλικα]
995 1620 1108 1653 Scito}
1147 1621 1278 1661 εἴρηται
1310 1621 1370 1661 μὲν
1402 1620 1454 1650 ἐν·

802 1679 865 1697 ται
855 1669 925 1697 θα
946 1669 990 1697 τῶ
1012 1665 1177 1698 Πλάτωιι
1201 1663 1327 1701 ου’ῑως·
1354 1663 1454 1704 ἥλικα

801 1711 866 1754 γὰρ
892 1711 946 1742 καὶ
973 1710 990 1742 ὁ
1019 1711 1100 1744 παλ
1090 1725 1145 1743 ιι
1130 1723 1168 1747 ιις
1191 1710 1294 1753 λόγος
1316 1713 1451 1752 τέρπειν

802 1771 864 1789 τον
900 1756 1016 1798 ἥλικα·
1057 1757 1096 1789 τὸ
1134 1757 1170 1788 δὲ
1202 1757 1330 1788 τέλειον
1361 1758 1448 1797 ἔχει·

802 1798 898 1844 ἧλιξ
925 1802 1054 1844 ἥλικα
1080 1805 1221 1845 τέρπε,
1247 1804 1380 1844 γέρων
1405 1802 1454 1835 δι’

800 1861 843 1881 τε
880 1861 1012 1892 ‘teque
1051 1851 1250 1891 νέρθΡῘα,
1292 1860 1335 1883 ως
1367 1860 1451 1891 φησι

799 1908 816 1926 κ
820 1894 856 1925 αὶ
902 1907 919 1926 0
965 1896 1120 1938 Ξενοφων
1163 1906 1260 1936 γῦρον
1264 1906 1449 1936 ῒθκϋΙμικα.

801 1941 1050 1981 proverbium
1093 1952 1111 1972 a
1149 1941 1263 1973 multis
1296 1941 1450 1972 illustra-

801 1990 885 2026 tum,
913 1987 1002 2029 apud
1024 1987 1206 2020 Platonem
1222 1986 1358 2028 saepius
1376 1995 1450 2017 me-

802 2036 977 2072 moratur.
1004 2037 1040 2065 ut
1065 2033 1227 2074 Sympos.
1254 2043 1284 2074 p.
1318 2031 1389 2066 195.
1410 2030 1448 2062 Β.

801 2078 910 2119 Gorg.
930 2089 961 2121 p.
976 2079 1054 2112 510.
1075 2079 1112 2110 B.
1133 2077 1249 2119 Lysid.
1269 2088 1301 2119 p.
1317 2076 1396 2110 214.
1412 2077 1451 2109 Α.

802 2123 886 2155 Mox
910 2124 1002 2165 quod
1028 2123 1127 2166 οἶμαι
1153 2124 1241 2155 inter
1267 2131 1390 2154 nomen
1417 2126 1451 2154 et

801 2169 980 2202 articulum
1014 2175 1069 2202 est
1092 2169 1329 2210 interpositum
1346 2192 1355 2206 ‚
1389 2177 1451 2199 eo-

802 2213 878 2246 dem
906 2215 1010 2247 modo
1037 2216 1088 2246 De
1106 2215 1194 2256 Rep.
1215 2214 1302 2247 vill.
1324 2224 1357 2256 p.
1372 2211 1450 2248 564.

802 2261 842 2294 A.
855 2260 1095 2294 568.C.P01it.
1110 2270 1140 2302 p.
1154 2259 1233 2293 300.
1248 2259 1285 2291 B.
1300 2261 1343 2293 al.

848 2305 1153 2348 κόρον-ἕχει]
1179 2316 1272 2337 cum
1298 2305 1450 2338 taedio

802 2353 1040 2384 coniuncta
1066 2356 1146 2384 est.
1171 2361 1202 2383 v.
1223 2350 1450 2384 Schuefer.

802 2396 844 2428 ad
859 2398 1006 2439 Gregor.
1023 2396 1173 2429 Corinth.
1193 2408 1224 2439 p.
1237 2396 1267 2430 4.
1279 2400 1313 2429 et
1330 2407 1361 2440 p.
1372 2396 1451 2431 985.

802 2442 916 2483 ibique
937 2443 966 2475 H
982 2453 1065 2476 erm
1077 2453 1167 2477 ann.
1185 2453 1217 2486 p.
1233 2441 1312 2477 863.

850 2487 917 2520 ὑπ’
968 2487 1156 2531 ἀνάγκης
1194 2500 1236 2520 τε
1274 2488 1346 2520 καὶ
1386 2490 1450 2521 οἵ-

803 2533 960 2576 στρου]
996 2533 1142 2577 Οἶστρος
1174 2538 1208 2567 et
1244 2533 1382 2576 οἰστρᾶν
1407 2533 1450 2567 de

803 2590 921 2612 amore
953 2583 987 2612 et
1022 2582 1112 2613 omni
1137 2579 1329 2612 vehementi
1352 2580 1451 2622 cupi-

804 2624 914 2658 ditate
939 2625 1063 2659 dictum
1086 2626 1267 2659 illustravit
1292 2630 1318 2657 A
1334 2626 1450 2657 stius

805 2670 846 2703 ad
863 2670 892 2702 h.
911 2672 928 2704 Ι.
946 2671 1033 2704 conf.
1059 2672 1160 2715 Reip.
1179 2670 1239 2705 IX.
1264 2682 1296 2714 p.
1313 2670 1394 2705 573.
1409 2675 1450 2704 A.

853 2716 893 2751 D.
926 2714 972 2755 ὃς
995 2718 1138 2761 ἐκείνῳ
1163 2717 1238 2760 μὲν
1261 2735 1305 2740 -—-
1332 2716 1448 2759 ἄγει]
