1687 2969
404 150 825 196 PHAEDRUS.
861 151 910 193 P.
944 154 1023 194 253
1057 151 1118 195 St.
1358 153 1433 193 121

84 276 224 330 ἔρωτα
271 277 488 328 μανέντος
534 272 665 330 φίλου
712 269 771 323 τῷ
816 269 1056 327 φιληθέντι
1101 271 1316 324 γίγνεται,
1362 264 1440 311 ἐὰν

86 341 278 401 αἱρεθῇ.’
301 337 526 382 ἁλίσκεται
560 340 604 380 δὲ
641 333 693 388 δὴ
730 333 753 378 ὁ
790 337 989 392 αἱρεθεὶς
1023 337 1176 390 τοιῷδε
1213 333 1373 392 τρόπῳ.

185 404 297 467 Cap.
323 403 555 449 XXXIV.
625 401 854 456 Καθάπερ
884 406 939 444 ’ἐν
973 401 1084 462 ἀρχῇ
1106 405 1233 446 τοῦδε
1261 404 1340 446 τοῦ
1361 401 1443 458 μύ-

85 477 181 517 θου
217 475 339 534 τριχῇ
375 472 596 527 διειλόμην
630 467 779 529 ψυχὴν
816 469 1023 522 ἑκάστην,
1059 468 1327 529 ἱππομόρᾳω
1363 472 1443 525 μὲν

89 539 166 584 δύο
204 542 293 584 τινὲ
329 540 433 592 εἴδη,
470 535 693 594 ἡνιοχικόν
732 539 775 579 δὲ
813 535 926 586 εἶδος
962 540 1123 591 τρίτον,
1159 538 1230 579 καὶ
1268 539 1346 579 νῦν
1383 540 1446 580 ἔτι
1484 546 1526 588 D

91 607 192 663 ἡμῖν
227 609 369 650 ταῦτα
402 613 575 662 μενέτω.
621 606 708 647 τῶν
744 606 787 646 ὄὲ
828 602 880 656 δὴ
918 607 1062 647 ἵππων
1100 601 1123 647 ὁ
1158 608 1250 658 με’ν,
1287 611 1447 662 φαμέν,

89 673 296 729 ἀγαθός,
332 672 354 717 ὁ
393 672 431 716 δ’
478 671 558 716 οὕ·
602 670 737 728 ἀρετὴ
776 673 819 713 ῦὲ
860 674 924 720 τίς
959 674 1038 714 τοῦ
1074 670 1264 724 ἀγαθοῦ
1302 669 1327 723 ἢ
1367 673 1446 714 τοῦ

91 744 228 786 κακοῦ
263 744 406 792 κακία,
443 738 495 783 οὐ
535 742 770 794 διείπομεν,
808 739 889 781 νῦν
910 740 952 781 δὲ
977 742 1161 781 λεκτέον.
1197 735 1219 780 ὁ
1247 739 1326 793 μὲν
1349 742 1449 781 τοί-

91 825 172 853 νυν
209 807 367 851 αὐτοῖν
403 813 448 851 ὲν
483 809 534 868 τῇ
575 809 772 850 καλλίονι
808 805 955 849 στασει
990 803 1049 849 ὢν
1085 803 1135 849 τό
1173 821 1216 847 τε
1241 804 1353 855 εἶδος
1374 804 1450 861 ὀρ-

91 874 183 928 θὸς
217 878 291 920 καὶ
326 877 670 933 διηρθρωμένος,
726 871 956 932 ὑψαύχην,
1000 877 1256 929 ὲπίγρυπος,
1300 870 1450 923 λευκὸς

96 1006 130 1039 δ’
158 1005 220 1049 ἐγὼ
239 1005 331 1048 λέγω.
360 1006 458 1039 Bodl.
476 1006 601 1047 aliique
626 1004 665 1046 ἢν
682 1005 712 1038 δ’
741 1004 804 1049 ἐγώ
822 1007 951 1038 omisso
968 1004 1072 1037 verbo
1090 1004 1181 1046 λέγω.
1208 1003 1292 1038 Ven.
1313 1004 1346 1034 Σ
1361 1014 1449 1037 corr.

98 1057 134 1086 et
159 1053 236 1085 Par.
262 1051 492 1085 CDHNOP
531 1055 572 1086 al.
608 1051 669 1093 ἐγὼ
705 1052 795 1094 λέγω.
844 1053 929 1084 Dein
958 1050 1054 1084 Bodl.
1080 1052 1248 1092 γίγνηται.
1299 1050 1368 1082 Pro
1395 1050 1451 1081 αἱ-

95 1101 186 1142 ρεθῇ
213 1103 247 1131 et
269 1099 422 1140 αἱρεθείς
454 1097 632 1132 Heindorf,
669 1099 818 1130 malebat
849 1097 978 1138 εὑρεθῇ
1013 1103 1047 1128 et
1071 1098 1248 1137 εὑρεθείς,
1286 1096 1452 1137 probante

96 1143 420 1177 Schleiermachem.
468 1144 531 1176 Cui
557 1145 746 1176 sententiae
774 1147 848 1176 Ast.
881 1144 925 1175 ita
951 1142 1172 1181 adversatur,
1208 1147 1245 1173 ut
1275 1142 1453 1185 αἱρεῖσθαι

97 1194 237 1223 moueat
262 1199 348 1222 nunc
373 1200 439 1221 non
465 1201 544 1222 esse
570 1190 680 1232 capi,
707 1189 766 1221 sed
795 1189 913 1231 eligi.
941 1190 1000 1220 sed
1027 1199 1057 1219 v,
1086 1192 1200 1221 annot.

190 1258 230 1292 l).
278 1257 348 1288 καὶ
373 1262 446 1289 νῦν
471 1259 534 1289 ἔτι
561 1256 662 1298 ἡμῖν
687 1272 700 1290 1
720 1262 830 1289 αὔτα
854 1257 911 1300 fn]

104 1314 180 1337 cum
211 1304 285 1337 Vat.
313 1307 347 1335 et
375 1304 454 1336 ven.
479 1303 515 1334 [Ι
541 1304 681 1345 habeut,
718 1310 751 1337 et
778 1305 905 1347 placuit
930 1305 1031 1336 etiam
1064 1302 1234 1334 Bekkero.

948 1257 986 1291 V.
1013 1255 1137 1289 ταύτά.

1187 1255 1271 1288 lllud
1299 1254 1460 1298 permulti

1284 1302 1368 1335 Mox
1393 1303 1459 1334 τοῦ

102 1356 182 1383 ante
206 1352 312 1381 κακοῦ
339 1352 438 1381 κακία
464 1361 506 1383 ex
532 1350 653 1383 Venet.
678 1351 711 1382 Σ
737 1356 770 1383 et
800 1351 874 1383 Vat.
899 1349 917 1384 b
943 1349 1070 1391 recepi.

101 1473 163 1507 per
196 1461 453 1495 redundantiam
486 1461 675 1503 quandam,
715 1462 747 1494 in

104 1521 146 1543 eo
172 1519 273 1541 nemo
297 1513 428 1540 temere
452 1507 614 1542 haerebit.
662 1508 748 1540 Fru-

102 1560 174 1589 stra
200 1553 457 1586 Winckelm.
490 1554 577 1586 coni.
604 1554 660 1585 καὶ
687 1552 749 1585 015—

103 1614 149 1633 τω
175 1600 327 1631 καλεῖται
350 1598 420 1631 nid.

149 1644 379 1677 ἁλίσκεται
416 1644 459 1676 δὲ
499 1643 544 1684 δὴ
579 1642 595 1676 ὁ
636 1645 750 1685 αἱρε-

105 1692 224 1735 θείς]
261 1691 393 1722 Dictum
428 1689 562 1722 videtur
586 1701 646 1732 per
671 1701 751 1732 pro-

105 1738 213 1780 lepsin
226 1736 407 1778 quandam.
421 1736 515 1767 cuius
529 1736 616 1768 aliud
635 1747 750 1768 exem-

106 1786 198 1827 plum
236 1781 538 1814 Schneiderus
572 1782 613 1813 ad
650 1782 751 1823 Reip.

108 1830 180 1863 Vll.
202 1839 234 1871 p.
252 1827 327 1861 526.
350 1828 385 1861 Β.
413 1828 529 1860 affert:
559 1827 665 1869 Legg.
691 1827 749 1862 IX.

104 1887 138 1919 p.
160 1875 237 1911 369.
259 1877 298 1908 A.
333 1874 475 1906 Rectius
501 1878 610 1906 tamen
638 1874 752 1905 Asti-

105 1932 156 1954 us
189 1920 346 1964 αἱρεθεὶς
385 1919 627 1961 interpretatur
665 1920 752 1951 ele-

107 1973 228 2006 ctus,
259 1967 279 2000 i.
310 1977 340 2000 e.
373 1966 447 1997 der
479 1964 750 2003 Erkohrene,·

110 2013 154 2047 de
179 2023 247 2054 quo
281 2012 359 2045 vide
383 2012 534 2053 inprimis
560 2022 592 2054 p.
618 2012 697 2045 255.
722 2014 750 2044 A

154 2101 427 2147 ἱππομόρφω
453 2104 526 2144 μὲν
550 2101 613 2145 -]
641 2104 752 2134 Accu-

111 2150 239 2182 sativus
279 2154 358 2192 post
400 2148 571 2180 dividendi
613 2149 752 2181 verbum

113 2195 156 2227 de
188 2206 284 2228 more
318 2194 479 2234 infertur,
523 2199 560 2226 ut
599 2204 665 2226 non
710 2195 754 2226 sit

113 2251 198 2282 opus
244 2240 499 2284 praepositione
544 2239 598 2275 εἰς.
639 2250 670 2273 v.
711 2239 753 2271 ad

114 2286 244 2319 Phileb.
276 2298 307 2329 p.
332 2288 386 2321 60.
419 2291 453 2319 et
484 2296 574 2327 quae
606 2285 756 2317 laudavit

115 2332 140 2363 S
154 2342 172 2363 c.
187 2331 348 2366 haet'er.
369 2331 409 2364 ad
428 2332 602 2365 Lambert.
623 2333 701 2365 nos.
723 2342 754 2373 p.

115 2376 194 2410 6³3.
241 2378 309 2410 Pro
326 2377 505 2420 διειλόμην
522 2388 603 2410 vero
630 2378 756 2410 Heiu⁴

117 2421 222 2457 dorf.
247 2423 439 2464 requirebat
462 2423 646 2465 διείλομεν,
672 2433 757 2464 quo-

116 2469 207 2500 niam
233 2468 391 2510 deinceps
422 2479 582 2501 numerus
609 2471 756 2501 multitu-

117 2513 203 2546 dinis
228 2514 259 2545 in
285 2515 402 2546 eadem
421 2525 456 2546 re
475 2515 619 2557 ponitur.
648 2515 756 2547 Etiam

119 2559 300 2592 Ficinus
344 2560 459 2592 vertit:
507 2561 758 2593 divisimus.

119 2605 188 2638 Sed
225 2605 298 2637 libri
330 2615 411 2638 mss,
444 2615 517 2637 cum
550 2613 632 2640 vett.
667 2607 760 2638 editt.

119 2656 316 2683 constanter
349 2655 486 2682 tuentur
510 2653 682 2693 vulgatam
711 2653 760 2683 le-

118 2699 277 2730 ctionem.
337 2696 409 2728 Nec
458 2707 538 2729 vero
584 2698 761 2730 διελέσθαι

119 2745 228 2775 miuus
264 2743 426 2776 usitatum
465 2742 524 2774 suit
556 2753 656 2784 quam
692 2744 761 2775 διε-

817 1462 904 1502 λεῖν,
929 1472 1027 1504 quam
1054 1461 1086 1493 in
1107 1471 1178 1493 rem
1208 1463 1294 1493 Ast.
1321 1469 1462 1502 compa-

816 1513 868 1541 rat
894 1507 1037 1541 Phaedr.
1057 1518 1089 1549 p.
1108 1507 1187 1540 265.
1210 1506 1247 1538 B.
1272 1517 1303 1548 p.
1319 1505 1397 1539 270.
1421 1505 1460 1538 Β.

817 1554 991 1586 Phaedon.
1011 1554 1108 1595 p.99.
1121 1554 1158 1585 B.
1174 1551 1315 1584 Theaet.
1334 1562 1365 1593 p.
1384 1550 1461 1585 181.

818 1600 856 1632 D.
887 1599 960 1634 182.
997 1600 1036 1631 C.
1070 1597 1222 1640 Sophist.
1256 1608 1288 1639 p.
1312 1597 1391 1631 217.
1418 1599 1458 1629 A.

821 1657 852 1688 p.
879 1645 956 1679 2¹9.
985 1645 1023 1678 E.
1051 1656 1082 1687 p.
1101 1643 1181 1678 220.
1208 1644 1246 1677 B.
1273 1654 1304 1685 p.
1324 1642 1402 1676 248.
1422 1645 1461 1677 A.

820 1703 851 1733 p.
877 1690 954 1725 264.
982 1691 1019 1724 C.
1054 1691 1095 1722 al.
1159 1690 1330 1723 Quocirca
1375 1698 1462 1720 unus

819 1738 874 1769 ille
899 1738 1077 1778 scrupulus
1103 1735 1243 1773 residet,
1269 1745 1368 1776 quem
1397 1745 1460 1766 nu-

821 1793 990 1815 merorum
1029 1782 1136 1814 iniicit
1173 1781 1327 1813 variatio.
1389 1780 1460 1813 Nec

820 1834 935 1861 tamen
968 1829 995 1860 is
1022 1832 1074 1859 est
1100 1827 1285 1866 eiusmodi,
1325 1830 1363 1858 ut
1394 1836 1459 1858 nou

819 1880 921 1917 queat
934 1874 1035 1906 eximi
1048 1873 1337 1906 commodissime.
1351 1873 1461 1914 Quip-

820 1931 863 1963 pe
892 1920 1056 1952 Socrates
1080 1929 1179 1961 quum
1206 1918 1329 1950 deinde
1344 1918 1460 1958 addat,

818 1968 875 1997 καὶ
909 1969 969 1997 νῖν
1001 1967 1049 1997 ἔτι
1075 1965 1156 2007 ἡμῖν
1180 1967 1292 1996 ’ταῦτα
1319 1967 1460 2004 μενέτω,

817 2013 882 2046 iam
910 2012 1068 2054 deinceps
1095 2016 1188 2044 recte
1213 2011 1326 2053 potuit
1350 2010 1464 2042 dicere

819 2059 934 2101 plurali
961 2068 1103 2090 numero
1134 2060 1244 2098 φαμέν
1269 2061 1304 2088 et
1328 2057 1460 2088 διείπο-

818 2116 897 2148 μεν,
934 2104 1066 2136 etiamsi
1107 2108 1210 2135 antea
1247 2102 1289 2134 de
1321 2113 1358 2134 se
1396 2111 1463 2133 uno

821 2155 895 2183 erat
918 2151 1062 2182 locutus.

868 2196 908 2229 D.
943 2194 992 2226 τό
1019 2206 1061 2226 τε
1088 2194 1200 2230 εἶδος
1227 2191 1367 2232 ὀρθὸς
1393 2192 1466 2223 καὶ

823 2240 991 2283 ‹imp-9]
1036 2240 1130 2272 Haec
1169 2250 1233 2271 uon
1273 2239 1466 2270 dubitamus

824 2288 901 2328 quin
936 2297 954 2318 e
987 2285 1270 2329 physiognomicis
1313 2290 1466 2316 veterum

825 2335 1036 2365 Graecorum
1055 2331 1184 2373 placitis
1207 2332 1274 2362 sint
1298 2331 1469 2363 illustran-

827 2379 879 2412 da.
934 2377 970 2409 ln
1013 2387 1080 2418 quo
1123 2382 1239 2409 tamen
1281 2375 1468 2409 tenendum

826 2424 1017 2456 universam
1069 2422 1153 2455 hanc
1202 2422 1469 2464 descriptionem

826 2471 869 2502 ita
909 2479 985 2500 esse
1017 2469 1265 2510 compositam,
1301 2473 1336 2499 ut
1368 2469 1469 2500 simul

827 2515 916 2547 varia
952 2514 1120 2547 hominum
1157 2514 1380 2557 depingantur
1420 2515 1471 2546 in-

827 2561 935 2602 genia.
984 2561 1019 2592 ln
1045 2571 1110 2602 quo
1135 2571 1254 2602 magna
1283 2559 1470 2602 philosophi

828 2617 881 2638 ars
907 2611 1008 2647 atque
1032 2607 1181 2639 sollertia
1200 2608 1356 2639 cernitur.
1384 2607 1471 2637 Cum

828 2653 994 2694 prioribus
1030 2653 1218 2684 contendas
1250 2652 1470 2690 Pelagoniam

828 2699 859 2729 in
886 2698 1093 2740 Geopouicis
1111 2698 1152 2732 T.
1174 2698 1229 2731 lv.
1247 2709 1279 2739 p.
1303 2697 1401 2730 1109.
1418 2696 1471 2730 ed.

829 2744 961 2785 Nicias,
999 2745 1054 2785 qui
1083 2744 1160 2776 boni
1188 2743 1264 2785 equi
1290 2748 1387 2775 notas
1412 2742 1470 2774 has
