1687 2969
252 120 277 161 8
739 113 1126 159 PLATONIS

198 284 201 288 ,
254 232 511 285 δεινότατος
545 230 607 277 ὢν
641 236 729 293 τῶν
764 235 847 277 νῦν
871 232 1073 293 γράφειν,
1109 231 1252 273 ταῦτα
1287 228 1463 284 ἰδιώτην
1498 228 1606 275 ὄντα

253 297 662 359 ἀπομνημονεύσειν
696 299 826 354 ἀξίως
860 303 1053 352 ἐκείνους
1095 298 1262 342 πολλοῦ
1301 313 1348 352 γε
1383 299 1476 340 δέω.
1515 302 1608 342 καί-

255 387 327 414 τοι
361 366 610 426 ἐβουλόμην
645 366 684 424 y’
725 366 783 412 ἂν
812 369 985 425 μᾶλλον
1021 362 1047 419 ἥ
1081 382 1158 422 μοι
1194 361 1306 408 πολὺ
1327 368 1506 422 χρυσίον
1539 382 1609 421 γε·

255 439 432 483 νεῖσθαι.

355 501 469 565 Cap.
517 500 579 546 II.

347 679 389 715 P.
413 679 492 715 228.
541 681 581 712 A.

636 499 769 548 'Est
832 495 893 544 Ὠ
943 501 1133 557 Φαῖδρε,

1195 503 1231 542 εὶ
1276 496 1355 554 ἐγώ
1408 501 1609 556 Φαῖδρον

630 678 738 710 ἀλλὰ
773 676 987 713 πολλακις
1018 675 1219 717 {arnald
1252 677 1292 710 V
1317 673 1401 707 ἀλλὰ
1435 675 1504 706 καὶ
1526 675 1610 706 πολ.-

256 724 353 764 λιίκις
375 727 444 767 bn„
470 725 560 767 quod
587 725 682 757 sicuti
710 735 770 767 per
795 735 832 757 se
857 723 1026 766 displicet
1053 722 1097 754 ita
1122 732 1184 754 nec
1212 723 1393 754 multorum
1420 725 1477 753 aut
1503 721 1611 754 bono-

257 781 331 805 rum
360 772 522 805 librorum
547 771 678 813 gaudet
701 770 909 804 defensione.

257 883 545 929 Μεγαρόθεν.-
571 882 662 916 Tum
689 881 773 914 κατὰ
797 881 904 922 Ἡρό-

259 931 352 962 δικον
392 935 463 962 est:
509 929 722 961 Herodici
764 939 903 962 exem-

258 978 330 1018 plo
356 981 397 1010 et
426 975 722 1008 auctoritate.
771 974 831 1007 Sic
854 976 903 1008 in-

258 1022 308 1055 fra
333 1033 365 1064 p.
389 1021 467 1056 252.
495 1021 535 1056 D.
572 1020 671 1053 Plato
703 1020 901 1055 formulam:

256 1067 345 1100 καθ’
382 1067 522 1099 ἕκαστον
553 1065 660 1106 θεόν,
691 1067 764 1107 ipse
796 1068 901 1101 inter-

259 1117 432 1157 pretatur:
474 1115 601 1145 ἐκεῖνον
635 1116 740 1151 τιμῶν
774 1126 810 1145 τε
846 1114 903 1145 καὶ

257 1158 489 1202 μιμούμενος.
513 1159 718 1199 intelligitur
731 1169 811 1192 vero
828 1160 902 1193 He-

257 1206 398 1239 rodicus
434 1205 709 1247 Selymbrianus‚
752 1206 808 1246 qui
851 1206 902 1239 di—

259 1253 403 1293 liventer
427 1250 682 1292 distinguendus
702 1255 755 1283 est
771 1252 814 1284 ab
829 1252 904 1286 He-

256 1297 374 1330 rodico
407 1297 562 1336 medico,
602 1296 753 1338 Gorgiae
786 1297 901 1330 fratre.

257 1343 309 1376 De
326 1354 367 1376 eo
384 1353 415 1377 v.
431 1342 473 1375 ad
497 1342 621 1384 Remp.
640 1342 695 1375 lll.
712 1353 744 1384 p.
765 1343 901 1378 406.A.

257 1389 423 1422 Ceterum
450 1387 500 1420 liis
526 1388 640 1420 verbis
664 1388 773 1431 ipsum
794 1389 903 1422 Phae-

258 1435 354 1468 drum
379 1434 489 1476 tangi,
527 1433 737 1467 medicorum
763 1435 806 1468 de
831 1446 904 1468 am-

257 1481 430 1513 bulatione
449 1480 640 1522 praeceptis
659 1482 779 1513 mirum
797 1491 903 1522 quan-

257 1532 328 1559 tum
354 1528 573 1567 tribuentem,
600 1526 654 1557 vix
680 1531 758 1568 eget
783 1528 904 1559 admo-

257 1573 397 1605 nitione.

304 1641 347 1674 P.
373 1641 451 1675 228.
499 1639 674 1681 ἰδιώτην
700 1640 807 1672 ὄντα
832 1642 899 1684 —]

258 1687 342 1720 artis
368 1688 539 1719 oratoriae
565 1687 769 1727 imperitum.
801 1698 831 1721 v.
858 1688 900 1719 ad

259 1734 418 1775 Sympos.
446 1744 478 1775 p.
503 1731 577 1766 178.
598 1733 637 1766 Β.
657 1733 839 1774 Protagor.
868 1745 900 1776 p.

258 1779 337 1813 32⁸2.
363 1779 403 1811 E.
455 1779 638 1811 Praeterea
668 1778 807 1811 adverte
832 1780 903 1811 ani-

257 1836 351 1858 mum
384 1823 425 1856 ad
465 1824 567 1856 verba
609 1823 805 1862 δεινότατος
838 1828 904 1856 τῶν

256 1875 315 1903 νῦν
342 1868 497 1914 γράφειν.
554 1869 622 1901 Per
665 1874 772 1902 totum
815 1871 901 1903 enim

257 1917 378 1950 librum
396 1915 518 1957 Lysias
544 1925 610 1947 non
635 1920 671 1947 ut
697 1920 824 1956 orator,
843 1916 901 1948 sed

258 1967 421 2004 tanquam
448 1961 640 1994 orationum
661 1961 808 2003 scriptor
827 1972 902 1994 car-

258 2008 359 2051 pitur.

303 2076 454 2107 καίτοι
495 2071 746 2116 ἐβουλόμην
783 2073 816 2117 y’
852 2072 903 2105 ἂν

258 2121 429 2165 μᾶλλον
454 2138 493 2143 --
522 2119 761 2163 γενέσθαι]
801 2119 903 2152 Stru-

259 2173 390 2200 cturam
416 2167 533 2208 tetigit
563 2165 794 2199 Schaefe‘r.
826 2165 903 2198 Me-

259 2215 358 2256 let.p.
372 2212 445 2247 127.
456 2223 485 2244 n.
497 2213 552 2246 77.

305 2305 340 2336 εἰ
374 2303 452 2346 ἐγὼ
495 2303 690 2345 Φαῖδρον
736 2301 900 2344 ἀγνοῶ]

255 2349 408 2392 Ἀγνοεῖν
438 2361 514 2381 τινα
540 2354 592 2382 est
618 2348 808 2381 alicuius
842 2348 901 2380 in-

258 2395 404 2429 dolem
444 2405 493 2427 ac
530 2404 678 2428 mores
716 2403 794 2425 non
832 2403 901 2425 no-

258 2443 390 2475 visse.
438 2440 571 2473 Eodem
598 2439 702 2472 modo
719 2439 832 2471 Latini
849 2438 902 2471 di-

258 2492 343 2521 cunt
368 2487 571 2527 ignorare
603 2486 815 2526 aliquem,
847 2484 901 2517 cui

259 2532 466 2566 contrarium
515 2536 568 2564 est
615 2532 801 2572 aliquem
845 2531 902 2562 in-

257 2579 477 2620 telligere.
503 2587 534 2611 v.
552 2577 740 2610 Lambin.
765 2576 806 2608 ad
825 2576 901 2608 Ho-

257 2628 323 2659 rat.
343 2624 416 2657 Sat.
427 2622 543 2662 1.3‚22.
553 2623 656 2664 intpp.
667 2623 709 2654 ad
719 2622 749 2654 T
762 2633 780 2654 e
793 2633 806 2654 r
820 2632 866 2654 en
876 2626 900 2656 t.

257 2669 410 2703 Eunueh.
420 2669 458 2703 V.
467 2669 500 2709 8,
513 2669 567 2705 59.
579 2667 903 2700 Έπιλανθᾰνεσθαι

255 2716 385 2748 ἑαυτῶν
413 2719 525 2748 autem
560 2714 719 2748 dicuntur
751 2714 808 2755 qui
844 2724 900 2746 se-

965 767 1050 801 Dein
1074 768 1223 800 ἐκέλευεν
1252 778 1328 801 cum
1360 767 1474 800 Clark.
1507 766 1609 801 codd.

971 883 1042 912 met
1076 879 1168 921 ipsos
1199 878 1354 920 ignorant
1389 889 1451 912 nec
1487 880 1609 921 sciunt,

970 926 1027 966 qui
1070 935 1188 957 revera
1213 925 1290 958 sint.
1327 926 1424 966 Apol.
1451 925 1549 958 Socr.
1576 938 1609 969 p.

974 972 1025 1004 17.
1046 973 1085 1004 Α.
1111 969 1172 1012 ἐγὼ
1198 968 1232 1000 δ’
1259 973 1321 1001 οὑν
1339 983 1394 1001 και
1418 969 1528 1007 αὐτὸς
1552 970 1607 1003 v‘n'

969 1015 1080 1048 αὐτῶν
1113 1015 1230 1058 ὀλίγον
1263 1017 1348 1058 ἐμοῦ
1373 1016 1610 1060 ἐπελαθόμην.

972 1062 1106 1095 Menex.
1134 1072 1166 1104 p.
1193 1061 1269 1096 235.
1296 1062 1335 1095 C.
1361 1062 1462 1105 μόγις
1487 1062 1610 1106 ἀναμι-

969 1107 1162 1151 μνήσκομαι
1185 1109 1350 1150 ἐμαυτοῦ.

993 1153 1102 1185 ἀλλὰ
1120 1152 1200 1196 γὰρ
1220 1152 1432 1195 οὐδέτεροῖ
1456 1155 1607 1199 &ora—J

972 1200 1159 1242 Dupliciter
1183 1199 1325 1232 diversis
1342 1200 1551 1241 temporibus
1579 1202 1610 1233 in

971 1245 1021 1277 his
1048 1246 1207 1278 Astius
1234 1245 1385 1279 offendit.
1413 1246 1502 1278 Olim
1522 1247 1610 1280 enirn

971 1292 1102 1323 censuit
1131 1296 1210 1323 ante
1247 1287 1286 1322 εὖ
1321 1292 1401 1322 nida
1443 1293 1611 1325 excidisse

970 1336 1077 1377 ἄλλά,
1108 1347 1175 1378 quo
1207 1347 1288 1370 sane
1324 1337 1399 1369 nibil
1426 1348 1513 1378 opus
1538 1342 1610 1371 est:

971 1383 1003 1415 in
1027 1383 1258 1415 recentissima
1295 1388 1408 1415 autem
1436 1384 1510 1415 libri
1538 1384 1612 1416 edi-

971 1429 1063 1461 tione
1079 1429 1261 1461 arbitratur
1285 1427 1368 1459 ἀλλὰ
1397 1431 1609 1470 particulam,

972 1485 1060 1516 quae
1099 1475 1210 1506 verbis
1249 1471 1284 1506 εὖ
1327 1474 1406 1506 οἶδα
1444 1476 1613 1516 praemitti

973 1520 1148 1561 debuerit,
1175 1521 1216 1552 ab
1239 1520 1305 1563 γὰρ
1331 1531 1408 1553 esse
1432 1521 1534 1553 veluti
1560 1526 1612 1554 at-

973 1571 1127 1600 tractam.
1185 1566 1235 1598 Ea
1268 1576 1350 1598 vero
1382 1566 1527 1608 permira
1560 1572 1614 1599 at-

972 1612 1092 1645 tractio
1123 1612 1222 1644 soret.
1275 1612 1359 1644 Nam
1396 1612 1484 1644 istud
1525 1611 1611 1644 ἀλλὰ

970 1668 1073 1699 quum
1101 1657 1278 1690 manifesto
1304 1658 1345 1690 ad
1371 1657 1613 1700 praecedentia

970 1704 1157 1742 referatur,
1194 1703 1367 1750 profecto
1385 1705 1477 1736 nullo
1509 1704 1613 1736 modo

970 1755 1086 1792 potest
1117 1751 1214 1782 simul
1251 1749 1292 1781 ad
1326 1752 1363 1781 ει]
1398 1750 1475 1780 οἷὸα
1507 1750 1613 1791 perti-

971 1805 1061 1828 nere.
1110 1796 1184 1827 lmo
1208 1793 1292 1826 ἄλλα
1319 1794 1384 1836 γὰο
1410 1800 1447 1827 ut
1463 1795 1541 1829 Lat.
1567 1801 1612 1828 at

971 1841 1102 1880 enim,
1136 1840 1210 1872 sed
1243 1841 1373 1879 enim,
1415 1851 1475 1882 per
1500 1841 1612 1873 brevi-

970 1887 1176 1928 loquentiam
1191 1887 1238 1918 ita
1256 1891 1448 1928 usurpatur,
1466 1891 1502 1918 ut
1526 1897 1612 1928 quae

971 1937 1024 1965 est
1047 1932 1265 1964 adversativa
1281 1933 1465 1972 sententia,
1491 1932 1611 1966 eadem

970 1979 1067 2010 simul
1093 1988 1154 2018 pro
1178 1978 1321 2010 caussali
1344 1979 1465 2012 valeat.
1514 1978 1613 2013 Quo-

970 2025 1060 2057 circa
1083 2022 1170 2054 ἀλλὰ
1189 2023 1253 2065 γὰρ
1279 2024 1509 2064 consociatur,
1535 2025 1612 2066 quia

970 2070 1069 2102 binae
1079 2069 1248 2110 notiones,
1267 2070 1347 2102 alias
1371 2069 1532 2111 distingui
1551 2080 1612 2102 so-

970 2117 1060 2156 litae,
1077 2116 1109 2147 in
1126 2125 1229 2148 unum
1246 2119 1473 2148 coarctantur.
1500 2115 1612 2148 Grae—

971 2163 1000 2194 ci
1026 2161 1114 2194 enim
1140 2171 1240 2202 quum
1269 2172 1326 2194 eas
1349 2161 1611 2200 enuntiationes,

969 2207 1091 2249 quibus
1116 2216 1241 2239 caussa
1256 2206 1419 2246 redditur,
1444 2206 1486 2238 iis
1511 2217 1613 2248 prae-

969 2254 1103 2286 mittere
1128 2254 1278 2292 soleant,
1311 2262 1456 2294 quarum
1490 2262 1611 2284 caussa

970 2297 1143 2332 reddenda
1175 2302 1246 2338 est,
1277 2297 1319 2330 de
1353 2308 1420 2339 quo
1455 2297 1612 2340 loquendi

969 2355 1095 2384 genere
1119 2353 1151 2374 v.
1178 2342 1395 2376 Matthiae
1428 2344 1469 2376 ad
1497 2344 1612 2386 Eurip.

971 2390 1149 2423 Plioeniss.
1168 2399 1198 2422 v.
1214 2388 1290 2423 371.
1313 2394 1347 2422 et
1363 2399 1425 2421 nos
1441 2389 1482 2421 ad
1505 2390 1548 2422 Pl
1560 2393 1610 2423 at.

969 2435 1146 2469 Phaedon.
1162 2446 1193 2477 p.
1210 2436 1282 2469 117.
1296 2438 1346 2476 A„
1374 2436 1474 2467 etiam
1491 2436 1536 2467 ita
1561 2436 1612 2467 lo-

970 2482 1064 2524 quuti
1100 2486 1198 2521 sunt,
1240 2486 1277 2513 ut
1313 2482 1501 2513 caussalem
1533 2490 1611 2512 sen-

970 2529 1110 2560 teutiam
1131 2536 1206 2558 cum
1227 2526 1441 2559 adversativa
1461 2526 1609 2558 inunum

970 2573 1226 2613 confunderent,
1255 2573 1398 2614 ideoque
1421 2569 1499 2613 γάρ,
1517 2571 1608 2612 quod

969 2619 1106 2663 proprie
1140 2618 1238 2651 aliter
1272 2618 1335 2650 fuit
1358 2617 1609 2670 collocanda-m,

969 2666 1128 2698 continuo
1148 2663 1191 2695 ad
1204 2663 1286 2696 ἀλλὰ
1307 2663 1484 2706 referrent,
1509 2662 1610 2705 quip-

969 2722 1012 2754 pe
1045 2719 1187 2744 caussae
1225 2710 1500 2752 significationem
1539 2712 1608 2740 sta-
