1687 2969
403 172 647 212 GORGIAS.
676 174 719 211 P.
751 177 843 212 496.
875 175 969 213 497.
1000 176 1059 213 ed.
1092 176 1147 213 St.
1374 177 1451 214 247

106 277 186 324 οὖν
223 283 272 323 τὸ
313 283 576 335 συμβαῖνον,
615 281 679 323 ὅτι
705 283 979 335 λυπούμενον
1006 284 1166 337 χαίρειν
1193 283 1325 337 λέγεις
1352 283 1454 337 ἅμα,

105 347 208 388 ὅταν
247 348 438 396 διψῶντα
474 347 612 388 πίνειν
639 347 791 401 2577292·
831 348 857 400 ἢ
887 350 965 402 οὐχ
994 349 1079 427 ἅμα
1110 356 1235 389 τοῦτο
1266 350 1454 429 γίγνεται

105 414 212 454 κατὰ
250 414 327 454 τὸν
363 413 495 454 αὐτὸν
531 413 665 454 τόπον
699 412 767 454 καὶ
807 414 967 480 χρόνον
997 415 1075 455 εἰτε
1104 421 1240 470 ψυχῆς
1268 415 1347 472 εἴτε
1376 416 1452 467 σώ-

105 494 253 537 ματος
258 479 449 554 βούλει,·
481 477 607 520 οὐδὲν
634 479 739 532 γάρ,
779 494 921 531 οιμαι,
961 479 1162 532 διαφέρει.
1194 478 1278 520 ἔστι
1306 487 1451 529 ταῦτα,

103 543 131 597 ἢ
160 546 232 592 οὔ,-
275 534 440 584 K'AA.5
441 539 596 584 ’.Εστιν
653 545 755 585 ΣΩ.
789 541 922 584 Ἀλλὰ
951 543 1036 597 μὴν
1065 547 1110 585 εὐ
1140 559 1186 597 γε
1214 545 1453 597 πράττοντα

104 611 244 657 κακῶς
265 610 463 662 πράττειν
492 608 578 662 α’μα
607 609 822 650 ἀδύνατον
853 607 957 662 ἔφης
987 612 1108 650 εἰναι
1170 612 1211 650 Κ
1218 612 1305 650 JA.
1339 611 1450 663 Φημὶ

104 676 197 728 γάρ.
265 676 366 716 ΣΩ.
410 671 666 728 ’Λνιώμενον
712 674 756 715 δέ
803 689 849 727 γε
894 675 1055 728 χαίρειν
1105 675 1292 716 δυνατὸν
1344 676 1451 729 ὠμο-
1482 678 1562 719 497

105 742 300 795 λόγηκας.
358 741 498 781 ΚΑΛ.
539 740 754 781 Φαίνεται.
811 742 913 786 Σῼ,
961 741 1050 782 Οὐκ
1088 744 1171 793 ἄρα
1207 742 1254 781 τὸ
1294 741 1453 794 χαίρειν

106 806 218 848 ἐστὶν
246 803 293 847 εὖ
321 806 530 858 πράττειν,
561 804 659 846 οὐδὲ
687 805 734 846 τὸ
764 806 967 847 ἀνιᾶσθαι
996 809 1148 855 κακῶς,
1180 804 1279 854 ὥςτε
1309 805 1452 860 ἕτερον

103 872 290 925 γίγνεται
327 870 375 912 τὸ
416 870 499 924 ἡδὺ
537 877 614 911 τοῦ
653 871 836 923 ἀγαθον.
908 873 1043 912 ΚΑΛ.
1097 871 1187 912 Οὐκ
1227 868 1309 913 οἶδ’
1349 872 1452 913 ἅττα

104 937 290 990 σοφίζει,
331 930 364 977 ὦ
405 932 642 988 Σώκρατες.
708 937 809 976 ΣΩ.
853 933 1016 986 Οἶσθα,
1058 936 1162 977 α’λλα
1199 937 1452 988 ακκίζει,ω
1485 932 1486 936 “

107 1003 366 1051 Καλλίκλεις.
406 1000 477 1042 καὶ
514 1001 666 1053 πρόϊθί
703 1016 749 1054 γε
791 999 849 1042 ἐτι
892 1002 949 1050 εἰς
986 1002 1033 1043 τὸ
1075 1000 1336 1055 ἔμπροσθεν,
1389 1002 1451 1044 ὅτι

108 1113 176 1157 φῄς
207 1113 319 1146 habet.
374 1113 557 1145 Praeterea
594 1112 700 1145 verba
737 1114 786 1145 sic
817 1113 980 1146 distincta
1012 1114 1173 1156 leguntur
1202 1115 1235 1146 in
1270 1114 1449 1157 Stephan..
1442 1127 1449 1133 ·

106 1160 220 1192 ΚΑΛ.
255 1157 419 1191 [Μάλιστα.
463 1157 533 1190 ΣΩ.
569 1157 737 1197 Ammine}
768 1170 805 1201 γε
840 1159 907 1201 (μὴ,
941 1158 1161 1198 λυπούμενοι
1224 1160 1308 1192 KA
1313 1161 1335 1192 l.
1371 1159 1450 1192 lV2a1

106 1203 178 1238 ΣΩ.
218 1201 395 1236 Αισθάνει
426 1203 492 1235 οὐν
517 1201 551 1234 τὸ
580 1214 621 1235 σι
625 1204 680 1245 ιιβ
726 1205 838 1244 Quam
862 1205 1044 1237 lectionem
1070 1205 1264 1239 Findeisen.
1290 1210 1324 1238 et
1347 1207 1452 1237 Hein-

105 1250 189 1283 dorf.
206 1250 254 1281 ita
271 1249 495 1289 retinuerunt,
519 1252 556 1280 ut
577 1260 594 1280 e
611 1249 708 1280 Bodl.
724 1252 812 1292 Aug.
832 1252 971 1283 Meenn.
992 1251 1161 1290 Διιμῦιτα
1179 1250 1218 1282 δὲ
1243 1251 1450 1293 scripserint.

105 1296 176 1328 Nos
201 1295 337 1336 sequuti
361 1305 479 1326 sumus
503 1294 709 1326 Bekkerum.

171 1337 394 1372 ἀδύνατον
428 1339 558 1381 ἔφης]
592 1340 756 1371 Badham.
788 1341 823 1371 in
856 1341 980 1373 Philol.
1014 1340 1226 1375 Schneidew.
1252 1342 1295 1373 X.
1318 1352 1348 1383 p.
1376 1340 1449 1373 730.

106 1386 285 1428 ἔφησθα
308 1385 459 1426 requirit.
484 1395 516 1416 v.
540 1384 692 1418 Lobeck.
717 1385 759 1417 ad
785 1385 912 1428 Phryn.
937 1397 968 1428 p.
987 1385 1063 1418 236.
1110 1387 1225 1418 Habet
1250 1387 1335 1428 ἔφης
1361 1387 1452 1418 codi-

104 1442 183 1463 cum
206 1429 536 1463 commendationem
560 1431 663 1463 etiam
688 1441 792 1473 supra
815 1442 846 1472 p.
870 1430 947 1464 466.
971 1433 1010 1463 E.
1044 1432 1248 1473 Euthydem.
1274 1443 1304 1474 p.
1321 1431 1396 1464 ⁶293.
1413 1433 1450 1464 G.

102 1476 259 1518 Xenoph.
285 1476 410 1518 Cyrop.
433 1476 501 1516 IV,
527 1474 566 1517 1,
589 1475 643 1508 23.
669 1476 714 1508 al.
761 1477 833 1509 Nec
858 1477 944 1509 illud
969 1477 1169 1519 simpliciter
1193 1478 1323 1519 sprevit
1345 1478 1451 1520 Phry-

103 1521 238 1561 nichus,
261 1520 342 1553 licet
364 1521 474 1553 rarius
500 1521 554 1553 sit.

169 1567 207 1598 P.
231 1565 308 1599 497.
355 1565 419 1599 εἰς
445 1563 486 1597 τὸ
512 1566 790 1610 ἔμπροσθεν]
826 1566 930 1599 Coisl.
955 1567 1006 1601 εἰς
1033 1565 1293 1608 τοῦμπροσθεν,
1319 1572 1358 1600 ut
1382 1568 1450 1600 edi-

104 1611 155 1644 dit
177 1611 323 1644 Bekker.
372 1610 530 1643 Ceterum
552 1622 583 1643 v.
610 1622 688 1644 ann.

106 1736 199 1756 νειν
214 1737 240 1766 χ.
257 1723 320 1767 λ.;]
337 1724 506 1765 Nonne,
521 1728 742 1766 quatenus

105 1770 274 1812 aliquis
320 1769 459 1810 bibat,
507 1780 599 1801 eum
646 1780 743 1812 gau-

105 1815 204 1847 dere
228 1815 368 1847 dicis?

153 1859 232 1892 ΣΩ.
274 1858 479 1900 Διψιῦντά
513 1871 579 1902 γε;
614 1859 741 1891 ΚΑΛ.

110 1906 228 1948 Φημί.
254 1918 282 1938 κ.
308 1918 332 1937 τ.
357 1905 404 1948 λ.]
440 1906 554 1946 Quum
580 1905 743 1937 Callicles

104 1951 231 1983 dixerit
263 1950 415 1991 διψῶντα
446 1953 562 1982 πίνειν
590 1962 664 1983 esse
693 1952 743 1982 iu-

103 1996 273 2036 cundum,
319 1996 407 2027 illud
450 1995 602 2036 διψῶντα
651 2006 742 2036 vero,

104 2043 185 2083 quia
216 2041 435 2073 coniunctum
467 2043 512 2073 sit
546 2052 625 2074 cum
655 2041 743 2073 indi-

102 2087 221 2129 gentia
258 2086 419 2128 quadam,
458 2097 533 2118 esse
572 2085 742 2126 λυπούμε-

106 2145 189 2171 vov,
236 2131 393 2164 Socrates
440 2131 520 2163 inde
566 2132 744 2164 concludit

103 2188 180 2209 cum
215 2176 392 2219 voluptate
428 2177 580 2209 dolorem
611 2188 744 2219 semper

104 2233 178 2254 esse
210 2223 417 2264 copulatum.
464 2223 553 2254 Nam
580 2223 743 2264 quoniam

104 2268 163 2309 qui
187 2267 292 2308 bibat,
317 2268 346 2299 is
374 2267 499 2300 sentiat
521 2268 743 2309 voluptatem,

104 2324 204 2345 nemo
221 2317 335 2345 autem
352 2313 456 2352 bibat,
481 2313 548 2345 nisi
568 2314 627 2354 qui
650 2314 744 2345 sitiat

105 2358 249 2399 ideoque
264 2358 416 2391 dolorem
434 2358 582 2400 aliquem
607 2360 742 2398 sentiat,

105 2413 268 2445 apparere
289 2404 337 2435 ait
351 2414 439 2444 eum,
464 2404 523 2445 qui
545 2404 637 2435 sitim
662 2409 743 2446 potu

105 2449 313 2491 restinguat,
356 2447 575 2488 λυπούμενον
611 2452 744 2490 χαίρειν

106 2493 182 2533 ἅμα.
230 2495 348 2535 Itaque
377 2495 595 2526 manifestum
620 2499 671 2526 est
694 2495 743 2526 ni-

105 2539 155 2571 hil
179 2539 285 2571 fuisse
309 2540 509 2571 mutandum
529 2545 662 2581 praeter
685 2550 743 2571 no-

104 2585 198 2616 mina
229 2595 460 2625 personarum.
508 2586 579 2617 Nec
613 2585 743 2617 turbas-

106 2634 182 2662 sent
213 2629 364 2669 librarii,
401 2631 431 2661 si
465 2634 541 2672 post
572 2629 742 2669 λυπούμε·

106 2687 170 2707 νον
185 2674 339 2706 additum
362 2674 527 2717 legissent
549 2673 626 2716 ἄρα,
653 2675 742 2717 quod

104 2724 219 2753 tamen
250 2731 342 2752 nunc
372 2724 461 2753 recte
488 2721 598 2753 omitti
621 2722 741 2763 potuit.

858 1725 948 1756 εἴτε
973 1730 1111 1767 ’ψυχῆς
1137 1727 1226 1757 εἴτε
1254 1726 1450 1765 σώματος

813 1768 981 1813 βούλει]
1018 1772 1221 1803 Fieinus:
1254 1772 1349 1803 sive
1374 1773 1449 1804 cir-

812 1825 861 1847 ca
892 1816 1073 1848 animam
1105 1817 1175 1848 vis
1207 1817 1300 1849 sive
1332 1818 1451 1850 circa

812 1871 979 1902 corpus.
1029 1861 1115 1893 Vide
1140 1862 1263 1903 igitur,
1297 1874 1340 1894 an
1371 1864 1452 1894 scri-

812 1906 959 1937 bendum
977 1907 1039 1938 sit:
1066 1907 1134 1938 εἱ’τε
1152 1911 1261 1949 ψυχῆς
1280 1907 1356 1949 πέρι
1382 1909 1450 1940 εἴτε

814 1949 966 1990 σώματος
992 1950 1119 1994 βούλει.
1155 1953 1255 1984 Certe
1280 1953 1378 1985 loeus
1402 1954 1450 1986 ita

811 1997 1064 2039 intelligendus.
1101 1999 1190 2030 conf.
1217 1999 1447 2033 Matthiae.

813 2043 870 2074 Gr.
896 2043 926 2081 §-
949 2041 1024 2077 342.

856 2088 893 2119 Ρ.
927 2086 1004 2120 497.
1079 2086 1188 2120 ἀλλὰ
1246 2086 1447 2142 α’κκιζει]

812 2132 840 2164 O
854 2132 1102 2174 lympiodor
1114 2145 1179 2165 us:
1204 2131 1312 2166 Ἀκκώ
1328 2133 1449 2176 γέγοιε

811 2176 902 2221 γυνή
926 2190 970 2211 τις·
994 2177 1093 2218 μωρὰ
1118 2180 1171 2210 καὶ
1197 2176 1447 2224 0210'771056777-

813 2224 871 2253 οὶι7
895 2223 962 2254 οίν
986 2221 1004 2254 ὁ
1032 2222 1236 2266 Σωκράτης,
1268 2224 1317 2257 ὅτι
1341 2220 1450 2257 οἶσθα

813 2280 839 2299 τι
866 2267 968 2309 λέγω,
1005 2266 1085 2300 ἀλλὰ
1107 2267 1255 2310 α’κκίζει,
1286 2267 1363 2302 ἀντὶ
1391 2282 1450 2301 τοι

812 2311 911 2345 ἀλλὰ
938 2319 1159 2358 προςποιῇ
1183 2318 1355 2355 μωριαι
1380 2316 1447 2347 καὶ

813 2358 853 2390 τὸ
879 2356 929 2400 μὴ
954 2358 1135 2392 εἰδέιαι
1183 2362 1295 2392 Recte.
1339 2361 1450 2393 Aliter

810 2404 925 2435 locum
960 2405 1201 2447 interpretatur
1223 2407 1253 2437 R
1263 2407 1313 2438 uh
1324 2417 1345 2438 n
1355 2407 1378 2438 k
1388 2417 1406 2438 e
1415 2418 1447 2438 n.

812 2449 854 2482 ad
880 2450 969 2481 Tim.
996 2451 1107 2483 Gloss.
1135 2462 1167 2493 p.
1194 2451 1245 2484 18.

857 2494 922 2525 καὶ
960 2494 1123 2534 προϊθί
1151 2508 1198 2538 γε
1230 2496 1291 2539 -]
1336 2497 1450 2529 Offen-

811 2539 933 2571 derunt
968 2542 1104 2573 criticos
1146 2541 1252 2573 verba
1283 2540 1333 2573 ὅτι
1366 2542 1450 2582 ἔχων

811 2587 936 2626 ληρεῖς,
961 2590 1076 2628 utpote
1096 2587 1244 2618 Socratis
1262 2587 1448 2618 urbanitati

811 2632 924 2661 minus
991 2633 1243 2663 convenientia.
1330 2632 1448 2672 Itaque

811 2675 1113 2709 Heindorfius
1161 2688 1201 2709 ea
1239 2677 1294 2708 hie
1333 2677 1449 2716 deleri,

811 2732 891 2753 mox
908 2725 1021 2754 autem
1037 2733 1097 2766 prio
1117 2721 1135 2754 ὅ
1161 2735 1186 2754 τι
1210 2721 1313 2764 λε’γειιἸ
1337 2723 1450 2764 potius
