<?xml version="1.0" encoding="UTF-8"?>
<!DOCTYPE html PUBLIC "-//W3C//DTD XHTML 1.0 Transitional//EN"
    "http://www.w3.org/TR/xhtml1/DTD/xhtml1-transitional.dtd">
<html xmlns="http://www.w3.org/1999/xhtml" xml:lang="en" lang="en">
 <head>
  <title>
</title>
<meta http-equiv="Content-Type" content="text/html;charset=utf-8" />
  <meta name='ocr-system' content='tesseract 3.04.00' />
  <meta name='ocr-capabilities' content='ocr_page ocr_carea ocr_par ocr_line ocrx_word'/>
</head>
<body>
  <div class='ocr_page' id='page_1' title='image "./n1operaomniarecens04platuoft/n1operaomniarecens04platuoft_0679.png"; bbox 0 0 1687 2969; ppageno 0'>
   <div class='ocr_carea' id='block_1_1' title="bbox 781 164 1483 202">
    <p class='ocr_par' dir='ltr' id='par_1_1' title="bbox 781 164 1483 202">
     <span class='ocr_line' id='line_1_1' title="bbox 781 164 1483 202; baseline -0.007 0"><span class='ocrx_word' id='word_1_1' title='bbox 781 165 824 202; x_wconf 88' lang='lat' dir='ltr'><strong>P.</strong></span> <span class='ocrx_word' id='word_1_2' title='bbox 857 167 948 202; x_wconf 86' lang='grc'><strong>508.</strong></span> <span class='ocrx_word' id='word_1_3' title='bbox 979 165 1036 202; x_wconf 89' lang='lat' dir='ltr'><strong>ed.</strong></span> <span class='ocrx_word' id='word_1_4' title='bbox 1069 164 1125 202; x_wconf 81' lang='lat' dir='ltr'><strong>St.</strong></span> <span class='ocrx_word' id='word_1_5' title='bbox 1409 165 1483 198; x_wconf 80' lang='lat'>‘281</span> 
     </span>
    </p>
   </div>
   <div class='ocr_carea' id='block_1_2' title="bbox 507 164 750 204">
    <p class='ocr_par' dir='ltr' id='par_1_2' title="bbox 507 164 750 204">
     <span class='ocr_line' id='line_1_2' title="bbox 507 164 750 204; baseline -0.004 -1"><span class='ocrx_word' id='word_1_6' title='bbox 507 164 750 204; x_wconf 86' lang='lat' dir='ltr'><strong>GORGIAS.</strong></span> 
     </span>
    </p>
   </div>
   <div class='ocr_carea' id='block_1_3' title="bbox 146 268 1557 1046">
    <p class='ocr_par' dir='ltr' id='par_1_3' title="bbox 146 268 1557 1046">
     <span class='ocr_line' id='line_1_3' title="bbox 149 268 1489 327; baseline -0.003 -12"><span class='ocrx_word' id='word_1_7' title='bbox 149 275 402 325; x_wconf 77' lang='grc' dir='ltr'><em>σπουδάζων</em></span> <span class='ocrx_word' id='word_1_8' title='bbox 430 275 613 327; x_wconf 80' lang='grc' dir='ltr'><em>λέγοιμι,</em></span> <span class='ocrx_word' id='word_1_9' title='bbox 654 272 853 326; x_wconf 69' lang='grc' dir='ltr'><em>λέγοντα,</em></span> <span class='ocrx_word' id='word_1_10' title='bbox 894 268 958 313; x_wconf 77' lang='grc' dir='ltr'><strong>ὅτι</strong></span> <span class='ocrx_word' id='word_1_11' title='bbox 986 269 1299 326; x_wconf 77' lang='grc' dir='ltr'><strong>κατηγορητέον</strong></span> <span class='ocrx_word' id='word_1_12' title='bbox 1329 271 1391 324; x_wconf 84' lang='grc' dir='ltr'><strong>εἴη</strong></span> <span class='ocrx_word' id='word_1_13' title='bbox 1420 270 1489 311; x_wconf 79' lang='grc' dir='ltr'><strong>καὶ</strong></span> 
     </span>
     <span class='ocr_line' id='line_1_4' title="bbox 149 335 1489 390; baseline -0.004 -9"><span class='ocrx_word' id='word_1_14' title='bbox 149 339 284 381; x_wconf 84' lang='grc' dir='ltr'><em>αὑτοῦ</em></span> <span class='ocrx_word' id='word_1_15' title='bbox 312 339 382 381; x_wconf 79' lang='grc' dir='ltr'><strong>καὶ</strong></span> <span class='ocrx_word' id='word_1_16' title='bbox 410 338 524 388; x_wconf 79' lang='grc' dir='ltr'><em>υἱέος</em></span> <span class='ocrx_word' id='word_1_17' title='bbox 552 339 622 380; x_wconf 84' lang='grc' dir='ltr'><strong>καὶ</strong></span> <span class='ocrx_word' id='word_1_18' title='bbox 650 337 844 389; x_wconf 70' lang='grc' dir='ltr'><em>ἑταίρου,</em></span> <span class='ocrx_word' id='word_1_19' title='bbox 884 337 958 378; x_wconf 76' lang='grc' dir='ltr'><strong>ἐάν</strong></span> <span class='ocrx_word' id='word_1_20' title='bbox 985 353 1024 378; x_wconf 83' lang='grc' dir='ltr'><strong>τι</strong></span> <span class='ocrx_word' id='word_1_21' title='bbox 1055 338 1201 390; x_wconf 74' lang='grc' dir='ltr'><em>ἀδικῇ,</em></span> <span class='ocrx_word' id='word_1_22' title='bbox 1241 335 1312 377; x_wconf 83' lang='grc' dir='ltr'><strong>καὶ</strong></span> <span class='ocrx_word' id='word_1_23' title='bbox 1339 344 1389 389; x_wconf 74' lang='grc' dir='ltr'><strong>τῇ</strong></span> <span class='ocrx_word' id='word_1_24' title='bbox 1419 336 1489 389; x_wconf 81' lang='grc' dir='ltr'><strong>ῥη-</strong></span> 
     </span>
     <span class='ocr_line' id='line_1_5' title="bbox 147 402 1489 460; baseline -0.003 -14"><span class='ocrx_word' id='word_1_25' title='bbox 147 413 292 460; x_wconf 75' lang='grc' dir='ltr'><em>τορικῇ</em></span> <span class='ocrx_word' id='word_1_26' title='bbox 331 404 397 446; x_wconf 79' lang='grc' dir='ltr'><strong>ἐπὶ</strong></span> <span class='ocrx_word' id='word_1_27' title='bbox 434 412 560 446; x_wconf 79' lang='grc' dir='ltr'><em>τοῦτο</em></span> <span class='ocrx_word' id='word_1_28' title='bbox 602 402 817 458; x_wconf 79' lang='grc' dir='ltr'><em>χρηστέον.</em></span> <span class='ocrx_word' id='word_1_29' title='bbox 855 402 925 444; x_wconf 83' lang='grc' dir='ltr'><strong>καὶ</strong></span> <span class='ocrx_word' id='word_1_30' title='bbox 954 405 980 443; x_wconf 81' lang='grc' dir='ltr'><em>ἃ</em></span> <span class='ocrx_word' id='word_1_31' title='bbox 1008 406 1164 443; x_wconf 81' lang='grc' dir='ltr'><em>Πῶλον</em></span> <span class='ocrx_word' id='word_1_32' title='bbox 1193 403 1370 456; x_wconf 80' lang='grc' dir='ltr'><em>αἰσχύνῃ</em></span> <span class='ocrx_word' id='word_1_33' title='bbox 1400 403 1489 455; x_wconf 75' lang='grc' dir='ltr'><strong>ᾤου</strong></span> 
     </span>
     <span class='ocr_line' id='line_1_6' title="bbox 147 464 1488 524; baseline -0.004 -12"><span class='ocrx_word' id='word_1_34' title='bbox 147 474 393 524; x_wconf 78' lang='grc' dir='ltr'><em>συγχωρεῖν,</em></span> <span class='ocrx_word' id='word_1_35' title='bbox 435 470 576 523; x_wconf 73' lang='grc' dir='ltr'><em>ἀληθῆ</em></span> <span class='ocrx_word' id='word_1_36' title='bbox 606 472 689 521; x_wconf 79' lang='grc' dir='ltr'><strong>ἄρα</strong></span> <span class='ocrx_word' id='word_1_37' title='bbox 716 464 785 522; x_wconf 68' lang='grc' dir='ltr'><strong>ἦν,</strong></span> <span class='ocrx_word' id='word_1_38' title='bbox 813 468 861 509; x_wconf 89' lang='grc' dir='ltr'><strong>τὸ</strong></span> <span class='ocrx_word' id='word_1_39' title='bbox 893 464 1000 508; x_wconf 82' lang='grc' dir='ltr'><em>εἶναι</em></span> <span class='ocrx_word' id='word_1_40' title='bbox 1030 469 1076 508; x_wconf 92' lang='grc' dir='ltr'><strong>τὸ</strong></span> <span class='ocrx_word' id='word_1_41' title='bbox 1108 468 1268 508; x_wconf 71' lang='grc' dir='ltr'><em>ἀδικεῖν</em></span> <span class='ocrx_word' id='word_1_42' title='bbox 1297 475 1373 509; x_wconf 78' lang='grc' dir='ltr'><strong>τοῦ</strong></span> <span class='ocrx_word' id='word_1_43' title='bbox 1403 468 1488 508; x_wconf 74' lang='grc' dir='ltr'><em>ἄδι-</em></span> 
     </span>
     <span class='ocr_line' id='line_1_7' title="bbox 147 531 1557 590; baseline -0.003 -13"><span class='ocrx_word' id='word_1_44' title='bbox 147 539 312 578; x_wconf 86' lang='grc' dir='ltr'><em>κεῖσθαι</em></span> <span class='ocrx_word' id='word_1_45' title='bbox 354 535 520 590; x_wconf 81' lang='grc' dir='ltr'><em>ὅσῳπερ</em></span> <span class='ocrx_word' id='word_1_46' title='bbox 559 535 724 588; x_wconf 77' lang='grc' dir='ltr'><em>αἴσχιον</em></span> <span class='ocrx_word' id='word_1_47' title='bbox 758 534 948 588; x_wconf 84' lang='grc' dir='ltr'><em>τοσούτῳ</em></span> <span class='ocrx_word' id='word_1_48' title='bbox 985 534 1155 574; x_wconf 77' lang='grc' dir='ltr'><em>κάκιον·</em></span> <span class='ocrx_word' id='word_1_49' title='bbox 1195 533 1266 574; x_wconf 83' lang='grc' dir='ltr'><strong>καὶ</strong></span> <span class='ocrx_word' id='word_1_50' title='bbox 1294 533 1370 574; x_wconf 89' lang='grc' dir='ltr'><strong>τὸν</strong></span> <span class='ocrx_word' id='word_1_51' title='bbox 1398 531 1489 586; x_wconf 80' lang='grc' dir='ltr'><em>μέλ-</em></span> <span class='ocrx_word' id='word_1_52' title='bbox 1523 534 1557 577; x_wconf 89' lang='lat' dir='ltr'>C</span> 
     </span>
     <span class='ocr_line' id='line_1_8' title="bbox 147 594 1491 653; baseline -0.003 -11"><span class='ocrx_word' id='word_1_53' title='bbox 147 604 277 643; x_wconf 80' lang='grc' dir='ltr'><em>λοντα</em></span> <span class='ocrx_word' id='word_1_54' title='bbox 319 600 463 653; x_wconf 77' lang='grc' dir='ltr'><em>ὀρθῶς</em></span> <span class='ocrx_word' id='word_1_55' title='bbox 502 601 729 653; x_wconf 78' lang='grc' dir='ltr'><em>ῥητορικὸν</em></span> <span class='ocrx_word' id='word_1_56' title='bbox 766 598 937 640; x_wconf 78' lang='grc' dir='ltr'><em>ἔσεσθαι</em></span> <span class='ocrx_word' id='word_1_57' title='bbox 974 599 1141 640; x_wconf 86' lang='grc' dir='ltr'><em>δίκαιον</em></span> <span class='ocrx_word' id='word_1_58' title='bbox 1179 602 1262 649; x_wconf 78' lang='grc' dir='ltr'><strong>ἄρα</strong></span> <span class='ocrx_word' id='word_1_59' title='bbox 1292 600 1357 639; x_wconf 85' lang='grc' dir='ltr'><strong>δεῖ</strong></span> <span class='ocrx_word' id='word_1_60' title='bbox 1384 594 1491 638; x_wconf 82' lang='grc' dir='ltr'><em>εἶναι</em></span> 
     </span>
     <span class='ocr_line' id='line_1_9' title="bbox 146 661 1492 720; baseline -0.003 -13"><span class='ocrx_word' id='word_1_61' title='bbox 146 667 216 708; x_wconf 84' lang='grc' dir='ltr'><strong>καὶ</strong></span> <span class='ocrx_word' id='word_1_62' title='bbox 244 664 501 720; x_wconf 78' lang='grc' dir='ltr'><em>ἐπιστήμονα</em></span> <span class='ocrx_word' id='word_1_63' title='bbox 529 668 615 706; x_wconf 79' lang='grc' dir='ltr'><strong>τῶν</strong></span> <span class='ocrx_word' id='word_1_64' title='bbox 644 666 832 714; x_wconf 87' lang='grc' dir='ltr'><em>δικαίων,</em></span> <span class='ocrx_word' id='word_1_65' title='bbox 873 666 895 706; x_wconf 87' lang='grc' dir='ltr'>ὃ</span> <span class='ocrx_word' id='word_1_66' title='bbox 923 661 978 706; x_wconf 79' lang='grc' dir='ltr'><strong>αὖ</strong></span> <span class='ocrx_word' id='word_1_67' title='bbox 1009 665 1198 717; x_wconf 78' lang='grc' dir='ltr'><em>Γοργίαν</em></span> <span class='ocrx_word' id='word_1_68' title='bbox 1227 662 1307 717; x_wconf 77' lang='grc' dir='ltr'><strong>ἔφη</strong></span> <span class='ocrx_word' id='word_1_69' title='bbox 1340 666 1492 712; x_wconf 76' lang='grc' dir='ltr'><em>Πῶλος</em></span> 
     </span>
     <span class='ocr_line' id='line_1_10' title="bbox 147 727 1491 788; baseline -0.004 -14"><span class='ocrx_word' id='word_1_70' title='bbox 147 727 194 774; x_wconf 85' lang='grc' dir='ltr'><em>δι’</em></span> <span class='ocrx_word' id='word_1_71' title='bbox 245 733 451 786; x_wconf 85' lang='grc' dir='ltr'><em>αἰσχύνην</em></span> <span class='ocrx_word' id='word_1_72' title='bbox 496 731 768 785; x_wconf 81' lang='grc' dir='ltr'><em>ὁμολογῆσαι.</em></span> <span class='ocrx_word' id='word_1_73' title='bbox 854 731 956 788; x_wconf 85' lang='lat' dir='ltr'><strong>Cap.</strong></span> <span class='ocrx_word' id='word_1_74' title='bbox 999 731 1160 774; x_wconf 87' lang='lat' dir='ltr'>LXIV.</span> <span class='ocrx_word' id='word_1_75' title='bbox 1236 731 1410 770; x_wconf 80' lang='grc' dir='ltr'><em>Τούτων</em></span> <span class='ocrx_word' id='word_1_76' title='bbox 1448 729 1491 770; x_wconf 77' lang='grc' dir='ltr'><strong>δὲ</strong></span> 
     </span>
     <span class='ocr_line' id='line_1_11' title="bbox 147 792 1492 854; baseline -0.005 -12"><span class='ocrx_word' id='word_1_77' title='bbox 147 799 282 849; x_wconf 81' lang='grc' dir='ltr'><em>οὕτως</em></span> <span class='ocrx_word' id='word_1_78' title='bbox 320 800 526 854; x_wconf 67' lang='grc' dir='ltr'><em>ἐχόντων,</em></span> <span class='ocrx_word' id='word_1_79' title='bbox 568 795 848 852; x_wconf 79' lang='grc' dir='ltr'><em>σκεψώμεθα,</em></span> <span class='ocrx_word' id='word_1_80' title='bbox 888 800 926 839; x_wconf 89' lang='grc' dir='ltr'><strong>τί</strong></span> <span class='ocrx_word' id='word_1_81' title='bbox 962 792 1050 838; x_wconf 84' lang='grc' dir='ltr'><em>πότ’</em></span> <span class='ocrx_word' id='word_1_82' title='bbox 1092 795 1204 837; x_wconf 73' lang='grc' dir='ltr'><em>ἐστιν</em></span> <span class='ocrx_word' id='word_1_83' title='bbox 1243 798 1268 836; x_wconf 76' lang='grc' dir='ltr'><em>ἃ</em></span> <span class='ocrx_word' id='word_1_84' title='bbox 1308 795 1361 836; x_wconf 82' lang='grc' dir='ltr'><strong>σὺ</strong></span> <span class='ocrx_word' id='word_1_85' title='bbox 1400 795 1492 848; x_wconf 79' lang='grc' dir='ltr'><em>ἐμοὶ</em></span> 
     </span>
     <span class='ocr_line' id='line_1_12' title="bbox 148 858 1492 918; baseline -0.004 -11"><span class='ocrx_word' id='word_1_86' title='bbox 148 866 383 918; x_wconf 78' lang='grc' dir='ltr'><em>ὀνειδίζεις,</em></span> <span class='ocrx_word' id='word_1_87' title='bbox 427 858 509 917; x_wconf 77' lang='grc' dir='ltr'><strong>ἆρα</strong></span> <span class='ocrx_word' id='word_1_88' title='bbox 546 867 684 912; x_wconf 76' lang='grc' dir='ltr'><em>καλῶς</em></span> <span class='ocrx_word' id='word_1_89' title='bbox 713 863 896 918; x_wconf 71' lang='grc' dir='ltr'><em>λέγεται,</em></span> <span class='ocrx_word' id='word_1_90' title='bbox 938 863 961 916; x_wconf 74' lang='grc' dir='ltr'>ἢ</span> <span class='ocrx_word' id='word_1_91' title='bbox 993 866 1067 911; x_wconf 76' lang='grc' dir='ltr'><strong>οὔ,</strong></span> <span class='ocrx_word' id='word_1_92' title='bbox 1110 862 1166 911; x_wconf 82' lang='grc' dir='ltr'><strong>ὡς</strong></span> <span class='ocrx_word' id='word_1_93' title='bbox 1194 865 1276 913; x_wconf 76' lang='grc' dir='ltr'><strong>ἄρα</strong></span> <span class='ocrx_word' id='word_1_94' title='bbox 1307 860 1387 914; x_wconf 75' lang='grc' dir='ltr'><strong>ἐγὼ</strong></span> <span class='ocrx_word' id='word_1_95' title='bbox 1416 862 1492 914; x_wconf 75' lang='grc' dir='ltr'><strong>οὐχ</strong></span> 
     </span>
     <span class='ocr_line' id='line_1_13' title="bbox 147 927 1493 984; baseline -0.004 -12"><span class='ocrx_word' id='word_1_96' title='bbox 147 927 238 980; x_wconf 85' lang='grc' dir='ltr'><em>οἷός</em></span> <span class='ocrx_word' id='word_1_97' title='bbox 283 939 318 972; x_wconf 91' lang='grc' dir='ltr'><strong>τ’</strong></span> <span class='ocrx_word' id='word_1_98' title='bbox 369 931 450 984; x_wconf 84' lang='grc' dir='ltr'><em>εἰμὶ</em></span> <span class='ocrx_word' id='word_1_99' title='bbox 501 931 716 984; x_wconf 80' lang='grc' dir='ltr'><em>βοηθῆσαι</em></span> <span class='ocrx_word' id='word_1_100' title='bbox 753 932 848 970; x_wconf 81' lang='grc' dir='ltr'><em>οὔτε</em></span> <span class='ocrx_word' id='word_1_101' title='bbox 889 928 1057 984; x_wconf 78' lang='grc' dir='ltr'><em>ἐμαυτῷ</em></span> <span class='ocrx_word' id='word_1_102' title='bbox 1098 931 1193 970; x_wconf 76' lang='grc' dir='ltr'><em>οὔτε</em></span> <span class='ocrx_word' id='word_1_103' title='bbox 1231 930 1315 968; x_wconf 78' lang='grc' dir='ltr'><strong>τῶν</strong></span> <span class='ocrx_word' id='word_1_104' title='bbox 1355 927 1493 979; x_wconf 78' lang='grc' dir='ltr'><em>φίλων</em></span> 
     </span>
     <span class='ocr_line' id='line_1_14' title="bbox 148 992 1493 1046; baseline -0.004 -8"><span class='ocrx_word' id='word_1_105' title='bbox 148 995 291 1039; x_wconf 83' lang='grc' dir='ltr'><em>οὐδενὶ</em></span> <span class='ocrx_word' id='word_1_106' title='bbox 320 995 418 1038; x_wconf 80' lang='grc' dir='ltr'><em>οὐδὲ</em></span> <span class='ocrx_word' id='word_1_107' title='bbox 445 999 532 1038; x_wconf 80' lang='grc' dir='ltr'><strong>τῶν</strong></span> <span class='ocrx_word' id='word_1_108' title='bbox 558 997 740 1045; x_wconf 73' lang='grc' dir='ltr'><em>οἰκείων,</em></span> <span class='ocrx_word' id='word_1_109' title='bbox 770 996 859 1037; x_wconf 85' lang='grc' dir='ltr'><em>οὐδ’</em></span> <span class='ocrx_word' id='word_1_110' title='bbox 892 993 1071 1036; x_wconf 79' lang='grc' dir='ltr'><em>ἐκσῶσαι</em></span> <span class='ocrx_word' id='word_1_111' title='bbox 1100 992 1144 1035; x_wconf 80' lang='grc' dir='ltr'><strong>ἐκ</strong></span> <span class='ocrx_word' id='word_1_112' title='bbox 1172 996 1257 1034; x_wconf 77' lang='grc' dir='ltr'><strong>τῶν</strong></span> <span class='ocrx_word' id='word_1_113' title='bbox 1286 993 1493 1046; x_wconf 86' lang='grc' dir='ltr'><em>μεγίστων</em></span> 
     </span>
    </p>
   </div>
   <div class='ocr_carea' id='block_1_4' title="bbox 145 1151 1493 1559">
    <p class='ocr_par' dir='ltr' id='par_1_4' title="bbox 145 1151 1492 1287">
     <span class='ocr_line' id='line_1_15' title="bbox 145 1151 1492 1187; baseline -0.003 -1"><span class='ocrx_word' id='word_1_114' title='bbox 145 1155 224 1187; x_wconf 85' lang='lat' dir='ltr'><strong>Vat.</strong></span> <span class='ocrx_word' id='word_1_115' title='bbox 247 1154 352 1187; x_wconf 87' lang='lat' dir='ltr'><strong>Coisl.</strong></span> <span class='ocrx_word' id='word_1_116' title='bbox 372 1154 474 1186; x_wconf 89' lang='lat' dir='ltr'><strong>Vind.</strong></span> <span class='ocrx_word' id='word_1_117' title='bbox 496 1153 527 1186; x_wconf 80' lang='lat'><strong>2.</strong></span> <span class='ocrx_word' id='word_1_118' title='bbox 544 1152 574 1187; x_wconf 87' lang='lat'><strong>6.</strong></span> <span class='ocrx_word' id='word_1_119' title='bbox 606 1154 693 1185; x_wconf 88' lang='lat' dir='ltr'><strong>Ven.</strong></span> <span class='ocrx_word' id='word_1_120' title='bbox 714 1154 790 1185; x_wconf 88' lang='grc' dir='ltr'><strong>ΞΣ.</strong></span> <span class='ocrx_word' id='word_1_121' title='bbox 821 1154 898 1186; x_wconf 85' lang='lat' dir='ltr'><strong>Par.</strong></span> <span class='ocrx_word' id='word_1_122' title='bbox 923 1152 1087 1184; x_wconf 84' lang='lat' dir='ltr'><strong>BCEW.</strong></span> <span class='ocrx_word' id='word_1_123' title='bbox 1117 1153 1257 1184; x_wconf 87' lang='lat' dir='ltr'><strong>Meerm.</strong></span> <span class='ocrx_word' id='word_1_124' title='bbox 1280 1151 1376 1183; x_wconf 88' lang='lat' dir='ltr'><strong>Bodl.</strong></span> <span class='ocrx_word' id='word_1_125' title='bbox 1402 1151 1492 1183; x_wconf 89' lang='lat' dir='ltr'><strong>Flor.</strong></span> 
     </span>
     <span class='ocr_line' id='line_1_16' title="bbox 146 1197 1492 1238; baseline -0.003 -6"><span class='ocrx_word' id='word_1_126' title='bbox 146 1211 176 1232; x_wconf 86' lang='lat' dir='ltr'><strong>a..</strong></span> <span class='ocrx_word' id='word_1_127' title='bbox 200 1202 232 1232; x_wconf 94' lang='lat' dir='ltr'><strong>b.</strong></span> <span class='ocrx_word' id='word_1_128' title='bbox 256 1210 285 1232; x_wconf 86' lang='lat' dir='ltr'><strong>e.</strong></span> <span class='ocrx_word' id='word_1_129' title='bbox 311 1200 341 1231; x_wconf 87' lang='lat' dir='ltr'><strong>d.</strong></span> <span class='ocrx_word' id='word_1_130' title='bbox 367 1200 389 1233; x_wconf 88' lang='lat' dir='ltr'><strong>f.</strong></span> <span class='ocrx_word' id='word_1_131' title='bbox 415 1210 444 1231; x_wconf 93' lang='lat' dir='ltr'><strong>o.</strong></span> <span class='ocrx_word' id='word_1_132' title='bbox 470 1211 495 1232; x_wconf 92' lang='grc'><strong>5.</strong></span> <span class='ocrx_word' id='word_1_133' title='bbox 528 1198 607 1231; x_wconf 86' lang='lat' dir='ltr'><strong>Ald.</strong></span> <span class='ocrx_word' id='word_1_134' title='bbox 625 1200 703 1231; x_wconf 85' lang='lat' dir='ltr'><strong>Bas.</strong></span> <span class='ocrx_word' id='word_1_135' title='bbox 720 1199 750 1230; x_wconf 90' lang='lat'><strong>1.</strong></span> <span class='ocrx_word' id='word_1_136' title='bbox 769 1198 800 1230; x_wconf 79' lang='lat'><strong>2.</strong></span> <span class='ocrx_word' id='word_1_137' title='bbox 835 1199 948 1230; x_wconf 86' lang='lat' dir='ltr'><strong>Etiam</strong></span> <span class='ocrx_word' id='word_1_138' title='bbox 973 1198 1117 1238; x_wconf 83' lang='lat' dir='ltr'><strong>Quintil.</strong></span> <span class='ocrx_word' id='word_1_139' title='bbox 1143 1199 1186 1238; x_wconf 90' lang='lat' dir='ltr'><strong>II,</strong></span> <span class='ocrx_word' id='word_1_140' title='bbox 1213 1197 1264 1229; x_wconf 88' lang='lat'><strong>15.</strong></span> <span class='ocrx_word' id='word_1_141' title='bbox 1291 1197 1354 1228; x_wconf 82' lang='grc' dir='ltr'><strong>δεῖ.</strong></span> <span class='ocrx_word' id='word_1_142' title='bbox 1387 1197 1492 1228; x_wconf 86' lang='lat' dir='ltr'><strong>Hein-</strong></span> 
     </span>
     <span class='ocr_line' id='line_1_17' title="bbox 147 1244 662 1287; baseline -0.004 -10"><span class='ocrx_word' id='word_1_143' title='bbox 147 1245 232 1277; x_wconf 83' lang='lat' dir='ltr'><strong>dorf.</strong></span> <span class='ocrx_word' id='word_1_144' title='bbox 255 1257 298 1277; x_wconf 85' lang='lat' dir='ltr'><strong>ex</strong></span> <span class='ocrx_word' id='word_1_145' title='bbox 321 1245 397 1277; x_wconf 84' lang='lat' dir='ltr'><strong>Par.</strong></span> <span class='ocrx_word' id='word_1_146' title='bbox 424 1244 492 1277; x_wconf 80' lang='grc' dir='ltr'><em>ἔδει</em></span> <span class='ocrx_word' id='word_1_147' title='bbox 517 1246 662 1287; x_wconf 82' lang='lat' dir='ltr'>scripsit.</span> 
     </span>
    </p>

    <p class='ocr_par' dir='ltr' id='par_1_5' title="bbox 216 1287 1446 1332">
     <span class='ocr_line' id='line_1_18' title="bbox 216 1287 1446 1332; baseline -0.003 -10"><span class='ocrx_word' id='word_1_148' title='bbox 216 1293 256 1322; x_wconf 86' lang='grc' dir='ltr'><strong>τί</strong></span> <span class='ocrx_word' id='word_1_149' title='bbox 277 1288 360 1322; x_wconf 82' lang='grc' dir='ltr'><em>πότ’</em></span> <span class='ocrx_word' id='word_1_150' title='bbox 389 1289 480 1322; x_wconf 82' lang='grc' dir='ltr'><em>ἐστι</em></span> <span class='ocrx_word' id='word_1_151' title='bbox 495 1303 512 1320; x_wconf 75' lang='grc' dir='ltr'><em>ν</em></span> <span class='ocrx_word' id='word_1_152' title='bbox 536 1288 556 1322; x_wconf 80' lang='grc' dir='ltr'><em>ἂ</em></span> <span class='ocrx_word' id='word_1_153' title='bbox 584 1287 652 1332; x_wconf 71' lang='grc' dir='ltr'><strong>σὺ]</strong></span> <span class='ocrx_word' id='word_1_154' title='bbox 678 1290 719 1321; x_wconf 93' lang='lat' dir='ltr'><strong>V.</strong></span> <span class='ocrx_word' id='word_1_155' title='bbox 746 1291 832 1327; x_wconf 72' lang='grc' dir='ltr'><em>τίνα,</em></span> <span class='ocrx_word' id='word_1_156' title='bbox 858 1299 976 1320; x_wconf 86' lang='lat' dir='ltr'><strong>rursus</strong></span> <span class='ocrx_word' id='word_1_157' title='bbox 1000 1293 1132 1331; x_wconf 86' lang='lat' dir='ltr'><strong>praeter</strong></span> <span class='ocrx_word' id='word_1_158' title='bbox 1156 1288 1311 1320; x_wconf 84' lang='lat' dir='ltr'><strong>codicum</strong></span> <span class='ocrx_word' id='word_1_159' title='bbox 1335 1287 1446 1318; x_wconf 88' lang='lat' dir='ltr'><strong>fidem.</strong></span> 
     </span>
    </p>

    <p class='ocr_par' dir='ltr' id='par_1_6' title="bbox 145 1332 1491 1559">
     <span class='ocr_line' id='line_1_19' title="bbox 217 1332 1491 1374; baseline -0.002 -7"><span class='ocrx_word' id='word_1_160' title='bbox 217 1333 369 1368; x_wconf 72' lang='grc' dir='ltr'><em>οὐδενὶ</em></span> <span class='ocrx_word' id='word_1_161' title='bbox 396 1332 505 1367; x_wconf 74' lang='grc' dir='ltr'><em>οὐδὲ</em></span> <span class='ocrx_word' id='word_1_162' title='bbox 531 1335 614 1367; x_wconf 77' lang='grc' dir='ltr'><strong>τῶν</strong></span> <span class='ocrx_word' id='word_1_163' title='bbox 639 1333 840 1374; x_wconf 71' lang='grc' dir='ltr'><strong>οἰκείων]</strong></span> <span class='ocrx_word' id='word_1_164' title='bbox 873 1334 969 1365; x_wconf 84' lang='lat' dir='ltr'><strong>Libri</strong></span> <span class='ocrx_word' id='word_1_165' title='bbox 994 1345 1111 1366; x_wconf 86' lang='lat' dir='ltr'><strong>omnes</strong></span> <span class='ocrx_word' id='word_1_166' title='bbox 1137 1332 1221 1365; x_wconf 69' lang='grc' dir='ltr'><strong>οὐδὲ</strong></span> <span class='ocrx_word' id='word_1_167' title='bbox 1247 1333 1314 1365; x_wconf 69' lang='grc' dir='ltr'><strong>τῶν</strong></span> <span class='ocrx_word' id='word_1_168' title='bbox 1339 1333 1491 1370; x_wconf 79' lang='grc' dir='ltr'><strong>οἰκείων,</strong></span> 
     </span>
     <span class='ocr_line' id='line_1_20' title="bbox 147 1379 1493 1423; baseline -0.003 -10"><span class='ocrx_word' id='word_1_169' title='bbox 147 1381 237 1423; x_wconf 85' lang='lat' dir='ltr'><strong>quod</strong></span> <span class='ocrx_word' id='word_1_170' title='bbox 262 1385 352 1413; x_wconf 84' lang='lat' dir='ltr'><strong>recte</strong></span> <span class='ocrx_word' id='word_1_171' title='bbox 377 1385 557 1412; x_wconf 74' lang='lat' dir='ltr'><strong>servarunt</strong></span> <span class='ocrx_word' id='word_1_172' title='bbox 580 1382 698 1412; x_wconf 88' lang='lat' dir='ltr'><strong>Astius</strong></span> <span class='ocrx_word' id='word_1_173' title='bbox 726 1385 757 1412; x_wconf 88' lang='lat' dir='ltr'><strong>et</strong></span> <span class='ocrx_word' id='word_1_174' title='bbox 781 1380 973 1412; x_wconf 78' lang='lat' dir='ltr'><strong>Bekkeius.</strong></span> <span class='ocrx_word' id='word_1_175' title='bbox 1019 1380 1085 1412; x_wconf 77' lang='lat' dir='ltr'><strong>sed</strong></span> <span class='ocrx_word' id='word_1_176' title='bbox 1110 1379 1306 1411; x_wconf 85' lang='lat' dir='ltr'><strong>Findeisen.</strong></span> <span class='ocrx_word' id='word_1_177' title='bbox 1332 1385 1365 1410; x_wconf 86' lang='lat' dir='ltr'><strong>et</strong></span> <span class='ocrx_word' id='word_1_178' title='bbox 1388 1379 1493 1409; x_wconf 92' lang='lat' dir='ltr'><strong>Hein-</strong></span> 
     </span>
     <span class='ocr_line' id='line_1_21' title="bbox 147 1424 1493 1478; baseline -0.002 -20"><span class='ocrx_word' id='word_1_179' title='bbox 147 1427 230 1460; x_wconf 85' lang='lat' dir='ltr'><strong>dorf.</strong></span> <span class='ocrx_word' id='word_1_180' title='bbox 263 1432 483 1459; x_wconf 82' lang='lat' dir='ltr'><strong>correxerunt</strong></span> <span class='ocrx_word' id='word_1_181' title='bbox 513 1424 602 1458; x_wconf 78' lang='grc' dir='ltr'><em>οἱίε.</em></span> <span class='ocrx_word' id='word_1_182' title='bbox 650 1427 696 1458; x_wconf 89' lang='lat' dir='ltr'><strong>At</strong></span> <span class='ocrx_word' id='word_1_183' title='bbox 726 1427 817 1457; x_wconf 88' lang='lat' dir='ltr'><strong>enim</strong></span> <span class='ocrx_word' id='word_1_184' title='bbox 849 1437 929 1457; x_wconf 83' lang='lat' dir='ltr'><strong>vero</strong></span> <span class='ocrx_word' id='word_1_185' title='bbox 961 1436 1030 1457; x_wconf 90' lang='lat' dir='ltr'><strong>non</strong></span> <span class='ocrx_word' id='word_1_186' title='bbox 1062 1431 1129 1456; x_wconf 80' lang='lat' dir='ltr'><strong>ties</strong></span> <span class='ocrx_word' id='word_1_187' title='bbox 1154 1424 1412 1478; x_wconf 83' lang='lat' dir='ltr'><strong>distinguuntur</strong></span> <span class='ocrx_word' id='word_1_188' title='bbox 1434 1435 1493 1456; x_wconf 90' lang='lat' dir='ltr'><strong>no-</strong></span> 
     </span>
     <span class='ocr_line' id='line_1_22' title="bbox 146 1466 1492 1514; baseline -0.003 -10"><span class='ocrx_word' id='word_1_189' title='bbox 146 1472 272 1512; x_wconf 83' lang='lat' dir='ltr'><strong>tiones,</strong></span> <span class='ocrx_word' id='word_1_190' title='bbox 307 1471 367 1504; x_wconf 85' lang='lat' dir='ltr'><strong>sed</strong></span> <span class='ocrx_word' id='word_1_191' title='bbox 398 1471 502 1511; x_wconf 89' lang='lat' dir='ltr'><strong>duae,</strong></span> <span class='ocrx_word' id='word_1_192' title='bbox 532 1473 580 1503; x_wconf 89' lang='lat' dir='ltr'><strong>ita</strong></span> <span class='ocrx_word' id='word_1_193' title='bbox 611 1477 650 1503; x_wconf 88' lang='lat' dir='ltr'><strong>ut</strong></span> <span class='ocrx_word' id='word_1_194' title='bbox 682 1469 760 1503; x_wconf 77' lang='grc' dir='ltr'><em>οίτε</em></span> <span class='ocrx_word' id='word_1_195' title='bbox 793 1470 927 1514; x_wconf 78' lang='grc' dir='ltr'><em>ἐμαιτω</em></span> <span class='ocrx_word' id='word_1_196' title='bbox 960 1475 993 1502; x_wconf 89' lang='lat' dir='ltr'><strong>et</strong></span> <span class='ocrx_word' id='word_1_197' title='bbox 1028 1469 1106 1502; x_wconf 74' lang='grc' dir='ltr'><strong>οὔτε</strong></span> <span class='ocrx_word' id='word_1_198' title='bbox 1138 1469 1205 1502; x_wconf 75' lang='grc' dir='ltr'><strong>τῶι</strong></span> <span class='ocrx_word' id='word_1_199' title='bbox 1233 1471 1346 1510; x_wconf 70' lang='grc' dir='ltr'><em>φιλο]</em></span> <span class='ocrx_word' id='word_1_200' title='bbox 1371 1466 1492 1501; x_wconf 50' lang='lat' dir='ltr'><strong>ostem-Z</strong></span> 
     </span>
     <span class='ocr_line' id='line_1_23' title="bbox 145 1513 1492 1559; baseline -0.002 -10"><span class='ocrx_word' id='word_1_201' title='bbox 145 1518 234 1549; x_wconf 81' lang='lat' dir='ltr'><strong>inter</strong></span> <span class='ocrx_word' id='word_1_202' title='bbox 248 1528 283 1549; x_wconf 89' lang='lat' dir='ltr'><strong>se</strong></span> <span class='ocrx_word' id='word_1_203' title='bbox 301 1522 528 1559; x_wconf 88' lang='lat' dir='ltr'><strong>opponantur.</strong></span> <span class='ocrx_word' id='word_1_204' title='bbox 571 1517 644 1548; x_wconf 89' lang='lat' dir='ltr'><strong>Iam</strong></span> <span class='ocrx_word' id='word_1_205' title='bbox 661 1516 703 1548; x_wconf 86' lang='lat' dir='ltr'><strong>ad</strong></span> <span class='ocrx_word' id='word_1_206' title='bbox 721 1516 863 1548; x_wconf 82' lang='lat' dir='ltr'><strong>alterum</strong></span> <span class='ocrx_word' id='word_1_207' title='bbox 888 1517 953 1548; x_wconf 86' lang='lat' dir='ltr'><strong>hoe</strong></span> <span class='ocrx_word' id='word_1_208' title='bbox 979 1516 1114 1548; x_wconf 80' lang='lat' dir='ltr'><strong>additm</strong></span> <span class='ocrx_word' id='word_1_209' title='bbox 1139 1513 1224 1548; x_wconf 62' lang='grc' dir='ltr'><strong>οὐδὲ</strong></span> <span class='ocrx_word' id='word_1_210' title='bbox 1248 1515 1316 1547; x_wconf 75' lang='grc' dir='ltr'><em>τῶι</em></span> <span class='ocrx_word' id='word_1_211' title='bbox 1339 1515 1492 1554; x_wconf 66' lang='grc' dir='ltr'><em>οἰκεῖ’,ωι</em></span> 
     </span>
    </p>
   </div>
   <div class='ocr_carea' id='block_1_5' title="bbox 146 1673 1494 1774">
    <p class='ocr_par' dir='ltr' id='par_1_7' title="bbox 146 1673 1494 1763">
     <span class='ocr_line' id='line_1_24' title="bbox 148 1673 1491 1716; baseline -0.001 -9"><span class='ocrx_word' id='word_1_212' title='bbox 148 1680 210 1707; x_wconf 89' lang='lat' dir='ltr'><strong>tar.</strong></span> <span class='ocrx_word' id='word_1_213' title='bbox 242 1675 279 1706; x_wconf 90' lang='lat' dir='ltr'><strong>in</strong></span> <span class='ocrx_word' id='word_1_214' title='bbox 313 1673 422 1706; x_wconf 83' lang='lat' dir='ltr'><strong>Ethjc.</strong></span> <span class='ocrx_word' id='word_1_215' title='bbox 455 1674 630 1705; x_wconf 83' lang='lat' dir='ltr'><strong>Aristotel.</strong></span> <span class='ocrx_word' id='word_1_216' title='bbox 655 1674 787 1705; x_wconf 81' lang='lat' dir='ltr'><strong>Nieom.</strong></span> <span class='ocrx_word' id='word_1_217' title='bbox 859 1673 896 1705; x_wconf 91' lang='lat' dir='ltr'><strong>C.</strong></span> <span class='ocrx_word' id='word_1_218' title='bbox 932 1673 1122 1715; x_wconf 86' lang='lat' dir='ltr'><strong>Euthyphr.</strong></span> <span class='ocrx_word' id='word_1_219' title='bbox 1156 1684 1186 1715; x_wconf 90' lang='lat' dir='ltr'><strong>p.</strong></span> <span class='ocrx_word' id='word_1_220' title='bbox 1220 1673 1272 1706; x_wconf 82' lang='lat'><strong>15.</strong></span> <span class='ocrx_word' id='word_1_221' title='bbox 1305 1674 1345 1705; x_wconf 92' lang='lat' dir='ltr'><strong>A.</strong></span> <span class='ocrx_word' id='word_1_222' title='bbox 1389 1674 1491 1716; x_wconf 88' lang='lat' dir='ltr'><strong>Hipp.</strong></span> 
     </span>
     <span class='ocr_line' id='line_1_25' title="bbox 146 1718 1494 1774; baseline -0.001 -22"><span class='ocrx_word' id='word_1_223' title='bbox 146 1731 178 1763; x_wconf 89' lang='lat' dir='ltr'><strong>p.</strong></span> <span class='ocrx_word' id='word_1_224' title='bbox 203 1719 269 1753; x_wconf 79' lang='lat'><strong>212</strong></span> <span class='ocrx_word' id='word_1_225' title='bbox 294 1730 386 1774; x_wconf 85' lang='lat' dir='ltr'>seqq.</span> <span class='ocrx_word' id='word_1_226' title='bbox 413 1718 464 1751; x_wconf 85' lang='lat' dir='ltr'><strong>ed.</strong></span> <span class='ocrx_word' id='word_1_227' title='bbox 488 1720 647 1751; x_wconf 82' lang='lat' dir='ltr'><strong>Francos.</strong></span> <span class='ocrx_word' id='word_1_228' title='bbox 857 1719 938 1750; x_wconf 86' lang='lat' dir='ltr'><strong>Mai.</strong></span> <span class='ocrx_word' id='word_1_229' title='bbox 959 1730 990 1760; x_wconf 89' lang='lat' dir='ltr'><strong>p.</strong></span> <span class='ocrx_word' id='word_1_230' title='bbox 1007 1718 1082 1751; x_wconf 72' lang='lat'><strong>285.</strong></span> <span class='ocrx_word' id='word_1_231' title='bbox 1101 1720 1143 1750; x_wconf 90' lang='lat' dir='ltr'><strong>D.</strong></span> <span class='ocrx_word' id='word_1_232' title='bbox 1167 1718 1283 1760; x_wconf 80' lang='lat' dir='ltr'>ibique</span> <span class='ocrx_word' id='word_1_233' title='bbox 1307 1730 1378 1751; x_wconf 85' lang='lat' dir='ltr'><strong>var.</strong></span> <span class='ocrx_word' id='word_1_234' title='bbox 1402 1720 1494 1751; x_wconf 83' lang='lat' dir='ltr'><strong>lectt.</strong></span> 
     </span>
    </p>
   </div>
   <div class='ocr_carea' id='block_1_6' title="bbox 143 1761 785 2305">
    <p class='ocr_par' dir='ltr' id='par_1_8' title="bbox 143 1761 785 2305">
     <span class='ocr_line' id='line_1_26' title="bbox 192 1761 784 1818; baseline 0 -21"><span class='ocrx_word' id='word_1_235' title='bbox 192 1761 314 1797; x_wconf 79' lang='grc' dir='ltr'><em>Εἶεν.</em></span> <span class='ocrx_word' id='word_1_236' title='bbox 353 1763 372 1807; x_wconf 81' lang='grc' dir='ltr'><em>ἢ</em></span> <span class='ocrx_word' id='word_1_237' title='bbox 405 1764 689 1818; x_wconf 70' lang='grc' dir='ltr'><em>ἐξελεγκτέος</em></span> <span class='ocrx_word' id='word_1_238' title='bbox 721 1762 784 1806; x_wconf 75' lang='lat' dir='ltr'><strong>—J</strong></span> 
     </span>
     <span class='ocr_line' id='line_1_27' title="bbox 146 1810 785 1842; baseline -0.002 -1"><span class='ocrx_word' id='word_1_239' title='bbox 146 1811 261 1842; x_wconf 87' lang='lat' dir='ltr'><strong>Etiam</strong></span> <span class='ocrx_word' id='word_1_240' title='bbox 278 1811 342 1842; x_wconf 86' lang='lat' dir='ltr'><strong>hoc</strong></span> <span class='ocrx_word' id='word_1_241' title='bbox 359 1810 433 1842; x_wconf 82' lang='lat' dir='ltr'><strong>loco</strong></span> <span class='ocrx_word' id='word_1_242' title='bbox 455 1811 527 1841; x_wconf 80' lang='grc' dir='ltr'><strong>εἷεν</strong></span> <span class='ocrx_word' id='word_1_243' title='bbox 550 1810 785 1842; x_wconf 79' lang='lat' dir='ltr'><strong>transitionem</strong></span> 
     </span>
     <span class='ocr_line' id='line_1_28' title="bbox 146 1855 785 1887; baseline -0.002 0"><span class='ocrx_word' id='word_1_244' title='bbox 146 1856 228 1887; x_wconf 85' lang='lat' dir='ltr'><strong>facit</strong></span> <span class='ocrx_word' id='word_1_245' title='bbox 259 1855 302 1887; x_wconf 84' lang='lat' dir='ltr'><strong>ad</strong></span> <span class='ocrx_word' id='word_1_246' title='bbox 335 1856 439 1887; x_wconf 87' lang='lat' dir='ltr'><strong>aliam</strong></span> <span class='ocrx_word' id='word_1_247' title='bbox 474 1866 556 1887; x_wconf 83' lang='lat' dir='ltr'><strong>rem.</strong></span> <span class='ocrx_word' id='word_1_248' title='bbox 587 1866 619 1886; x_wconf 88' lang='lat' dir='ltr'><strong>v.</strong></span> <span class='ocrx_word' id='word_1_249' title='bbox 651 1855 694 1886; x_wconf 84' lang='lat' dir='ltr'><strong>ad</strong></span> <span class='ocrx_word' id='word_1_250' title='bbox 718 1855 785 1886; x_wconf 88' lang='lat' dir='ltr'><strong>Eu-</strong></span> 
     </span>
     <span class='ocr_line' id='line_1_29' title="bbox 147 1899 783 1943; baseline 0.002 -10"><span class='ocrx_word' id='word_1_251' title='bbox 147 1901 283 1943; x_wconf 88' lang='lat' dir='ltr'><strong>thyphr.</strong></span> <span class='ocrx_word' id='word_1_252' title='bbox 313 1912 346 1943; x_wconf 87' lang='lat' dir='ltr'><strong>p.</strong></span> <span class='ocrx_word' id='word_1_253' title='bbox 374 1899 427 1933; x_wconf 89' lang='lat'><strong>13.</strong></span> <span class='ocrx_word' id='word_1_254' title='bbox 453 1901 496 1932; x_wconf 90' lang='lat' dir='ltr'><strong>D.</strong></span> <span class='ocrx_word' id='word_1_255' title='bbox 533 1900 575 1932; x_wconf 88' lang='lat' dir='ltr'><strong>ad</strong></span> <span class='ocrx_word' id='word_1_256' title='bbox 610 1900 783 1934; x_wconf 80' lang='lat' dir='ltr'><strong>Phaedon.</strong></span> 
     </span>
     <span class='ocr_line' id='line_1_30' title="bbox 145 1946 783 1988; baseline 0 -11"><span class='ocrx_word' id='word_1_257' title='bbox 145 1958 175 1988; x_wconf 92' lang='lat' dir='ltr'><strong>p.</strong></span> <span class='ocrx_word' id='word_1_258' title='bbox 200 1946 254 1979; x_wconf 85' lang='lat'><strong>95.</strong></span> <span class='ocrx_word' id='word_1_259' title='bbox 278 1947 318 1978; x_wconf 97' lang='lat' dir='ltr'><strong>A.</strong></span> <span class='ocrx_word' id='word_1_260' title='bbox 366 1946 482 1978; x_wconf 84' lang='lat' dir='ltr'><strong>Verba</strong></span> <span class='ocrx_word' id='word_1_261' title='bbox 510 1947 560 1978; x_wconf 88' lang='lat' dir='ltr'><strong>sie</strong></span> <span class='ocrx_word' id='word_1_262' title='bbox 590 1946 783 1988; x_wconf 81' lang='lat' dir='ltr'><strong>intelligas:</strong></span> 
     </span>
     <span class='ocr_line' id='line_1_31' title="bbox 143 1991 783 2023; baseline -0.002 0"><span class='ocrx_word' id='word_1_263' title='bbox 143 1993 230 2023; x_wconf 77' lang='lat' dir='ltr'><strong>Iam</strong></span> <span class='ocrx_word' id='word_1_264' title='bbox 269 1997 342 2023; x_wconf 84' lang='lat' dir='ltr'><strong>aut</strong></span> <span class='ocrx_word' id='word_1_265' title='bbox 378 1991 632 2023; x_wconf 85' lang='lat' dir='ltr'><strong>refellenda</strong></span> <span class='ocrx_word' id='word_1_266' title='bbox 676 1991 783 2023; x_wconf 88' lang='lat' dir='ltr'><strong>haec</strong></span> 
     </span>
     <span class='ocr_line' id='line_1_32' title="bbox 145 2036 783 2078; baseline 0 -10"><span class='ocrx_word' id='word_1_267' title='bbox 145 2036 394 2078; x_wconf 83' lang='lat' dir='ltr'><strong>disputatio</strong></span> <span class='ocrx_word' id='word_1_268' title='bbox 443 2041 508 2068; x_wconf 88' lang='lat' dir='ltr'><strong>est</strong></span> <span class='ocrx_word' id='word_1_269' title='bbox 549 2042 678 2078; x_wconf 82' lang='lat' dir='ltr'><strong>atque</strong></span> <span class='ocrx_word' id='word_1_270' title='bbox 721 2036 783 2068; x_wconf 90' lang='lat' dir='ltr'><strong>do-</strong></span> 
     </span>
     <span class='ocr_line' id='line_1_33' title="bbox 145 2081 783 2114; baseline -0.002 0"><span class='ocrx_word' id='word_1_271' title='bbox 145 2081 324 2114; x_wconf 86' lang='lat' dir='ltr'><strong>cendum</strong></span> <span class='ocrx_word' id='word_1_272' title='bbox 361 2092 444 2113; x_wconf 90' lang='lat' dir='ltr'><strong>non</strong></span> <span class='ocrx_word' id='word_1_273' title='bbox 482 2082 693 2114; x_wconf 88' lang='lat' dir='ltr'><strong>iustitiae</strong></span> <span class='ocrx_word' id='word_1_274' title='bbox 736 2091 783 2113; x_wconf 85' lang='lat' dir='ltr'><strong>ac</strong></span> 
     </span>
     <span class='ocr_line' id='line_1_34' title="bbox 146 2127 783 2169; baseline -0.002 -10"><span class='ocrx_word' id='word_1_275' title='bbox 146 2127 469 2169; x_wconf 81' lang='lat' dir='ltr'><strong>temperantiae</strong></span> <span class='ocrx_word' id='word_1_276' title='bbox 492 2128 783 2168; x_wconf 80' lang='lat' dir='ltr'><strong>possessione</strong></span> 
     </span>
     <span class='ocr_line' id='line_1_35' title="bbox 144 2171 783 2205; baseline -0.002 -1"><span class='ocrx_word' id='word_1_277' title='bbox 144 2173 348 2205; x_wconf 90' lang='lat' dir='ltr'><strong>homines</strong></span> <span class='ocrx_word' id='word_1_278' title='bbox 372 2171 529 2203; x_wconf 84' lang='lat' dir='ltr'><strong>felices</strong></span> <span class='ocrx_word' id='word_1_279' title='bbox 553 2173 783 2204; x_wconf 82' lang='lat' dir='ltr'><strong>exsistere.</strong></span> 
     </span>
     <span class='ocr_line' id='line_1_36' title="bbox 145 2216 783 2260; baseline -0.005 -9"><span class='ocrx_word' id='word_1_280' title='bbox 145 2219 198 2250; x_wconf 87' lang='lat' dir='ltr'><strong>De</strong></span> <span class='ocrx_word' id='word_1_281' title='bbox 229 2219 295 2250; x_wconf 83' lang='lat' dir='ltr'><strong>hoe</strong></span> <span class='ocrx_word' id='word_1_282' title='bbox 324 2227 391 2249; x_wconf 87' lang='lat' dir='ltr'><strong>usu</strong></span> <span class='ocrx_word' id='word_1_283' title='bbox 420 2216 517 2249; x_wconf 86' lang='lat' dir='ltr'><strong>verbi</strong></span> <span class='ocrx_word' id='word_1_284' title='bbox 543 2216 728 2260; x_wconf 77' lang='grc' dir='ltr'><em>ἐξελέγχειν</em></span> <span class='ocrx_word' id='word_1_285' title='bbox 752 2228 783 2248; x_wconf 91' lang='lat' dir='ltr'><strong>v.</strong></span> 
     </span>
     <span class='ocr_line' id='line_1_37' title="bbox 144 2261 411 2305; baseline -0.004 -10"><span class='ocrx_word' id='word_1_286' title='bbox 144 2263 187 2295; x_wconf 85' lang='lat' dir='ltr'><strong>ad</strong></span> <span class='ocrx_word' id='word_1_287' title='bbox 210 2274 243 2305; x_wconf 91' lang='lat' dir='ltr'><strong>p.</strong></span> <span class='ocrx_word' id='word_1_288' title='bbox 267 2261 346 2296; x_wconf 85' lang='lat'><strong>467.</strong></span> <span class='ocrx_word' id='word_1_289' title='bbox 370 2264 411 2294; x_wconf 89' lang='lat' dir='ltr'><strong>A.</strong></span> 
     </span>
    </p>
   </div>
   <div class='ocr_carea' id='block_1_7' title="bbox 144 2328 785 2418">
    <p class='ocr_par' dir='ltr' id='par_1_9' title="bbox 144 2328 785 2418">
     <span class='ocr_line' id='line_1_38' title="bbox 189 2328 785 2364; baseline -0.002 -2"><span class='ocrx_word' id='word_1_290' title='bbox 189 2331 228 2362; x_wconf 92' lang='lat' dir='ltr'><strong>B.</strong></span> <span class='ocrx_word' id='word_1_291' title='bbox 284 2332 438 2364; x_wconf 79' lang='grc' dir='ltr'><em>κακίας·</em></span> <span class='ocrx_word' id='word_1_292' title='bbox 477 2329 523 2362; x_wconf 80' lang='grc' dir='ltr'><strong>δὲ</strong></span> <span class='ocrx_word' id='word_1_293' title='bbox 558 2328 708 2362; x_wconf 73' lang='grc' dir='ltr'><em>ἄθλιοι</em></span> <span class='ocrx_word' id='word_1_294' title='bbox 744 2329 785 2361; x_wconf 86' lang='grc' dir='ltr'><strong>οἱ</strong></span> 
     </span>
     <span class='ocr_line' id='line_1_39' title="bbox 144 2373 782 2418; baseline -0.002 -11"><span class='ocrx_word' id='word_1_295' title='bbox 144 2373 313 2418; x_wconf 77' lang='grc' dir='ltr'><em>ἄθλιοι]</em></span> <span class='ocrx_word' id='word_1_296' title='bbox 339 2376 382 2407; x_wconf 92' lang='grc' dir='ltr'><strong>Η.</strong></span> <span class='ocrx_word' id='word_1_297' title='bbox 408 2386 436 2407; x_wconf 86' lang='lat' dir='ltr'><strong>e.</strong></span> <span class='ocrx_word' id='word_1_298' title='bbox 463 2373 547 2407; x_wconf 71' lang='grc' dir='ltr'><em>οὐδὲ</em></span> <span class='ocrx_word' id='word_1_299' title='bbox 565 2378 683 2408; x_wconf 68' lang='grc' dir='ltr'><em>κακίας</em></span> <span class='ocrx_word' id='word_1_300' title='bbox 708 2373 782 2418; x_wconf 83' lang='grc' dir='ltr'><em>κτή-</em></span> 
     </span>
    </p>
   </div>
   <div class='ocr_carea' id='block_1_8' title="bbox 149 2418 785 2453">
    <p class='ocr_par' dir='ltr' id='par_1_10' title="bbox 149 2418 785 2453">
     <span class='ocr_line' id='line_1_40' title="bbox 149 2418 785 2453; baseline -0.002 -1"><span class='ocrx_word' id='word_1_301' title='bbox 149 2431 199 2452; x_wconf 81' lang='grc' dir='ltr'><strong>σει</strong></span> <span class='ocrx_word' id='word_1_302' title='bbox 233 2418 346 2452; x_wconf 78' lang='grc' dir='ltr'><em>ἄθλιοι</em></span> <span class='ocrx_word' id='word_1_303' title='bbox 378 2421 412 2452; x_wconf 87' lang='grc' dir='ltr'><strong>οἱ</strong></span> <span class='ocrx_word' id='word_1_304' title='bbox 442 2419 567 2453; x_wconf 73' lang='grc' dir='ltr'><em>ἄθλιοι.</em></span> <span class='ocrx_word' id='word_1_305' title='bbox 615 2421 703 2452; x_wconf 82' lang='lat' dir='ltr'><strong>Nam</strong></span> <span class='ocrx_word' id='word_1_306' title='bbox 727 2431 785 2451; x_wconf 88' lang='lat' dir='ltr'><strong>ne-</strong></span> 
     </span>
    </p>
   </div>
   <div class='ocr_carea' id='block_1_9' title="bbox 145 2465 783 2552">
    <p class='ocr_par' dir='ltr' id='par_1_11' title="bbox 145 2465 783 2552">
     <span class='ocr_line' id='line_1_41' title="bbox 146 2465 783 2508; baseline -0.002 -10"><span class='ocrx_word' id='word_1_307' title='bbox 146 2465 251 2508; x_wconf 87' lang='lat' dir='ltr'><strong>gandi</strong></span> <span class='ocrx_word' id='word_1_308' title='bbox 266 2466 435 2507; x_wconf 82' lang='lat' dir='ltr'><strong>particula</strong></span> <span class='ocrx_word' id='word_1_309' title='bbox 456 2467 556 2498; x_wconf 85' lang='lat' dir='ltr'><strong>etiam</strong></span> <span class='ocrx_word' id='word_1_310' title='bbox 576 2466 618 2497; x_wconf 84' lang='lat' dir='ltr'><strong>ad</strong></span> <span class='ocrx_word' id='word_1_311' title='bbox 643 2465 783 2498; x_wconf 85' lang='lat' dir='ltr'><strong>alteram</strong></span> 
     </span>
     <span class='ocr_line' id='line_1_42' title="bbox 145 2511 783 2552; baseline 0.003 -10"><span class='ocrx_word' id='word_1_312' title='bbox 145 2511 314 2543; x_wconf 84' lang='lat' dir='ltr'><strong>enuntiati</strong></span> <span class='ocrx_word' id='word_1_313' title='bbox 346 2517 474 2552; x_wconf 85' lang='lat' dir='ltr'><strong>partem</strong></span> <span class='ocrx_word' id='word_1_314' title='bbox 510 2511 687 2544; x_wconf 86' lang='lat' dir='ltr'><strong>referenda</strong></span> <span class='ocrx_word' id='word_1_315' title='bbox 722 2516 783 2545; x_wconf 83' lang='lat' dir='ltr'><strong>est.</strong></span> 
     </span>
    </p>
   </div>
   <div class='ocr_carea' id='block_1_10' title="bbox 145 2554 470 2598">
    <p class='ocr_par' dir='ltr' id='par_1_12' title="bbox 145 2554 470 2598">
     <span class='ocr_line' id='line_1_43' title="bbox 145 2554 470 2598; baseline -0.003 -10"><span class='ocrx_word' id='word_1_316' title='bbox 145 2554 470 2598; x_wconf 78' lang='lat' dir='ltr'><strong>v.adp...512A</strong></span> 
     </span>
    </p>
   </div>
   <div class='ocr_carea' id='block_1_11' title="bbox 145 2621 783 2707">
    <p class='ocr_par' dir='ltr' id='par_1_13' title="bbox 145 2621 783 2701">
     <span class='ocr_line' id='line_1_44' title="bbox 193 2621 783 2677; baseline 0 -22"><span class='ocrx_word' id='word_1_317' title='bbox 193 2635 228 2655; x_wconf 80' lang='grc' dir='ltr'><strong>τι</strong></span> <span class='ocrx_word' id='word_1_318' title='bbox 261 2621 306 2655; x_wconf 87' lang='grc' dir='ltr'><strong>τὰ</strong></span> <span class='ocrx_word' id='word_1_319' title='bbox 340 2623 677 2677; x_wconf 68' lang='grc' dir='ltr'><em>συμβαιιοιτα]</em></span> <span class='ocrx_word' id='word_1_320' title='bbox 700 2625 783 2656; x_wconf 80' lang='lat' dir='ltr'><strong>Mox</strong></span> 
     </span>
     <span class='ocr_line' id='line_1_45' title="bbox 145 2665 782 2707; baseline -0.002 -6"><span class='ocrx_word' id='word_1_321' title='bbox 145 2673 225 2701; x_wconf 82' lang='lat' dir='ltr'><strong>sect.</strong></span> <span class='ocrx_word' id='word_1_322' title='bbox 250 2668 297 2700; x_wconf 90' lang='lat' dir='ltr'><strong>C:</strong></span> <span class='ocrx_word' id='word_1_323' title='bbox 324 2681 353 2700; x_wconf 85' lang='grc' dir='ltr'><strong>τι</strong></span> <span class='ocrx_word' id='word_1_324' title='bbox 379 2665 449 2700; x_wconf 85' lang='grc' dir='ltr'><em>πότ’</em></span> <span class='ocrx_word' id='word_1_325' title='bbox 477 2667 568 2700; x_wconf 82' lang='grc' dir='ltr'><em>ἐστιν</em></span> <span class='ocrx_word' id='word_1_326' title='bbox 591 2667 611 2700; x_wconf 79' lang='grc' dir='ltr'><em>ἃ</em></span> <span class='ocrx_word' id='word_1_327' title='bbox 640 2666 682 2700; x_wconf 79' lang='grc' dir='ltr'><strong>σὺ</strong></span> <span class='ocrx_word' id='word_1_328' title='bbox 707 2668 782 2707; x_wconf 78' lang='grc' dir='ltr'><em>ἐμοὶ</em></span> 
     </span>
    </p>
   </div>
   <div class='ocr_carea' id='block_1_12' title="bbox 144 2711 782 2756">
    <p class='ocr_par' dir='ltr' id='par_1_14' title="bbox 144 2711 782 2756">
     <span class='ocr_line' id='line_1_46' title="bbox 144 2711 782 2756; baseline 0.003 -11"><span class='ocrx_word' id='word_1_329' title='bbox 144 2711 336 2755; x_wconf 19' lang='grc' dir='ltr'><em>ὀνειδιᾛζεις</em></span> <span class='ocrx_word' id='word_1_330' title='bbox 361 2713 489 2748; x_wconf 84' lang='lat' dir='ltr'><strong>Phaed.</strong></span> <span class='ocrx_word' id='word_1_331' title='bbox 508 2725 539 2755; x_wconf 90' lang='lat' dir='ltr'><strong>p.</strong></span> <span class='ocrx_word' id='word_1_332' title='bbox 556 2712 610 2746; x_wconf 87' lang='lat'><strong>57.</strong></span> <span class='ocrx_word' id='word_1_333' title='bbox 625 2716 665 2746; x_wconf 93' lang='lat' dir='ltr'><strong>A.</strong></span> <span class='ocrx_word' id='word_1_334' title='bbox 682 2725 713 2756; x_wconf 92' lang='lat' dir='ltr'><strong>p.</strong></span> <span class='ocrx_word' id='word_1_335' title='bbox 729 2713 782 2747; x_wconf 85' lang='lat'><strong>58.</strong></span> 
     </span>
    </p>
   </div>
   <div class='ocr_carea' id='block_1_13' title="bbox 853 1764 1495 1986">
    <p class='ocr_par' dir='ltr' id='par_1_15' title="bbox 853 1764 1495 1986">
     <span class='ocr_line' id='line_1_47' title="bbox 857 1764 1495 1797; baseline 0.002 -2"><span class='ocrx_word' id='word_1_336' title='bbox 857 1764 923 1795; x_wconf 78' lang='lat' dir='ltr'><strong>Sed</strong></span> <span class='ocrx_word' id='word_1_337' title='bbox 954 1775 1022 1796; x_wconf 86' lang='lat' dir='ltr'><strong>non</strong></span> <span class='ocrx_word' id='word_1_338' title='bbox 1053 1775 1165 1796; x_wconf 83' lang='lat' dir='ltr'><strong>raram</strong></span> <span class='ocrx_word' id='word_1_339' title='bbox 1196 1775 1270 1796; x_wconf 89' lang='lat' dir='ltr'><strong>esse</strong></span> <span class='ocrx_word' id='word_1_340' title='bbox 1301 1765 1391 1796; x_wconf 84' lang='lat' dir='ltr'><strong>hanc</strong></span> <span class='ocrx_word' id='word_1_341' title='bbox 1415 1776 1495 1797; x_wconf 85' lang='lat' dir='ltr'><strong>eon-</strong></span> 
     </span>
     <span class='ocr_line' id='line_1_48' title="bbox 857 1809 1494 1842; baseline 0.002 -1"><span class='ocrx_word' id='word_1_342' title='bbox 857 1811 1076 1841; x_wconf 79' lang='lat' dir='ltr'><strong>snuetionem</strong></span> <span class='ocrx_word' id='word_1_343' title='bbox 1109 1809 1209 1841; x_wconf 86' lang='lat' dir='ltr'><strong>hodie</strong></span> <span class='ocrx_word' id='word_1_344' title='bbox 1241 1811 1324 1841; x_wconf 84' lang='lat' dir='ltr'><strong>satis</strong></span> <span class='ocrx_word' id='word_1_345' title='bbox 1354 1816 1494 1842; x_wconf 81' lang='lat' dir='ltr'><strong>constat.</strong></span> 
     </span>
     <span class='ocr_line' id='line_1_49' title="bbox 855 1855 1494 1898; baseline 0.002 -12"><span class='ocrx_word' id='word_1_346' title='bbox 855 1856 1021 1897; x_wconf 76' lang='lat' dir='ltr'><strong>Exempla</strong></span> <span class='ocrx_word' id='word_1_347' title='bbox 1047 1855 1187 1898; x_wconf 81' lang='lat' dir='ltr'><strong>collegit</strong></span> <span class='ocrx_word' id='word_1_348' title='bbox 1205 1855 1429 1887; x_wconf 83' lang='lat' dir='ltr'><strong>Heindorf.</strong></span> <span class='ocrx_word' id='word_1_349' title='bbox 1451 1856 1494 1887; x_wconf 82' lang='lat' dir='ltr'><strong>ad</strong></span> 
     </span>
     <span class='ocr_line' id='line_1_50' title="bbox 854 1901 1493 1943; baseline 0.002 -11"><span class='ocrx_word' id='word_1_350' title='bbox 854 1901 887 1932; x_wconf 92' lang='lat' dir='ltr'><strong>h.</strong></span> <span class='ocrx_word' id='word_1_351' title='bbox 912 1901 934 1931; x_wconf 92' lang='lat' dir='ltr'><strong>l.</strong></span> <span class='ocrx_word' id='word_1_352' title='bbox 967 1905 1000 1932; x_wconf 88' lang='lat' dir='ltr'><strong>et</strong></span> <span class='ocrx_word' id='word_1_353' title='bbox 1029 1901 1179 1942; x_wconf 85' lang='lat' dir='ltr'><strong>Krueg</strong></span> <span class='ocrx_word' id='word_1_354' title='bbox 1190 1911 1244 1932; x_wconf 80' lang='lat' dir='ltr'><strong>el.</strong></span> <span class='ocrx_word' id='word_1_355' title='bbox 1270 1901 1311 1933; x_wconf 83' lang='lat' dir='ltr'><strong>ad</strong></span> <span class='ocrx_word' id='word_1_356' title='bbox 1337 1901 1493 1943; x_wconf 80' lang='lat' dir='ltr'><strong>Xenoph.</strong></span> 
     </span>
     <span class='ocr_line' id='line_1_51' title="bbox 853 1944 1213 1986; baseline 0 -9"><span class='ocrx_word' id='word_1_357' title='bbox 853 1945 1005 1978; x_wconf 88' lang='lat' dir='ltr'><strong>Anabas.</strong></span> <span class='ocrx_word' id='word_1_358' title='bbox 1030 1947 1056 1986; x_wconf 91' lang='lat' dir='ltr'><strong>I,</strong></span> <span class='ocrx_word' id='word_1_359' title='bbox 1083 1944 1136 1985; x_wconf 85' lang='lat'><strong>10,</strong></span> <span class='ocrx_word' id='word_1_360' title='bbox 1162 1945 1213 1978; x_wconf 88' lang='grc'><strong>14.</strong></span> 
     </span>
    </p>
   </div>
   <div class='ocr_carea' id='block_1_14' title="bbox 851 2011 1493 2634">
    <p class='ocr_par' dir='ltr' id='par_1_16' title="bbox 851 2011 1493 2634">
     <span class='ocr_line' id='line_1_52' title="bbox 898 2011 1492 2055; baseline 0.003 -11"><span class='ocrx_word' id='word_1_361' title='bbox 898 2011 941 2044; x_wconf 84' lang='grc' dir='ltr'><strong>τὰ</strong></span> <span class='ocrx_word' id='word_1_362' title='bbox 968 2011 1175 2052; x_wconf 74' lang='grc' dir='ltr'><em>πρόσθεν</em></span> <span class='ocrx_word' id='word_1_363' title='bbox 1201 2013 1423 2055; x_wconf 56' lang='lat' dir='ltr'><strong>{wiva-q</strong></span> <span class='ocrx_word' id='word_1_364' title='bbox 1451 2014 1492 2046; x_wconf 81' lang='lat' dir='ltr'><strong>V.</strong></span> 
     </span>
     <span class='ocr_line' id='line_1_53' title="bbox 852 2058 1492 2101; baseline 0.002 -11"><span class='ocrx_word' id='word_1_365' title='bbox 852 2070 883 2101; x_wconf 93' lang='lat' dir='ltr'><strong>p.</strong></span> <span class='ocrx_word' id='word_1_366' title='bbox 907 2058 983 2091; x_wconf 81' lang='lat'><strong>480.</strong></span> <span class='ocrx_word' id='word_1_367' title='bbox 1009 2060 1045 2090; x_wconf 93' lang='lat' dir='ltr'><strong>B.</strong></span> <span class='ocrx_word' id='word_1_368' title='bbox 1072 2070 1164 2100; x_wconf 84' lang='lat' dir='ltr'><strong>seqq.</strong></span> <span class='ocrx_word' id='word_1_369' title='bbox 1211 2059 1389 2091; x_wconf 84' lang='lat' dir='ltr'><strong>Illustrant</strong></span> <span class='ocrx_word' id='word_1_370' title='bbox 1412 2071 1492 2091; x_wconf 87' lang='lat' dir='ltr'><strong>vero</strong></span> 
     </span>
     <span class='ocr_line' id='line_1_54' title="bbox 852 2104 1491 2146; baseline 0.002 -11"><span class='ocrx_word' id='word_1_371' title='bbox 852 2104 936 2135; x_wconf 82' lang='lat' dir='ltr'><strong>haec</strong></span> <span class='ocrx_word' id='word_1_372' title='bbox 961 2105 1152 2136; x_wconf 83' lang='lat' dir='ltr'><strong>sententiae</strong></span> <span class='ocrx_word' id='word_1_373' title='bbox 1174 2115 1393 2146; x_wconf 83' lang='lat' dir='ltr'><strong>praegressae</strong></span> <span class='ocrx_word' id='word_1_374' title='bbox 1417 2116 1491 2146; x_wconf 87' lang='lat' dir='ltr'><strong>par-</strong></span> 
     </span>
     <span class='ocr_line' id='line_1_55' title="bbox 853 2149 1491 2192; baseline 0.002 -12"><span class='ocrx_word' id='word_1_375' title='bbox 853 2155 919 2180; x_wconf 87' lang='lat' dir='ltr'><strong>tem</strong></span> <span class='ocrx_word' id='word_1_376' title='bbox 952 2155 1175 2191; x_wconf 82' lang='lat' dir='ltr'><strong>postremam:</strong></span> <span class='ocrx_word' id='word_1_377' title='bbox 1210 2152 1243 2181; x_wconf 87' lang='grc' dir='ltr'><strong>τί</strong></span> <span class='ocrx_word' id='word_1_378' title='bbox 1273 2149 1311 2181; x_wconf 67' lang='grc' dir='ltr'><strong>τὰ</strong></span> <span class='ocrx_word' id='word_1_379' title='bbox 1345 2151 1491 2192; x_wconf 73' lang='grc' dir='ltr'><em>συμβαί-</em></span> 
     </span>
     <span class='ocr_line' id='line_1_56' title="bbox 857 2193 1491 2236; baseline 0.003 -11"><span class='ocrx_word' id='word_1_380' title='bbox 857 2206 969 2230; x_wconf 70' lang='grc' dir='ltr'><em>νοντα,</em></span> <span class='ocrx_word' id='word_1_381' title='bbox 996 2194 1139 2236; x_wconf 84' lang='lat' dir='ltr'><strong>ideoque</strong></span> <span class='ocrx_word' id='word_1_382' title='bbox 1158 2195 1365 2227; x_wconf 76' lang='lat' dir='ltr'><strong>adiiciuntur</strong></span> <span class='ocrx_word' id='word_1_383' title='bbox 1384 2193 1491 2227; x_wconf 75' lang='grc' dir='ltr'><em>(ὶσυν-</em></span> 
     </span>
     <span class='ocr_line' id='line_1_57' title="bbox 855 2238 1489 2283; baseline -0.002 -13"><span class='ocrx_word' id='word_1_384' title='bbox 855 2238 959 2273; x_wconf 75' lang='grc' dir='ltr'><em>δέτως</em></span> <span class='ocrx_word' id='word_1_385' title='bbox 983 2251 1043 2282; x_wconf 84' lang='lat' dir='ltr'><strong>pro</strong></span> <span class='ocrx_word' id='word_1_386' title='bbox 1067 2240 1142 2272; x_wconf 86' lang='lat' dir='ltr'><strong>his:</strong></span> <span class='ocrx_word' id='word_1_387' title='bbox 1167 2238 1204 2272; x_wconf 80' lang='grc' dir='ltr'><strong>τὰ</strong></span> <span class='ocrx_word' id='word_1_388' title='bbox 1223 2238 1386 2279; x_wconf 68' lang='grc' dir='ltr'><em>πρόσθε]</em></span> <span class='ocrx_word' id='word_1_389' title='bbox 1410 2239 1489 2283; x_wconf 68' lang='grc' dir='ltr'><strong>γὰρ</strong></span> 
     </span>
     <span class='ocr_line' id='line_1_58' title="bbox 853 2283 1492 2318; baseline 0.002 -2"><span class='ocrx_word' id='word_1_390' title='bbox 853 2283 969 2316; x_wconf 80' lang='grc' dir='ltr'><em>ἑκεῖια</em></span> <span class='ocrx_word' id='word_1_391' title='bbox 994 2297 1021 2316; x_wconf 87' lang='grc' dir='ltr'><em>κ</em></span> <span class='ocrx_word' id='word_1_392' title='bbox 1049 2297 1072 2316; x_wconf 87' lang='grc' dir='ltr'><strong>τ.</strong></span> <span class='ocrx_word' id='word_1_393' title='bbox 1099 2287 1124 2317; x_wconf 80' lang='grc' dir='ltr'><strong>λ.</strong></span> <span class='ocrx_word' id='word_1_394' title='bbox 1157 2304 1201 2309; x_wconf 93' lang='grc'><strong>--</strong></span> <span class='ocrx_word' id='word_1_395' title='bbox 1237 2286 1321 2318; x_wconf 81' lang='lat' dir='ltr'><strong>Mox</strong></span> <span class='ocrx_word' id='word_1_396' title='bbox 1353 2297 1413 2317; x_wconf 84' lang='lat' dir='ltr'><strong>eur</strong></span> <span class='ocrx_word' id='word_1_397' title='bbox 1444 2287 1492 2317; x_wconf 89' lang='lat' dir='ltr'><strong>di-</strong></span> 
     </span>
     <span class='ocr_line' id='line_1_59' title="bbox 853 2328 1493 2373; baseline 0.003 -12"><span class='ocrx_word' id='word_1_398' title='bbox 853 2335 942 2361; x_wconf 84' lang='lat' dir='ltr'><strong>ctum</strong></span> <span class='ocrx_word' id='word_1_399' title='bbox 960 2331 1004 2361; x_wconf 91' lang='lat' dir='ltr'><strong>sit</strong></span> <span class='ocrx_word' id='word_1_400' title='bbox 1021 2328 1134 2373; x_wconf 69' lang='grc' dir='ltr'><em>ἀληθῆ</em></span> <span class='ocrx_word' id='word_1_401' title='bbox 1150 2329 1216 2371; x_wconf 77' lang='grc' dir='ltr'><strong>ἄρα</strong></span> <span class='ocrx_word' id='word_1_402' title='bbox 1233 2331 1287 2373; x_wconf 81' lang='grc' dir='ltr'><em>ήι,</em></span> <span class='ocrx_word' id='word_1_403' title='bbox 1314 2331 1493 2373; x_wconf 76' lang='lat' dir='ltr'><strong>apparebit</strong></span> 
     </span>
     <span class='ocr_line' id='line_1_60' title="bbox 852 2375 1479 2418; baseline 0.004 -11"><span class='ocrx_word' id='word_1_404' title='bbox 852 2386 894 2407; x_wconf 82' lang='lat' dir='ltr'><strong>ex</strong></span> <span class='ocrx_word' id='word_1_405' title='bbox 920 2380 1032 2407; x_wconf 88' lang='lat' dir='ltr'><strong>annot.</strong></span> <span class='ocrx_word' id='word_1_406' title='bbox 1059 2377 1100 2407; x_wconf 89' lang='lat' dir='ltr'><strong>ad</strong></span> <span class='ocrx_word' id='word_1_407' title='bbox 1123 2376 1297 2408; x_wconf 84' lang='lat' dir='ltr'><strong>Phaedon.</strong></span> <span class='ocrx_word' id='word_1_408' title='bbox 1323 2388 1354 2418; x_wconf 91' lang='lat' dir='ltr'><strong>p.</strong></span> <span class='ocrx_word' id='word_1_409' title='bbox 1381 2375 1479 2409; x_wconf 84' lang='lat' dir='ltr'><strong>68.B</strong></span> 
     </span>
     <span class='ocr_line' id='line_1_61' title="bbox 854 2404 1492 2463; baseline 0.003 -11"><span class='ocrx_word' id='word_1_410' title='bbox 854 2431 927 2462; x_wconf 85' lang='lat' dir='ltr'><strong>cap.</strong></span> <span class='ocrx_word' id='word_1_411' title='bbox 958 2421 1054 2452; x_wconf 88' lang='lat' dir='ltr'><strong>XIII.</strong></span> <span class='ocrx_word' id='word_1_412' title='bbox 1109 2422 1148 2453; x_wconf 87' lang='lat' dir='ltr'><strong>In</strong></span> <span class='ocrx_word' id='word_1_413' title='bbox 1184 2423 1348 2463; x_wconf 78' lang='lat' dir='ltr'><strong>proximis</strong></span> <span class='ocrx_word' id='word_1_414' title='bbox 1385 2404 1492 2454; x_wconf 76' lang='lat' dir='ltr'><strong>satius</strong></span> 
     </span>
     <span class='ocr_line' id='line_1_62' title="bbox 852 2466 1492 2499; baseline 0.002 -2"><span class='ocrx_word' id='word_1_415' title='bbox 852 2466 1011 2498; x_wconf 81' lang='lat' dir='ltr'><strong>duximus</strong></span> <span class='ocrx_word' id='word_1_416' title='bbox 1029 2477 1165 2499; x_wconf 72' lang='lat' dir='ltr'><strong>servare</strong></span> <span class='ocrx_word' id='word_1_417' title='bbox 1185 2467 1340 2499; x_wconf 78' lang='lat' dir='ltr'><strong>codicum</strong></span> <span class='ocrx_word' id='word_1_418' title='bbox 1361 2473 1492 2499; x_wconf 83' lang='lat' dir='ltr'><strong>nostro-</strong></span> 
     </span>
     <span class='ocr_line' id='line_1_63' title="bbox 851 2511 1492 2553; baseline 0.002 -11"><span class='ocrx_word' id='word_1_419' title='bbox 851 2522 925 2542; x_wconf 85' lang='lat' dir='ltr'><strong>rum</strong></span> <span class='ocrx_word' id='word_1_420' title='bbox 955 2512 1155 2553; x_wconf 77' lang='lat' dir='ltr'><strong>scripturam</strong></span> <span class='ocrx_word' id='word_1_421' title='bbox 1181 2512 1315 2544; x_wconf 68' lang='grc' dir='ltr'><strong>δίκαιοι7</strong></span> <span class='ocrx_word' id='word_1_422' title='bbox 1337 2511 1405 2552; x_wconf 79' lang='grc' dir='ltr'><strong>ἄρα</strong></span> <span class='ocrx_word' id='word_1_423' title='bbox 1430 2512 1492 2550; x_wconf 71' lang='grc' dir='ltr'><strong>δεῖ,</strong></span> 
     </span>
     <span class='ocr_line' id='line_1_64' title="bbox 853 2557 1492 2597; baseline 0.002 -9"><span class='ocrx_word' id='word_1_424' title='bbox 853 2567 956 2597; x_wconf 86' lang='lat' dir='ltr'><strong>quum</strong></span> <span class='ocrx_word' id='word_1_425' title='bbox 988 2557 1287 2589; x_wconf 86' lang='lat' dir='ltr'><strong>Heindorfius</strong></span> <span class='ocrx_word' id='word_1_426' title='bbox 1319 2557 1387 2589; x_wconf 74' lang='grc' dir='ltr'><em>ἔδει</em></span> <span class='ocrx_word' id='word_1_427' title='bbox 1422 2558 1492 2588; x_wconf 88' lang='lat' dir='ltr'><strong>edi-</strong></span> 
     </span>
     <span class='ocr_line' id='line_1_65' title="bbox 852 2602 946 2634; baseline 0 -1"><span class='ocrx_word' id='word_1_428' title='bbox 852 2602 946 2634; x_wconf 87' lang='lat' dir='ltr'><strong>derit.</strong></span> 
     </span>
    </p>
   </div>
   <div class='ocr_carea' id='block_1_15' title="bbox 852 2667 1488 2758">
    <p class='ocr_par' dir='ltr' id='par_1_17' title="bbox 852 2667 1488 2758">
     <span class='ocr_line' id='line_1_66' title="bbox 898 2667 1488 2712; baseline -0.002 -11"><span class='ocrx_word' id='word_1_429' title='bbox 898 2669 980 2712; x_wconf 79' lang='lat' dir='ltr'><strong>Cap.</strong></span> <span class='ocrx_word' id='word_1_430' title='bbox 1004 2669 1126 2702; x_wconf 81' lang='lat' dir='ltr'><strong>LXIV.</strong></span> <span class='ocrx_word' id='word_1_431' title='bbox 1175 2670 1213 2701; x_wconf 87' lang='lat' dir='ltr'><strong>C.</strong></span> <span class='ocrx_word' id='word_1_432' title='bbox 1260 2667 1280 2700; x_wconf 77' lang='lat' dir='ltr'><strong>ii</strong></span> <span class='ocrx_word' id='word_1_433' title='bbox 1315 2667 1365 2701; x_wconf 74' lang='grc' dir='ltr'><strong>σὺ</strong></span> <span class='ocrx_word' id='word_1_434' title='bbox 1391 2668 1488 2708; x_wconf 79' lang='grc' dir='ltr'><em>ἐμοὶ</em></span> 
     </span>
     <span class='ocr_line' id='line_1_67' title="bbox 852 2712 1486 2758; baseline 0.002 -12"><span class='ocrx_word' id='word_1_435' title='bbox 852 2712 1117 2758; x_wconf 69' lang='grc' dir='ltr'><em>ὀνειδίζεις]</em></span> <span class='ocrx_word' id='word_1_436' title='bbox 1143 2716 1183 2747; x_wconf 91' lang='lat' dir='ltr'><strong>V.</strong></span> <span class='ocrx_word' id='word_1_437' title='bbox 1204 2726 1236 2757; x_wconf 94' lang='lat' dir='ltr'><strong>p.</strong></span> <span class='ocrx_word' id='word_1_438' title='bbox 1252 2713 1434 2748; x_wconf 84' lang='lat' dir='ltr'><strong>486.A.B.</strong></span> <span class='ocrx_word' id='word_1_439' title='bbox 1449 2716 1486 2747; x_wconf 90' lang='lat' dir='ltr'><strong>C.</strong></span> 
     </span>
    </p>
   </div>
  </div>
 </body>
</html>
