1687 2969
238 150 254 184 1
264 151 285 184 6
708 148 1063 188 PROLEGOMEN
1065 151 1101 186 A

233 273 362 298 01111105
392 261 614 309 cognatione
653 262 817 312 quadam
846 263 948 300 inter
985 276 1025 300 se
1056 262 1319 309 continentur,
1360 263 1575 300 mirandum

232 330 308 353 non
338 322 415 363 est,
455 318 555 368 quod
592 318 708 367 vulgo
747 319 940 368 sophistae
981 322 1095 369 atque
1134 319 1305 357 rhetores
1344 320 1576 357 commisceri

231 386 356 424 neque
387 374 479 411 satis
509 374 711 422 diligenter
739 376 901 413 discerni
932 376 1074 414 solent:
1108 376 1173 426 qui
1203 389 1307 413 error
1335 376 1428 425 ipsis
1459 377 1575 414 etiam

230 430 288 476 iis,
319 430 383 481 qui
414 431 628 469 rhetoricen
660 437 697 469 et
726 433 959 481 sopllisticen
988 433 1235 481 profitentur,
1266 433 1475 470 eommunis
1505 438 1573 471 est.

230 486 379 525 Videtis
408 487 542 535 igitur,
583 502 658 538 quo
688 489 768 526 iure
799 489 961 526 dixerim
990 490 1204 527 rhetoricen
1235 503 1316 527 esse
1347 490 1576 528 adulationis

229 544 454 592 particulam
485 549 523 582 et
541 545 747 583 ‘civilitatis
767 546 976 594 particulae
997 546 1251 583 simulacrum.
1284 548 1324 583 P.
1349 550 1439 583 463.
1459 547 1505 583 D.
1518 568 1574 573 —

231 604 322 637 466.
356 603 400 637 A.
439 600 546 641 Quae
570 602 725 652 quidem
746 603 871 639 omnia
900 615 1010 639 nemo
1031 602 1102 640 erit
1129 604 1222 653 quin
1242 608 1423 652 protenus
1444 603 1573 641 videat

229 657 395 694 maxime
427 671 469 694 οο
499 659 702 707 pertinere,
736 663 779 696 ut
817 659 1031 696 rhetoricen
1063 659 1301 707 intelligatur
1331 673 1407 697 non
1437 659 1572 696 immu-

229 727 316 750 nem
345 714 529 752 mansisse
560 728 582 751 a
611 715 839 763 sophisticae
877 715 1116 763 contagione,
1159 718 1224 753 sed
1255 716 1381 765 potius
1413 730 1498 753 011111
1529 730 1573 753 ea

228 771 388 808 mixtam
426 785 507 808 0550
548 782 586 808 et
625 771 839 809 conflatam.
909 772 1099 809 Nimirum
1138 773 1209 809 hoc
1246 773 1371 822 ipsum
1419 774 1571 810 demum

228 828 292 864 ubi
324 832 509 872 tenemus,
540 828 640 865 clara
670 833 707 866 et
736 829 936 877 perspicua
964 830 1064 866 fiunt
1093 842 1148 875 ea,
1188 842 1285 880 quae
1316 830 1354 865 in
1386 829 1571 878 proximis

229 884 274 920 de
312 884 393 921 01115
424 884 461 922 vi
499 888 537 921 et
575 888 763 933 potestate
803 886 926 935 deque
967 885 1116 922 iustitia
1155 890 1193 924 et
1231 886 1421 924 iniustitia
1461 886 1573 924 aliter

229 944 343 991 atque
373 941 489 988 vulgo
518 941 586 978 fiat
614 941 852 978 informanda
881 942 1131 979 disseruntur.

313 997 481 1046 Suscipit
511 997 611 1035 enim
641 1012 742 1035 nunc
779 999 902 1035 denuo
933 1012 1145 1036 sermonem
1175 999 1310 1044 Polus,
1352 998 1417 1049 qui
1447 1002 1571 1035 trans-

227 1053 352 1090 missis
381 1054 438 1099 iis,
469 1067 565 1104 quae
586 1056 695 1091 modo
726 1055 900 1103 exposita
920 1061 1020 1101 sunt,
1042 1077 1096 1081 —
1118 1056 1166 1092 ad
1196 1068 1293 1105 quae
1323 1059 1452 1093 tamen
1472 1055 1571 1092 infra

228 1110 401 1148 Socrates
430 1111 651 1148 idemtidem
670 1112 888 1157 revertitur,
920 1112 1180 1149 adversarium
1210 1112 1266 1149 ita
1294 1114 1461 1149 refutare
1490 1116 1569 1149 stu-

227 1167 302 1213 det,
332 1171 375 1205 111
405 1172 557 1205 moneat
585 1173 752 1206 oratores
774 1172 874 1206 certe
893 1169 1099 1217 plurimum
1130 1169 1169 1205 in
1190 1168 1410 1206 civitatibus
1430 1169 1568 1206 valere.

226 1223 311 1260 Hoc
340 1227 467 1261 autem
508 1225 651 1262 iudicat
689 1239 763 1261 11011
802 1225 920 1262 fuisse
959 1227 1155 1271 futurum,
1195 1225 1226 1262 si
1265 1225 1452 1263 rhetorice
1489 1229 1569 1262 tam

226 1280 314 1317 Vilis
343 1284 497 1331 tamque
527 1281 674 1319 abiecta
704 1286 822 1327 esset,
864 1295 977 1332 quam
1007 1282 1061 1318 illi
1094 1282 1280 1320 videatur.
1341 1282 1415 1319 Sed
1454 1284 1569 1329 negat

226 1336 400 1375 Socrates
440 1350 521 1375 eam
561 1351 642 1375 esse
682 1338 891 1386 potentiam
941 1339 1224 1387 appellandam,
1275 1351 1372 1388 quae
1412 1338 1569 1376 habenti

225 1406 300 1430 non
331 1394 381 1431 sit
410 1394 536 1432 utilis:
569 1395 713 1431 nullam
745 1399 873 1432 autem
894 1395 1103 1433 utilitatem
1133 1395 1346 1432 oratoribus
1367 1408 1435 1443 per
1463 1395 1567 1432 illam

224 1450 435 1499 potentiam
474 1451 601 1488 afferri
641 1465 689 1488 ex
719 1465 762 1489 00
803 1465 984 1500 apparere
1015 1452 1242 1497 arbitratur,
1283 1452 1383 1502 quod
1422 1452 1567 1488 nullam

225 1507 392 1545 habeant
420 1521 552 1545 earum
580 1521 707 1545 rerum
747 1508 1020 1555 cognitionem,
1062 1509 1107 1545 de
1145 1508 1283 1558 quibus
1321 1512 1446 1556 agant.
1506 1509 1567 1545 Ad

224 1563 318 1601 haec
347 1577 437 1601 vero
465 1565 580 1601 Polus
609 1565 663 1602 ita
692 1566 912 1613 respondet,
943 1570 987 1602 ut
1013 1578 1199 1602 summani
1229 1578 1311 1602 esse
1341 1578 1472 1602 eorum
1501 1577 1567 1601 au-

225 1621 441 1659 ctoritatem
471 1624 510 1658 et
537 1621 747 1670 potentiam
766 1622 1026 1659 demonstrare
1056 1626 1224 1660 conetur.
1267 1623 1433 1659 Possunt
1454 1621 1565 1667 0111111,

224 1676 360 1728 inquit,
391 1691 638 1728 quoscunque
669 1678 864 1715 voluerint
902 1684 1152 1728 tyrannorum
1192 1678 1312 1716 instar
1342 1678 1566 1724 interficere,

224 1734 333 1771 001115
373 1734 451 1771 51115
491 1734 673 1784 spoliare,
715 1734 754 1771 in
784 1735 962 1772 exsilium
1000 1735 1154 1781 eiicere,
1196 1735 1360 1785 denique
1389 1734 1567 1771 maximis

225 1791 334 1827 malis
356 1791 516 1828 afficere.
547 1791 645 1828 Tum
666 1805 755 1828 vero
776 1792 968 1829 Socrates:
999 1791 1163 1829 Faciunt
1191 1792 1344 1841 quidem
1372 1791 1434 1829 isti
1465 1791 1567 1841 quod

224 1846 389 1893 lubet,
420 1861 496 1884 11011
526 1851 655 1885 autem
684 1848 733 1893 id,
763 1849 863 1898 quod
893 1849 1092 1894 volunt,
1125 1848 1156 1885 si
1186 1848 1340 1897 quidem
1358 1848 1452 1884 illud
1482 1852 1565 1885 tan-

223 1906 306 1940 tum
336 1905 585 1950 volumus,
618 1905 717 1955 quod
747 1905 855 1942 nobis
886 1905 1071 1954 optimum
1093 1904 1154 1942 sit.
1185 1904 1286 1944 Quid
1307 1905 1407 1954 quod
1429 1906 1563 1950 facere,

223 1972 321 2010 quae
351 1960 491 2006 lubeat,
523 1961 615 1998 adeo
645 1975 720 1998 11011
751 1966 809 1999 051
836 1965 1030 2010 potentem
1061 1975 1153 2007 0550,
1184 1964 1227 1999 ut
1256 1974 1332 1997 non
1358 1974 1442 1998 raro
1463 1974 1563 1998 sum-

222 2029 307 2054 mae
336 2017 507 2055 insaniae
537 2022 805 2065 argumentum
844 2019 1042 2055 habeatur.
1101 2017 1171 2055 Cui
1210 2018 1363 2068 quidem
1393 2017 1563 2066 disputa-

222 2073 318 2111 tioni
346 2074 462 2111 Polus
492 2087 610 2124 quum
640 2088 715 2111 11011
746 2075 885 2112 habeat
921 2075 1021 2125 quod
1050 2079 1152 2112 recte
1189 2075 1327 2123 opponi
1367 2087 1476 2122 posse
1506 2074 1563 2111 vi-

222 2130 367 2176 deatur,
390 2130 535 2169 Socrati
556 2131 666 2169 facile
687 2131 869 2177 concedit,
889 2135 933 2169 ut
952 2131 1140 2169 dictorum
1159 2145 1313 2168 suorum
1332 2130 1561 2168 sententiam

221 2186 423 2225 dilucidius
452 2187 630 2225 illustret.
688 2189 825 2238 Itaque
865 2187 927 2224 hic
954 2188 1009 2225 ita
1038 2188 1162 2236 pergit
1190 2188 1395 2236 disputare.
1454 2186 1562 2227 Quae

220 2244 418 2290 volumus,
459 2244 603 2295 inquit,
644 2256 687 2281 ea
726 2258 801 2281 non
830 2248 984 2293 propter
1021 2257 1061 2281 50
1100 2245 1181 2293 ipsa
1219 2244 1454 2293 expetimus,
1496 2244 1560 2280 sed

221 2304 375 2349 propter
403 2301 519 2338 finem
538 2300 704 2351 aliquem
723 2301 831 2338 nobis
860 2300 1115 2350 propositum;
1147 2300 1267 2338 veluti
1286 2300 1562 2338 medicamenta

220 2356 406 2394 sumimus
444 2371 520 2394 11011
557 2361 712 2406 propter
748 2358 850 2406 ipsa,
890 2358 955 2394 sed
994 2354 1226 2395 valetudinis
1264 2370 1406 2394 caussa.
1477 2358 1560 2393 Iam

221 2425 341 2462 quum
370 2414 497 2450 omnia
535 2418 603 2452 aut
640 2415 739 2451 bona
777 2418 845 2451 aut
882 2414 982 2450 mala
1019 2414 1097 2451 sint
1135 2417 1201 2451 aut
1239 2426 1308 2450 nec
1353 2414 1452 2450 bona
1491 2426 1561 2450 nec

221 2469 340 2515 mala,
381 2483 446 2517 ea,
478 2483 575 2520 quae
604 2470 644 2506 in
673 2470 808 2507 horum
838 2483 995 2507 numero
1024 2470 1233 2516 habentur,
1271 2484 1347 2506 non
1377 2469 1455 2516 sui,
1494 2470 1559 2507 sed

220 2526 404 2563 bonorum
435 2539 569 2563 caussa
596 2527 695 2564 velle
726 2531 841 2577 atque
870 2528 993 2564 facere
1023 2527 1198 2564 solemus.
1257 2525 1447 2566 Quorsum
1476 2539 1560 2574 per-

220 2582 346 2620 tinent
385 2596 459 2619 non
490 2583 613 2619 solum
652 2583 736 2629 illa,
778 2596 874 2634 quae
920 2583 996 2629 ire,
1036 2583 1184 2629 sedere,
1227 2596 1396 2629 currere,
1437 2583 1559 2627 edere,

223 2639 353 2676 bibere
391 2652 582 2685 vocamus,
629 2640 694 2676 sed
733 2639 849 2677 etiam
888 2652 953 2685 ea,
991 2652 1088 2689 quae
1127 2643 1170 2677 111
1200 2640 1340 2677 oratori
1377 2638 1559 2684 tribuisti,

220 2691 334 2733 buem
363 2695 514 2734 dicebas
544 2695 636 2733 alios
666 2709 775 2745 posse
805 2696 1030 2743 interficere,
1061 2696 1170 2734 bonis
1200 2696 1279 2733 suis
1308 2695 1477 2745 privare,
1518 2694 1557 2741 in
