1687 2969
127 498 164 539 Ε

216 130 290 166 192
763 129 1022 169 PLATONIS

208 234 484 288 Ἀλκιβιάδου
512 250 553 277 τε
583 243 660 277 τοῦ
692 238 893 279 Κλεινίου
921 237 991 279 καὶ
1020 239 1289 290 φιλοσοφίας,
1320 240 1373 280 σὺ
1403 240 1446 281 δὲ
1475 247 1552 281 τοῦ

210 315 251 341 τε
276 296 526 355 Ἀθηναίων
564 302 701 355 δήμου
739 302 808 343 καὶ
835 310 912 343 τοὺ
944 304 1266 357 Πυριλάμπους.
1296 306 1555 360 αἰσθάνομαι

211 362 290 407 οὖν
332 379 411 407 σου
440 364 654 413 ἑκάστοτε.
693 369 842 420 καίπερ
882 371 1006 416 ὄντος
1035 368 1201 411 δεινοῦ.
1228 365 1315 423 ἔτι,
1346 366 1469 412 ὁπόθ’
1501 370 1554 412 ἂν

211 438 271 484 φῇ
300 442 378 471 σου
400 431 450 472 τὰ
468 432 638 474 παιδικὰ
662 432 730 473 καὶ
763 430 876 481 ὅπως
905 433 958 474 ἂν
988 440 1049 486 φῇ
1080 431 1200 487 ἔχειν.
1225 435 1293 486 ‚0:13.
1312 435 1555 488 δυναμένου

213 492 466 549 ἀντιλέγειν,
509 493 594 538 ἀλλ’
635 501 724 538 ἅνω
759 499 828 539 καὶ
860 500 971 538 κάτω
1000 499 1395 553 μεταβαλλομένου·
1439 499 1485 541 ἔν
1513 516 1554 541 τε

210 568 260 615 τῇ
291 560 498 618 ἐκκλησίᾳ,
542 562 616 603 ἐάν
643 578 681 603 τι
710 571 789 604 σοὺ
817 563 1016 616 λέγοντος
1046 565 1068 605 ὁ
1097 566 1228 618 δῆμος
1258 564 1281 606 ὁ
1306 562 1555 619 Ἀθηναίων

210 627 266 680 μὴ
306 634 368 681 φῇ
408 628 541 676 οὕτως
578 627 706 682 ἔχειν,
758 630 1123 682 μεταβαλλόμενος
1161 629 1292 683 λέγεις
1332 632 1356 671 ἃ
1397 630 1555 679 ἐκεῖνος

211 694 420 745 βούλεται,
451 694 644 745 καὶπρὸς
672 694 747 734 τὸν
780 695 1088 747 Πυριλάμπους
1115 697 1289 736 νεανίαν
1317 696 1392 736 τὸν
1422 694 1556 737 καλὸν

209 765 364 799 τοῦτον
392 766 567 800 τοιαῦτα
597 759 715 810 ἕτερα
742 759 974 808 πέπονθας.
1004 764 1092 808 τοῖς
1120 760 1201 813 γὰρ
1231 763 1316 801 τῶν
1345 761 1554 802 παιδικῶν

257 914 274 934 ο
288 901 306 934 2¹⁷
331 903 377 935 δὲ
403 907 473 935 τοῦ
501 916 537 935 τε
562 902 702 946 Ἀθηυ.
731 904 780 947 δ.]
808 905 863 936 Sic
882 906 965 936 Ven.
986 907 1022 936 Ξ.
1054 906 1154 937 Vind.
1180 905 1211 938 2.
1237 904 1265 937 7.
1299 905 1393 938 Bodl.
1413 907 1552 938 Meerm.

210 949 298 991 Aug.
317 954 349 980 et
364 960 412 990 pl.
430 950 504 980 Par.
523 950 548 980 Ι.
569 950 658 981 V.ett
674 950 764 981 editt,
795 949 837 982 ού
863 962 894 982 τε
921 950 1030 987 δυοῖν,
1058 955 1116 983 τοῦ
1143 963 1174 983 τε
1199 949 1276 983 Ἀθ.
1302 950 1342 989 δ.,
1369 953 1404 983 in
1430 952 1554 993 quibus

211 994 314 1026 διοῖι
338 995 511 1036 perinepte
535 995 713 1026 intrusum.

278 1037 396 1071 orto'o‘
429 1038 481 1072 ἂν
515 1044 569 1082 σῇ
605 1040 701 1083 οου]
734 1041 774 1073 V.
801 1039 912 1077 ὅπως,
949 1041 1039 1082 quod
1071 1052 1114 1072 ex
1148 1041 1244 1073 codd.
1270 1046 1458 1073 correctum
1483 1042 1552 1073 fere

210 1086 377 1117 omnibus.
422 1087 539 1117 Astius
572 1084 589 1116 ὅ
624 1099 648 1117 τι
674 1085 717 1117 ἂι·
742 1098 783 1117 ex
808 1086 897 1117 Flor.
924 1097 955 1117 x.
1004 1086 1189 1128 Vulgarum
1216 1084 1343 1128 ἅντιφῇ
1368 1098 1410 1118 ex
1435 1086 1549 1119 Clark.

210 1131 286 1163 Vat.
321 1131 402 1162 Ven.
440 1131 477 1164 Ξ.
528 1131 627 1162 Vind.
659 1130 689 1163 2.
723 1130 751 1164 7.
798 1131 888 1163 Flor.
924 1142 947 1163 s.
982 1143 1013 1162 x.
1055 1133 1142 1174 Aug.
1176 1132 1272 1164 Bodl.
1302 1133 1440 1163 Meerm.
1475 1132 1553 1163 aliis

210 1176 435 1208 emendatum.
485 1176 582 1208 Unde
615 1182 732 1208 natum
764 1178 807 1208 sit
838 1177 977 1216 vitium,
1013 1188 1055 1208 ex
1086 1178 1253 1219 scriptura
1284 1177 1367 1209 Ven.
1397 1178 1434 1210 Ξ.
1469 1188 1551 1209 corr.

211 1220 308 1264 dmm}
333 1222 506 1253 coniicias.

277 1268 314 1298 Ε.
364 1268 409 1298 ι”π
441 1279 481 1298 τε
514 1279 554 1298 ιι
589 1266 818 1310 ἐκκλησια]
857 1264 1169 1310 Υ111ξς.ἑίτεγὰρ
1199 1280 1233 1298 tr
1261 1266 1347 1298 ἑκκλ.
1380 1268 1461 1299 Voc.
1487 1264 1551 1309 γὰρ

210 1323 299 1344 nunc
331 1313 412 1344 eieci
443 1323 519 1345 cum
547 1312 660 1344 Clark.
687 1313 762 1344 Vat.
790 1312 894 1344 Coisl.
919 1313 1018 1344 Vind.
1044 1312 1074 1345 6.
1107 1314 1183 1344 Par
1209 1301 1437 1345 BCEFIW.
1476 1313 1556 1344 Flo-

208 1460 266 1492 per
284 1447 446 1490 loquendi
461 1447 742 1480 consuetudinem
767 1448 847 1479 ferri

208 1505 307 1536 posse
331 1493 549 1533 arbitramur,
581 1504 786 1535 quamquam
812 1493 846 1524 id

209 1541 357 1572 citeriori
396 1539 532 1581 quiden]
567 1539 746 1581 graecitati
777 1549 844 1569 non

208 1596 397 1628 repugnare
435 1584 552 1616 docuit
590 1584 845 1615 Boissonad.

209 1631 252 1662 ad
277 1630 443 1663 Anecdot.
468 1631 509 1663 ΙΙ.
537 1640 567 1671 p.
588 1628 675 1670 296„
703 1629 745 1660 ad
770 1630 845 1660 Pla-

208 1676 288 1708 nud.
320 1678 400 1707 Met.
432 1686 463 1716 p.
497 1674 548 1707 73.
588 1681 619 1706 et
655 1674 697 1706 ad
729 1675 846 1716 Eurip.

209 1723 248 1753 T.
274 1722 335 1753 ΙΙΙ.
360 1719 482 1762 p.339.
509 1721 594 1751 conf.
620 1720 807 1751 Sehaefe
818 1731 843 1751 r.

209 1767 250 1798 ad
275 1767 449 1799 Demosth.
476 1766 599 1807 Appar.
626 1766 684 1797 IV.
702 1776 733 1807 p.
759 1765 846 1806 151„

208 1823 318 1854 neque
350 1823 433 1853 opus
465 1815 515 1843 est
539 1812 677 1842 omnino
703 1812 765 1842 hac
789 1822 845 1853 ge-

207 1858 405 1897 minatione,
428 1856 596 1898 siquidem
620 1867 688 1887 non
709 1855 843 1898 Δήμου,

207 1903 267 1934 sed
304 1903 382 1934 υἱοῦ
413 1902 617 1944 cogitatione
653 1901 842 1933 addendum

208 1953 268 1980 est.
334 1949 416 1980 Mox
461 1947 603 1979 articulo
645 1947 725 1978 item
766 1952 844 1978 ante

210 1994 415 2035 Pyrilampis
430 2003 554 2024 nomen
571 1993 696 2024 omisso
722 1991 845 2023 dicitur

209 2038 267 2071 τὸν
296 2037 544 2078 Πυριλάμπους
573 2040 714 2069 νεανίαν
739 2042 770 2068 et
794 2038 844 2068 iu-

208 2086 258 2116 fra
287 2096 318 2127 p.
342 2083 418 2116 513.
440 2085 478 2115 Β.
512 2086 556 2125 τῷ
584 2080 842 2123 Πυριλάμπους.

208 2131 286 2162 Alia
324 2130 426 2161 huius
457 2129 592 2171 generis
624 2128 779 2169 exempla
811 2139 842 2159 v.

208 2186 258 2217 ap.
285 2174 498 2207 Lambert.
524 2174 616 2206 Bos.
645 2174 697 2205 De
722 2174 843 2215 Ellips.

207 2231 237 2262 p.
262 2219 338 2253 507.
363 2220 414 2252 ed.
439 2219 609 2251 Schaefer.

490 2308 739 2347 δυναμένου
773 2306 842 2340 άν-

253 2308 271 2340 ὅ
282 2323 314 2341 ll
339 2329 382 2334 —
408 2322 424 2341 0
439 2321 456 2340 D

209 2354 413 2405 τιλέγειν]
455 2355 524 2386 Aut
560 2354 742 2385 dicendum
779 2355 842 2385 fuit

207 2399 257 2432 ὅτι
296 2406 337 2431 ο1’
375 2398 519 2431 δύνασαι
551 2419 594 2422 -
627 2397 707 2431 ἀλλὰ
745 2411 842 2438 μετα-

209 2443 332 2487 βάλλει,
358 2448 416 2477 aut
440 2443 489 2475 ὅτι
513 2445 745 2476 omittendum.
777 2445 842 2476 Sed

209 2495 350 2532 utraque
367 2490 530 2522 orationis
548 2491 654 2521 forma
676 2491 710 2520 in
736 2501 842 2521 unum

209 2536 356 2568 conflata
387 2535 474 2566 dixit
497 2533 544 2565 ὅτι
569 2533 610 2566 οὗ
635 2535 842 2573 δυναμένου.

208 2593 239 2615 v.
256 2581 398 2623 Apolog.
413 2581 540 2612 Socrat.
553 2591 581 2621 p.
594 2579 646 2611 37.
658 2581 696 2611 Β.
715 2581 764 2611 De
779 2580 843 2611 hoc

208 2637 332 2669 genere
366 2625 526 2667 loquendi
557 2625 715 2656 consulas
746 2627 841 2656 Bor-

210 2684 229 2703 n
243 2683 299 2703 em
313 2682 405 2704 ann.
436 2671 478 2702 ad
511 2671 667 2711 Xenoph.
692 2670 844 2702 Anabas.

916 1448 958 1487 ΙΙ,
991 1446 1028 1487 6,
1062 1446 1116 1479 24.
1154 1458 1185 1489 p.
1218 1446 1283 1479 162
1315 1457 1384 1488 seq.
1429 1448 1554 1478 Rost.

916 1492 1035 1532 §.129.
1060 1496 1127 1524 not.
1145 1492 1173 1524 1.
1200 1493 1276 1524 coll.
1293 1494 1323 1531 ἓ.
1341 1491 1415 1526 122.
1431 1503 1511 1523 ann.
1522 1490 1553 1524 3.

914 1537 1186 1579 Bernhardy.
1215 1538 1312 1580 Synt.
1340 1548 1371 1579 p.
1402 1536 1478 1569 471.
1510 1557 1552 1561 -

916 1581 966 1614 ἄν
977 1595 1002 1614 ω
1038 1584 1106 1615 καὶ
1145 1583 1251 1615 κάτω
1288 1581 1551 1635 μεταβάλλε-

918 1629 1020 1660 σθαι
1057 1630 1185 1670 passim
1223 1628 1381 1659 dicuntur
1414 1629 1456 1667 ii,
1494 1628 1552 1669 qui

915 1684 994 1715 prae
1010 1674 1169 1705 consilii
1160 1674 1277 1715 mopia
1290 1673 1459 1713 nesciunt,
1485 1670 1565 1714 quo'

915 1730 950 1750 se
966 1724 1111 1758 vertant,
1137 1720 1195 1760 qui
1215 1729 1283 1750 non
1308 1718 1446 1758 habent,
1472 1718 1552 1759 quid

915 1764 1028 1795 dicant
1052 1765 1107 1796 vel
1131 1765 1278 1804 faciant,
1311 1765 1370 1805 qui
1395 1764 1459 1795 sibi
1483 1775 1551 1796 non

914 1814 1074 1841 constant
1088 1820 1198 1851 neque
1217 1810 1395 1841 certamin
1419 1809 1551 1850 agendo

914 1860 1102 1896 sequuntur
1119 1856 1296 1894 rationem,
1321 1858 1358 1885 ut
1383 1854 1414 1885 h.
1439 1854 1461 1885 1.
1485 1854 1553 1885 Di-

914 1901 1054 1931 narch.
1084 1911 1116 1941 p.
1142 1899 1193 1934 13.
1227 1900 1277 1931 ed.
1310 1899 1444 1930 Reisk.:
1479 1898 1550 1930 δια-

913 1948 1033 1983 μείνας
1050 1944 1105 1976 ἐπὶ
1132 1949 1188 1987 τῆς
1215 1947 1382 1978 πολιτείας
1408 1946 1461 1975 καὶ
1488 1942 1551 1976 οὐκ

913 1988 986 2022 ἅνω
1011 1990 1066 2022 καὶ
1090 1989 1178 2022 κάτω
1203 1987 1506 2031 μεταβαλλόμενος.

957 2082 995 2112 Ε.
1044 2079 1062 2111 ὁ
1089 2082 1220 2123 δῆμος
1245 2078 1262 2112 o‘
1288 2078 1549 2121 Ἀθηναίων]

914 2126 1014 2166 Quod
1060 2126 1167 2158 altero
1214 2126 1288 2158 loco
1335 2125 1549 2166 reposuimus

913 2171 1096 2203 articulum
1133 2172 1354 2213 plurimorum
1386 2169 1549 2201 librorum

913 2217 1125 2256 auctoritate,
1156 2228 1198 2248 ne
1223 2217 1298 2257 quis
1322 2219 1417 2258 putet
1440 2215 1548 2257 legem

912 2262 1009 2293 illam
1023 2262 1184 2294 violatam
1203 2272 1287 2300 esse,
1313 2260 1354 2291 de
1379 2271 1446 2302 qua
1471 2261 1550 2292 scri-

912 2307 1041 2349 psimus
1073 2307 1115 2339 ad
1147 2317 1177 2348 p.
1209 2305 1284 2338 455.
1316 2307 1358 2339 D
1407 2306 1493 2337 Nam
1528 2303 1545 2335 ὁ

914 2351 1019 2394 δῆμος
1044 2349 1062 2382 ὁ
1087 2349 1286 2393 4θγ1αιωι
1310 2351 1444 2390 dicitur,
1470 2351 1549 2392 quia

913 2397 1094 2439 opponitur
1111 2395 1253 2434 ἐκεῖνος,
1279 2397 1310 2427 h.
1336 2407 1363 2430 e
1391 2396 1511 2438 Δῆμος
1529 2393 1547 2426 ὁ

913 2441 1139 2483 Πυριλάμποι
1144 2453 1177 2479 ς
1212 2446 1328 2483 estque
1361 2441 1463 2473 simul
1487 2451 1550 2492 po-

911 2488 1040 2530 pulus
1070 2491 1154 2518 tam
1185 2487 1299 2519 levis
1331 2491 1461 2527 atque
1488 2487 1550 2516 -in-

912 2536 1142 2571 constans,
1167 2532 1315 2572 qualis
1339 2537 1405 2563 est
1423 2531 1548 2562 Athe—

913 2578 1095 2609 niensis.
1143 2578 1260 2619 Carpit
1284 2578 1372 2608 enini
1392 2577 1548 2607 Socrates

913 2623 1069 2655 Calliclis
1086 2624 1260 2654 levitatem
1285 2621 1405 2653 mobili
1429 2621 1544 2662 populi

912 2667 1029 2699 turbae
1049 2678 1223 2709 nunquam
1249 2678 1315 2699 non
1342 2666 1548 2698 blandientis
