1687 2969
249 110 327 151 154
720 104 1096 149 PLATONIS

351 225 481 269 ‹1›A1.
554 223 617 267 Οὐ
652 223 770 268 πάνυ
806 241 851 277 γε
885 224 1061 275 ἐπιεικῆ.

348 290 458 352 Cap.
494 288 667 335 XLIII.
738 291 844 334 ΣΩ.
898 285 997 345 ἸΑρ’
1041 282 1143 340 οὖν,
1178 280 1210 330 ὦ
1245 286 1400 339 ’γαθέ,
1442 284 1593 341 ἀγροι-

246 358 428 417 κότερον
472 360 550 402 τοῦ
600 360 773 408 δέοντος
815 354 1178 413 λελοιδορήκαμεν
1224 350 1303 407 τὴν
1337 354 1425 395 τῶν
1456 351 1596 406 λόγων

248 431 414 484 τέχνην,
450 423 477 479 ἡ
513 424 550 469 δ’
592 425 693 476 ἴσως
723 422 780 467 ἂν
815 425 951 469 εἴποι·
1027 426 1080 465 Τι’
1113 419 1235 473 ποτ’,
1265 413 1296 462 ὦ
1333 418 1597 475 θαυμάσιοι,

247 498 443 550 ληρεῖτες
489 489 566 548 ἐγώ
612 490 698 547 γὰρ
734 489 873 536 οὐδέν’
924 490 1177 544 ἀγνοοῦντα
1225 486 1424 539 τάληθὲς
1459 484 1597 536 ἀναγ-

247 561 361 614 κάζω
406 558 662 615 μανθάνειν
704 561 862 613 λέγειν,
897 557 1011 608 ἀλλ’,
1057 556 1096 601 εἴ
1134 572 1198 606 τις
1239 551 1319 611 ἐμὴ
1364 548 1599 609 ξυμβουλὴ,

340 693 461 728 εἴτις
488 689 565 734 ἐμὴ
594 686 829 734 ξυμβουλή]
857 687 970 729 Vulgo
997 690 1090 718 erat:
1116 688 1147 717 εἴ
1171 697 1223 721 τις
1246 684 1309 727 3μῇ
1335 678 1520 725 Ξινιιβουλῇ,
1546 679 1598 712 cui

251 737 433 780 Stephan„
471 737 638 778 probante
665 734 866 768 Heindorfio
894 737 928 765 et
955 732 1230 765 Winckelmanno
1253 733 1381 771 χρῆται
1405 726 1599 760 addendum

251 784 421 817 censebat.
454 782 553 814 Bodl.
585 781 668 813 AG.
707 785 740 813 et
776 790 824 821 pr.
862 779 908 812 Π.
942 779 973 809 εἴ
1003 789 1045 809 τι.
1094 777 1204 808 Recte
1229 775 1325 808 vind.
1352 774 1383 808 3.
1407 775 1512 808 εἴτις
1536 771 1597 814 ἐμῆ

253 827 451 872 ξυμβουλή,
482 827 573 868 quod
609 827 695 860 coni.
732 822 1029 858 Selileiermaclier.
1084 821 1214 854 Deinde
1239 825 1321 853 vett.
1346 819 1442 852 editt.
1466 816 1602 859 λαμβά-

253 888 330 909 νειν.
390 874 607 907 lndicativum
651 872 816 904 debemus
851 869 945 902 Vind.
980 867 1012 901 4.
1038 868 1068 901 7.
1095 880 1128 901 α.
1160 867 1250 900 Flor.
1276 865 1326 905 h.;
1358 865 1481 897 habent
1510 864 1601 895 idem

253 920 412 954 DNOP.
464 918 681 960 Quamquam
709 915 905 960 λαμβάνειν,
937 914 991 946 nbi
1016 912 1238 956 κτησάμενον
1263 910 1450 953 scripseris,
1476 908 1602 942 servari

255 970 385 1010 potest,
412 965 438 997 si
464 965 541 1006 quis
571 974 644 997 cum
674 967 778 1004 Aug.
804 959 1022 994 Matthiae
1048 959 1109 991 Gr.
1136 959 1197 990 Gr.
1223 956 1255 1000 §.
1287 955 1363 991 556.
1388 955 1420 990 2.
1444 966 1476 997 p.
1505 953 1603 989 1292.

255 1024 297 1045 ex
329 1010 510 1053 ἀναγκάζει
545 1020 604 1051 per
639 1019 783 1051 zeugma
815 1011 942 1039 statuat
967 1003 1087 1037 κελεύω
1121 1005 1172 1036 vel
1201 1006 1354 1046 παραινῶ
1377 999 1602 1043 repetendum

254 1069 344 1092 esse.
392 1056 486 1090 ldem
512 1056 563 1088 vir
588 1055 708 1087 doctus
735 1054 777 1086 ad
802 1055 833 1085 εἴ
858 1064 909 1088 τις
934 1053 997 1095 ἐμῇ
1023 1050 1201 1094 συμβουλῇ
1225 1047 1477 1090 intelligendum
1504 1048 1603 1089 putat

255 1151 398 1192 αἰσχρῶς
425 1148 485 1191 μὲν
515 1148 686 1188 ἔσπειρας,
716 1148 824 1180 κακῶς
861 1143 895 1175 δὲ

251 1199 432 1237 ἐθέρισας,
468 1204 554 1235 quae
591 1193 676 1224 scita
701 1196 754 1224 est
778 1190 895 1222 conie-

253 1247 350 1275 ctura
401 1238 587 1272 Kriscliii
636 1238 686 1270 De
734 1235 892 1269 Pliaedro

256 1287 412 1322 Platonis
439 1297 469 1328 p.
497 1284 541 1320 98
566 1294 615 1325 sq.

300 1353 381 1386 ἀλλ’
410 1354 444 1385 εἴ
470 1365 534 1388 τις
557 1350 632 1394 ἐμὴ
658 1346 897 1392 Ξυμβουλή,

254 1398 531 1442 κτησάμενος
564 1417 608 1421 -
641 1392 897 1437 λαμβάνει]

253 1446 359 1481 Quod
393 1446 473 1477 olim
508 1455 526 1476 e
550 1442 726 1476 codicibus
759 1439 899 1473 reduxi-

253 1503 350 1532 mus,
387 1490 419 1523 id
461 1490 561 1522 etiam
597 1487 693 1520 “nunc
731 1492 898 1524 tenemm,

257 1537 458 1571 sententiam
495 1536 674 1568 verborum
711 1534 759 1564 sic
795 1532 900 1563 inter-

254 1587 447 1628 pretantes:
474 1581 562 1621 sed,
580 1581 615 1612 si
641 1578 741 1621 quid
763 1586 897 1610 meum

256 1631 373 1662 valet
409 1627 674 1666 consilium,
719 1623 900 1666 quicun-

256 1686 339 1718 que
380 1673 477 1707 mihi
522 1681 694 1714 operam
734 1670 829 1707 dat,
867 1667 902 1699 is

262 1725 494 1765 postquam
543 1717 633 1750 veri
674 1713 903 1757 cognitio-

263 1777 352 1800 nem
379 1766 466 1798 sibi
491 1761 790 1805 comparavit,
816 1764 902 1791 tum

264 1813 434 1846 demum
460 1821 522 1844 me
550 1807 821 1851 amplecitur
845 1810 904 1836 at-

262 1869 343 1901 que
368 1856 614 1898 cognoscit.
662 1854 699 1886 ln
730 1862 798 1893 qua
827 1860 905 1882 sen-

263 1904 371 1937 tentia
405 1901 560 1944 equidem
588 1909 654 1932 non
677 1897 800 1936 video,
826 1894 906 1937 quid

262 1950 354 1983 istud
381 1946 546 1991 λαμβάνει
572 1945 693 1978 habeat
719 1941 906 1974 dubitatio-

263 1997 325 2029 nis.
362 1995 445 2028 Voc.
485 1991 595 2028 οὕτως
625 1993 702 2032 post
731 1986 908 2030 participia

263 2041 376 2074 inferri
414 2039 571 2078 solitum,
609 2041 646 2068 ut
672 2033 847 2067 Phaedon.
873 2042 904 2073 p.

264 2087 319 2122 61.
354 2087 393 2120 C.
429 2086 610 2126 Protagor.
639 2092 672 2124 p.
699 2079 774 2114 310.
812 2078 850 2111 D.
873 2088 904 2119 p.

264 2133 343 2168 314.
367 2133 405 2166 C.
432 2131 542 2172 Gorg.
571 2139 602 2171 p.
619 2127 697 2160 457.
717 2126 755 2159 D.
780 2135 812 2167 p.
829 2123 905 2157 507.

265 2181 306 2213 D.
323 2179 365 2211 Ε.
386 2178 514 2221 Cratyl.
530 2187 562 2218 p.
576 2173 653 2207 425.
679 2176 718 2206 A.
743 2171 782 2205 Β.
806 2169 905 2210 Reip.

265 2226 322 2259 lv.
348 2236 380 2266 p.
398 2223 477 2257 435.
501 2224 539 2256 A.
558 2220 598 2253 V.
623 2230 655 2262 p.
673 2217 750 2252 464.
776 2218 814 2249 Α.
848 2214 906 2248 ΙΧ.

266 2282 299 2313 p.
318 2270 395 2304 576.
415 2269 454 2303 Ε.
481 2271 514 2300 et
537 2265 689 2299 centenis
715 2263 786 2296 aliis
813 2261 908 2294 locis.

266 2317 429 2348 Ceterum
450 2317 530 2356 post
554 2310 639 2343 ἀλλὰ
657 2321 674 2342 e
691 2306 909 2352 praecedenti

267 2361 390 2393 οὐδένα
433 2362 535 2400 liquet
572 2357 711 2397 intelligi
748 2356 909 2395 oportere

267 2408 417 2444 ἕκαστος,
444 2414 545 2446 quam
578 2400 736 2443 loquendi
765 2399 909 2431 sormam

269 2453 372 2485 habes
388 2450 528 2483 Tlieaet.
548 2460 578 2490 p.
605 2448 678 2481 157.
695 2447 734 2479 Β.
757 2446 806 2477 De
826 2445 911 2484 Rep.

271 2499 311 2532 11.
337 2509 368 2539 p.
387 2496 463 2530 366.
494 2496 532 2528 Ῐ).
559 2494 613 2527 lll.
640 2504 672 2535 p.
692 2491 768 2525 382.
797 2490 834 2522 Ε.
857 2488 913 2522 lV.

270 2556 302 2587 p.
322 2543 399 2576 438.
422 2546 460 2575 A.
490 2541 575 2573 wll.
603 2551 633 2581 p.
652 2538 728 2572 561.
750 2537 787 2568 Β.
811 2536 914 2578 δμη-

272 2600 346 2632 pOS.
372 2599 404 2631 p.
433 2586 507 2622 192.
534 2586 584 2626 E,
609 2585 664 2617 ubi
691 2594 720 2617 v.
747 2592 822 2615 ann.

319 2655 418 2706 τόρε
456 2654 489 2687 δ’
534 2649 611 2686 οὖν
649 2655 752 2695 μέγα
790 2649 914 2698 λέγοι]

275 2704 303 2738 li.
332 2713 359 2736 e.
387 2710 584 2742 maguum
610 2698 827 2740 quiddam.
855 2696 915 2728 Est

962 1141 1050 1175 enim
1079 1139 1182 1180 idem,
1207 1138 1316 1180 quod:
1349 1136 1431 1169 τόδε
1456 1136 1537 1178 λέγω
1561 1133 1604 1172 ὡς

962 1191 1048 1231 μέγα
1072 1199 1118 1220 τι.
1146 1185 1251 1226 iaegg.
1278 1185 1319 1217 ll.
1336 1195 1367 1226 p.
1387 1182 1465 1217 653.
1484 1185 1522 1215 Α.
1546 1184 1606 1224 με’-

963 1246 1007 1276 γα
1029 1233 1143 1274 λέγεις.
1167 1230 1242 1263 Xll.
1267 1241 1297 1273 p.
1317 1229 1394 1263 9150.
1419 1229 1458 1262 D.
1484 1226 1525 1258 οὐ
1548 1240 1607 1269 μι-

964 1277 1046 1320 κρόν
1072 1278 1186 1320 λέγεις.
1213 1286 1242 1309 v.
1268 1275 1309 1308 ad
1336 1275 1453 1316 Symp.
1475 1273 1547 1307 175.
1567 1272 1606 1306 C.

967 1323 1097 1357 Deinde
1133 1321 1265 1354 notabis
1299 1320 1398 1352 ου’ὸέν
1421 1332 1455 1351 τι
1477 1318 1606 1361 μᾶλλον

968 1370 1081 1403 Attice
1108 1378 1168 1410 pro
1195 1365 1354 1409 midrqzffig
1381 1366 1531 1405 dictum,
1565 1363 1609 1395 de

965 1426 1034 1458 quo
1083 1412 1240 1456 loquendi
1288 1422 1413 1454 genere
1453 1410 1610 1442 dixerunt

967 1463 1113 1502 interpp.
1146 1458 1188 1491 ad
1222 1458 1369 1499 Gregor.
1397 1454 1549 1488 Corintli.
1574 1465 1607 1497 p.

969 1508 1022 1542 60.
1041 1506 1219 1538 Tlieaetet.
1236 1515 1267 1546 p.
1289 1503 1362 1537 169.
1378 1503 1419 1535 B.
1445 1500 1519 1533 ἀλλ’
1547 1499 1609 1542 ἐγὼ

969 1552 1064 1585 οὐδέν
1088 1564 1123 1583 τι
1145 1550 1276 1592 μᾶλλον
1300 1548 1503 1591 ἀφίσταμαι.

1014 1598 1054 1631 Ε.
1105 1598 1242 1637 Φημί,
1276 1594 1349 1626 ἐὰν
1384 1593 1430 1626 οῖ’
1457 1604 1499 1634 γε
1524 1592 1611 1623 ἐπι-

970 1643 1094 1680 όντες
1117 1641 1182 1684 ——]
1226 1640 1382 1674 Phaedro
1415 1638 1611 1675 sciscitanti,

970 1699 1080 1723 annon
1112 1698 1166 1720 ars
1206 1687 1354 1720 oratoria
1394 1685 1458 1717 ista
1496 1683 1611 1716 omnia

971 1740 1067 1769 recte
1093 1744 1156 1776 pro
1182 1743 1220 1766 se
1244 1733 1276 1764 in
1298 1731 1444 1764 medium
1463 1731 1506 1762 sit
1530 1730 1614 1762 alla-

972 1786 1059 1819 tura,
1088 1780 1250 1812 Socrates
1276 1778 1321 1810 ita
1346 1775 1552 1818 respondet,
1577 1777 1616 1806 ut

972 1837 1011 1859 se
1041 1826 1140 1858 facile
1172 1824 1263 1856 dicat
1288 1823 1370 1855 llaec
1401 1821 1533 1862 largiri,
1568 1819 1616 1851 si-

973 1871 1110 1914 quidem
1147 1870 1232 1902 aliae
1257 1867 1425 1910 quaedam
1451 1866 1613 1905 rationes,

971 1928 1062 1959 quae
1086 1917 1151 1948 iam
1179 1913 1372 1947 lustrandae
1395 1912 1549 1951 veniant,
1586 1911 1615 1942 ei

973 1963 1057 1996 artis
1091 1971 1212 1994 nomen
1252 1959 1354 1991 tribui
1396 1957 1614 2000 permittant:

972 2019 1050 2042 esse
1075 2008 1162 2040 enim
1183 2006 1366 2048 quosdam,
1391 2004 1513 2046 quibus
1539 2001 1616 2034 rhe-

971 2055 1078 2087 torice
1094 2063 1158 2085 non
1185 2063 1260 2092 ars,
1287 2051 1348 2083 sed
1374 2049 1514 2090 ἄτεχνος
1542 2060 1618 2089 τρι-

971 2099 1014 2143 βή
1046 2099 1222 2138 videatur,
1255 2101 1292 2130 ut
1322 2097 1355 2128 in
1386 2094 1536 2137 quodam
1569 2093 1617 2124 in-

973 2146 1062 2188 genii
1111 2148 1145 2177 et
1193 2142 1446 2176 exercitationis
1491 2148 1618 2181 genere

975 2191 1134 2234 ponenda
1159 2189 1213 2223 sit.
1261 2189 1296 2220 ln
1331 2188 1390 2219 liae
1412 2185 1514 2227 igitur
1537 2194 1617 2216 sen-

975 2238 1155 2270 tentiarum
1183 2239 1217 2267 et
1241 2232 1452 2276 simplicitate
1479 2234 1513 2262 et
1539 2239 1618 2272 per-

976 2283 1156 2325 spicuitate
1182 2279 1335 2321 equidem
1358 2287 1423 2310 non
1441 2285 1618 2317 assequor,

976 2328 1056 2370 qnid
1086 2328 1278 2359 Buttmann.
1311 2325 1342 2356 in
1381 2323 1528 2356 lectione
1554 2330 1619 2352 nu-

977 2384 1040 2417 per
1065 2384 1106 2406 ex
1137 2371 1237 2404 codd.
1264 2381 1345 2403 mss,
1376 2369 1531 2401 restituta
1557 2366 1620 2398 de-

980 2418 1192 2457 sideraverit,
1217 2422 1253 2448 ut
1279 2415 1433 2448 maluerit
1460 2412 1621 2454 amplecti

981 2476 1055 2498 eam
1081 2474 1179 2505 quam
1207 2463 1313 2494 suasit
1341 2457 1518 2492 Heindorf.
1544 2467 1620 2488 ver-

981 2512 1102 2543 borum
1136 2509 1419 2541 distributionem.
1472 2504 1621 2535 Vocatur

981 2561 1094 2589 autem
1119 2554 1286 2587 rhetorice
1310 2552 1388 2585 alibi
1413 2551 1514 2582 etiam
1539 2547 1620 2578 ἅλο-

982 2614 1043 2644 γος
1074 2599 1198 2642 τριβή,
1230 2604 1266 2631 ut
1298 2598 1381 2630 infra
1411 2606 1444 2638 p.
1470 2593 1547 2638 270.
1581 2593 1620 2625 Β.

985 2647 1114 2681 ΡΙιίΙεὺ.
1141 2658 1174 2688 p.
1199 2645 1254 2679 55.
1282 2645 1321 2678 Ε.
1352 2642 1459 2682 Gorg.
1485 2650 1516 2681 p.
1541 2639 1618 2672 501.

986 2697 1027 2726 Α.
1066 2694 1117 2726 vel
1150 2692 1306 2735 ἐμπειρία
1340 2686 1393 2719 καὶ
1425 2683 1549 2727 τριβή,
1583 2688 1618 2715 ut
