1687 2969
471 169 712 207 GORGIAS.
744 170 786 207 P.
819 172 911 206 493.
944 170 1001 206 cd.
1034 170 1088 206 St.
1378 172 1456 205 233

111 276 334 330 ἐπιθυμίαι
362 277 462 326 εἰσί,
503 277 699 330 τυγχάνει
739 276 791 318 ὄν
821 272 915 318 οἷον
943 277 1255 318 ἄναπείθεσθαι
1295 276 1365 317 καὶ
1392 292 1458 329 με·

112 341 330 382 marimens
368 344 458 382 ἅνω
495 342 629 382 κάτω·
682 341 750 382 καὶ
788 344 915 382 τοῦτο
959 344 1042 393 ἄρα
1092 357 1152 390 τις
1198 344 1459 394 μυθολογῶν

110 407 276 460 κομψὸς
313 407 447 460 ἀνήρ,
486 406 584 454 ἴσως
615 408 791 454 Σικελός
829 422 890 455 τις
929 402 956 459 ἢ
993 407 1213 456 Ἰταλικάς,
1251 408 1458 460 παράγων

111 477 169 523 τῷ
208 471 386 524 ὀνόματι
424 471 493 512 διὰ
529 472 576 512 τὸ
613 472 802 513 πιθανόν
841 486 882 511 τε
920 471 989 512 καὶ
1028 471 1221 512 πιστικὸν
1266 471 1457 525 ὠνόμασε

110 538 268 585 πίθον,
306 536 406 585 τοὺς
445 536 488 577 δὲ
515 537 726 590 ἀνοήτους
774 536 1012 590 ἀμυήτους·
1060 540 1144 577 τῶν
1180 533 1217 578 δ’
1256 538 1458 591 ἀμυήτων

108 677 186 709 aliis
209 678 287 709 Par.
312 677 350 708 E.
376 687 442 708 rec.
491 677 580 708 Dein
606 674 678 707 ἅνω
705 675 792 707 κάτω
819 675 935 708 Clark.
962 676 1038 707 Vat.
1065 676 1150 707 Ven.
1178 676 1216 707 Σ.
1243 676 1344 707 Vind.
1372 677 1400 709 1.
1426 678 1456 710 2.

107 722 138 755 6.
164 720 193 754 7.
219 723 294 754 Par.
320 722 361 753 V.
386 721 476 753 Flor.
502 733 536 753 x.
561 722 702 753 Meerm.
727 721 821 753 Stob.
846 722 936 752 Vett.
961 721 1053 753 editt.
1078 718 1151 753 ἄνω
1176 721 1231 752 καὶ
1259 722 1357 753 κάτω,

177 789 282 823 ἴσως
317 786 504 821 Σικελός
538 787 610 831 τις]
659 789 736 820 Bas.
762 787 793 820 2.
819 793 852 820 et
877 788 972 820 codd.
999 789 1132 830 aliquot
1157 787 1330 822 oznezzno's.
1356 790 1456 822 male.

175 856 243 888 καὶ
270 855 472 888 πιστικὸιι
497 853 577 897 ὢν]
627 855 684 887 Sic
718 855 834 887 Clark.
858 856 934 888 Vat.
967 856 1053 887 Ven.
1082 856 1159 888 ΞΣ.
1185 856 1288 888 Vind.
1314 856 1343 890 1.
1369 855 1400 889 2.
1426 856 1455 889 7.

104 903 181 934 Par.
205 902 259 934 W.
285 902 376 934 Flor.
400 912 426 933 s.
452 900 548 933 Bodl.
573 901 714 933 Meerm.
740 899 832 932 Stob.
860 901 1036 933 Iamblich.
1062 912 1122 943 pro
1148 902 1241 944 vulg.
1269 900 1453 940 πειστικόν,

106 947 195 989 quod
220 947 278 979 hic
302 957 436 989 quoque
460 946 571 978 tenuit
595 947 711 978 Herm.
743 945 914 978 reluctans
947 946 1031 978 adeo
1057 946 1243 979 Clarkiano
1268 958 1329 979 suo
1353 948 1454 979 unice

106 992 240 1025 dilecto.

109 1118 308 1163 θυμητικόν.
380 1120 432 1151 De
477 1119 582 1151 animi
624 1123 747 1151 natura

106 1167 247 1208 eiusque
271 1166 425 1207 partibus
457 1165 607 1207 disputat
638 1164 748 1206 philo—

107 1212 234 1253 sophus
266 1211 319 1242 De
349 1210 494 1252 Republ.
526 1210 584 1241 IV.
618 1220 649 1251 p.
680 1208 746 1241 439

108 1276 151 1280 —
175 1254 252 1288 441.
276 1256 335 1288 ΙΧ.
368 1266 399 1297 Ρ.
424 1254 501 1288 580.
526 1256 568 1286 D.
600 1255 689 1286 Tim.
714 1265 746 1296 p.

107 1300 161 1334 69.
179 1299 232 1333 70.
256 1301 298 1333 cf.
325 1301 539 1332 Alcinous
561 1300 612 1331 De
629 1300 745 1331 Doctr.

108 1346 242 1378 Platon.
272 1357 301 1378 e.
332 1344 385 1378 23.
418 1344 471 1378 24.
503 1346 643 1377 Laert.
676 1345 745 1376 Vit.

106 1391 241 1424 Platon.
273 1391 333 1422 III.
368 1392 397 1430 ἓ.
430 1389 483 1423 67.
515 1390 661 1421 Davis.
703 1390 745 1421 ad

105 1437 211 1469 Cicer.
245 1436 434 1468 Tusculan.
464 1436 508 1475 ΙΙ,
540 1434 593 1467 20,
624 1435 683 1471 IV,
713 1434 744 1467 5.

105 1482 267 1514 Proxima
290 1481 339 1513 sic
362 1480 557 1523 intelligas:
590 1479 744 1522 τυγχάνει

105 1525 149 1558 ὂιι
176 1529 350 1562 τοιοῦτον,
377 1524 461 1559 diste
485 1523 745 1558 ἀιάπείθεοθαι

106 1572 151 1614 (h.
177 1583 205 1603 e.
236 1571 358 1603 modo
390 1571 473 1609 sic,
511 1570 633 1602 modo
668 1571 744 1602 ali-

106 1624 170 1650 ter
208 1615 478 1658 persuaderi)
518 1616 573 1647 καὶ
604 1627 742 1654 μεταπι-

107 1673 201 1694 :rtem
226 1659 299 1693 ἅιω
325 1659 424 1692 κάτω.

150 1708 219 1738 καὶ
247 1709 374 1738 τοῦτο
405 1704 490 1746 ἄοα
523 1717 585 1738 τις
610 1706 742 1743 nisto-

104 1754 240 1794 λογῶιι
265 1750 326 1794 -]
368 1751 445 1782 Hoc
477 1751 579 1782 dicit:
612 1755 742 1791 atque

105 1798 181 1829 hoc
212 1797 424 1839 placitum
457 1795 505 1827 dc
531 1795 743 1837 cupidita-

105 1850 188 1874 tum
214 1842 525 1873 inconstantia
549 1851 595 1872 ac
620 1846 743 1872 teme-

104 1888 237 1919 ritate
268 1887 440 1928 aliquis
472 1887 513 1917 in
547 1885 742 1917 fabulam

103 1936 271 1964 mutans
303 1931 337 1964 τὸ
364 1928 613 1972 ἐπιθυμητικὸν
637 1931 741 1970 μέρος

104 1981 159 2020 τῆς
191 1980 299 2020 ψυχῆς
329 1977 586 2018 appellavit
631 1978 742 2007 πίθοι

103 2035 129 2054 s.
163 2022 332 2061 eadum,
366 2023 470 2063 quia
502 2022 541 2052 ei
572 2022 741 2063 propri-

101 2078 166 2099 um
206 2072 324 2099 esset
357 2065 390 2098 τὸ
429 2064 583 2097 πιθαιόι·
620 2078 652 2097 τε
685 2068 738 2098 καὶ

103 2110 272 2150 πτωτικόν,
324 2111 639 2152 insipientium
677 2123 741 2144 au-

101 2165 183 2189 tem
245 2162 286 2188 et
349 2157 741 2197 intemperantium

103 2203 289 2234 animum
323 2201 440 2233 dixit
471 2200 621 2232 cadum
655 2212 741 2243 per-

103 2248 306 2286 foratum,
332 2247 434 2288 quia
458 2246 603 2277 horum
628 2247 741 2288 cupi-

104 2292 267 2323 ditates
283 2302 497 2333 nunquam
518 2291 740 2332 expleren-

104 2343 182 2369 tur.
218 2337 322 2368 Vides
354 2337 558 2368 sententiam
592 2347 666 2367 esse
691 2348 741 2368 sa—

104 2382 146 2413 tis
171 2382 396 2424 perspicuam.
439 2381 505 2413 Sed
530 2381 570 2413 de
595 2382 740 2423 singulis

103 2428 175 2458 eius
192 2426 346 2469 partibus
365 2426 607 2468 explicandum
623 2428 740 2467 utique

103 2478 154 2503 est
177 2472 380 2503 accuratius.
418 2472 602 2511 Quaeritur
627 2477 740 2503 autem

105 2522 182 2548 ante
207 2517 332 2553 omnia,
357 2517 433 2557 quis
458 2517 501 2548 sit
525 2517 588 2548 iste
610 2514 740 2555 κομψὸς

102 2559 204 2604 ἀνήρ,
231 2562 288 2593 cui
316 2562 401 2593 haec
426 2560 543 2593 fabula
568 2561 739 2593 tribuitur.

102 2606 383 2639 EtBoeckhio
408 2606 543 2647 quidem
560 2606 580 2636 l.
595 2606 740 2647 0.p.186

104 2651 280 2693 seqq.‚cui
294 2651 738 2692 suffragaturSusemihl.

104 2697 217 2729 Genet.
242 2695 434 2728 Emwz'ckel.
459 2695 519 2727 der
543 2696 631 2727 Plat.
659 2696 738 2728 Phi-

817 1119 938 1160 losoph.
961 1120 985 1151 I.
1011 1131 1041 1162 p.
1063 1118 1128 1153 108
1146 1131 1227 1162 seq„
1257 1131 1297 1152 ea
1320 1121 1456 1154 videtur

816 1164 974 1196 Philolao
999 1166 1131 1197 auctori
1164 1166 1345 1198 tribuenda
1369 1178 1455 1199 esse.

817 1209 916 1250 Quod
949 1221 1011 1252 ego
1043 1221 1162 1242 vereor
1192 1216 1229 1242 ut
1262 1217 1350 1244 recte
1382 1213 1454 1244 fieri

816 1259 930 1296 queat,
953 1255 1228 1297 quandoquidem
1264 1258 1312 1289 ita
1336 1268 1454 1299 parum

816 1300 991 1332 commode
1016 1300 1220 1333 adderentur
1240 1302 1344 1334 verba
1370 1303 1454 1335 ἴσως

818 1343 958 1379 Σικελός
998 1357 1043 1379 τις
1085 1345 1105 1388 ἢ
1143 1344 1309 1380 Ἰταλικάς.
1379 1348 1454 1388 Quo

815 1390 942 1422 diutius
966 1390 1078 1422 locum
1104 1392 1294 1432 considero,
1320 1403 1359 1424 eo
1384 1403 1455 1424 rna-

813 1436 866 1477 gis
905 1437 940 1467 in
979 1447 1019 1467 ea
1057 1437 1279 1468 confirmatur
1317 1439 1454 1470 animus

814 1482 1002 1521 sententia,
1032 1485 1070 1512 ut
1092 1493 1162 1513 non
1187 1487 1256 1514 tam
1282 1483 1454 1526 Pythago-

813 1536 944 1557 reorum
991 1536 1093 1568 quam
1134 1527 1453 1570 Pythagoristarum

815 1575 915 1612 atque
948 1571 1175 1613 Orphicorum
1214 1573 1361 1605 docendi
1403 1585 1454 1605 ra-

813 1617 958 1656 tionem,
996 1622 1132 1658 propter
1169 1619 1363 1660 mythorum
1405 1619 1453 1650 in-

814 1661 955 1692 volucra
978 1661 1128 1694 tenebris
1152 1663 1317 1704 repletam
1332 1668 1366 1695 et
1381 1675 1454 1706 per-

814 1708 1013 1746 obscuram,
1038 1708 1149 1739 notari
1173 1709 1376 1741 existimem.
1399 1710 1453 1741 In-

813 1756 863 1782 ter
894 1762 978 1803 quos
1010 1763 1112 1793 quum
1146 1759 1362 1786 recenseatur
1393 1755 1453 1786 im-

812 1797 930 1838 primis
954 1797 1195 1839 Empedocles,
1222 1799 1256 1830 id
1282 1799 1372 1841 quod
1397 1799 1453 1831 do-

814 1843 885 1872 cuit
910 1841 1114 1874 Sturzius
1139 1844 1174 1875 in
1191 1844 1398 1885 Empedocle
1421 1856 1452 1887 p.

814 1885 856 1918 13
869 1897 960 1928 seqq.
988 1892 1020 1919 et
1040 1898 1071 1929 p.
1087 1887 1128 1919 19
1146 1900 1227 1930 seq„
1253 1889 1344 1921 haud
1370 1901 1453 1922 sane

811 1936 935 1963 temere
952 1932 1154 1965 scholiastes
1177 1940 1209 1966 et
1234 1935 1452 1988 Olympio-

811 1976 942 2008 dorus
975 1978 1017 2009 ad
1051 1976 1452 2018 1].1.;οι’”οιιΕμπεδο-

811 2023 906 2064 algis·
941 2021 1191 2075 Πιιθαγόιιειω
1223 2023 1288 2066 γὰρ
1323 2025 1366 2066 ήι
1392 2038 1451 2056 01»-

812 2078 877 2099 τος.
933 2064 1058 2109 ι’.τῆρχε
1097 2068 1135 2100 δὲ
1173 2066 1451 2111 ’4κῡαγαιᾘτῖιορ

810 2112 939 2143 Docuit
963 2113 1052 2144 enim
1078 2113 1135 2144 hic
1165 2118 1251 2145 teste
1276 2116 1450 2157 Simpli-

811 2157 878 2188 cio
905 2157 944 2187 ad
971 2159 1109 2189 Aristot.
1135 2160 1187 2190 De
1204 2159 1307 2191 Coelo
1327 2171 1357 2202 p.
1376 2160 1451 2192 129.

811 2213 855 2240 ιιι
862 2200 1054 2242 ιῗικωιεροι
1088 2201 1134 2236 ὥς
1167 2203 1316 2246 τοιητής.
1381 2206 1452 2237 Nee

811 2247 884 2277 sine
925 2257 1048 2279 caussa
1097 2248 1189 2280 hunc
1235 2250 1451 2302 potissimum

810 2292 908 2323 Plato
948 2293 1108 2334 respexit.
1178 2294 1321 2326 Constat
1358 2296 1449 2327 enim

810 2337 921 2378 ipsum
948 2338 1108 2380 G01giam
1141 2339 1215 2370 eius
1247 2340 1449 2382 disciplinae

810 2381 980 2413 addictum
1006 2383 1126 2421 fuisse,
1154 2384 1244 2415 unde
1270 2387 1374 2417 etiam
1391 2386 1449 2417 So-

810 2432 918 2458 crates
943 2428 978 2458 in
995 2428 1186 2471 Menonep
1191 2428 1270 2463 ..76
1291 2431 1329 2461 A.
1355 2442 1448 2472 seqq.

810 2472 932 2503 leniter
954 2472 1042 2504 ridet
1067 2440 1215 2516 Gorgiae
1243 2475 1447 2517 discipulum

810 2517 1037 2558 Empedoclea
1061 2519 1227 2559 quaedam
1252 2520 1377 2561 placita
1394 2532 1449 2551 cu-

810 2561 887 2602 pide
919 2562 1190 2603 amplectentem.
1238 2565 1357 2606 Itaque
1390 2576 1448 2597 no-

810 2606 912 2638 tando
960 2608 1166 2649 Empedocle
1222 2610 1322 2640 simul
1377 2611 1448 2651 ipse

810 2652 956 2693 Gorgias
997 2653 1139 2695 eiusque
1187 2654 1349 2696 discipuli
1390 2665 1447 2686 no-

809 2700 944 2737 tantur,
977 2701 1015 2728 ut
1037 2702 1152 2740 pateat
1176 2699 1267 2731 hunc
1291 2700 1447 2741 mythum
