1687 2969
140 188 160 225 7
168 191 190 224 2
623 183 979 222 PROLEGOMEN
981 184 1017 220 A

145 300 253 337 illum
283 298 409 347 ipsum
447 309 575 333 rerum
605 300 748 333 statum
788 300 826 333 et
865 294 1121 332 conditionem
1148 292 1369 342 planissime
1401 305 1496 342 qua-

145 357 275 399 drare,
325 353 450 403 qualis
488 358 572 390 tum
617 352 857 401 potissimum
909 350 1134 388 exstitisset.
1212 348 1341 388 Quum
1379 349 1501 396 igitur

146 413 256 448 Plato
295 410 377 458 ipse
417 409 543 446 verbis
584 408 803 445 clarissimis
843 407 1038 454 dialogum
1078 406 1229 455 Olymp.
1272 409 1335 449 93,
1376 408 1412 441 4.
1448 419 1499 436 Ξ

152 471 229 504 405
263 479 294 502 a.
325 466 412 502 Chr.
450 464 625 502 habitum
662 464 755 511 fingi
785 462 1079 511 significaverit,
1116 461 1206 498 hinc
1236 474 1387 510 quoque
1418 473 1505 508 per-

151 522 320 572 spicitur,
353 522 399 558 ab
430 521 501 557 hac
530 521 676 558 ratione
707 533 773 556 cur
803 519 1074 556 discedendum
1103 518 1171 563 sit,
1212 530 1385 554 caussam
1430 516 1508 553 ido-

152 592 266 616 neam
295 578 408 626 plane
438 577 584 613 nullam
614 582 825 625 suppetere.

238 635 382 670 Verum
411 633 470 669 his
502 632 685 681 expositis
724 631 922 680 praefandi
961 630 1114 678 negotio
1155 629 1359 679 aliquando
1389 629 1505 665 finem

158 692 351 739 imponere
390 689 530 726 licebit.
590 690 688 724 Nam
729 701 825 737 quae
864 690 1063 735 praeterea
1102 685 1290 734 disputari
1329 688 1508 733 poterant

158 748 204 783 de
235 745 445 782 disserendi
476 757 614 792 genere
646 744 809 780 sermoni
839 743 929 779 111110
959 742 1111 791 proprio
1141 743 1263 791 deque
1294 741 1508 778 elocutione

157 803 196 839 in
237 816 280 838 eo
320 808 522 849 usurpata,
565 813 627 841 ea,
659 800 837 850 quoniam
877 799 982 835 nullo
1012 799 1091 835 fere
1131 797 1285 845 negotio
1314 796 1398 845 ipsa
1429 796 1510 833 eius

159 858 321 896 lectione
352 862 643 904 cognoscentur,
684 855 864 904 peculiari
897 854 1134 903 expositione
1164 853 1335 900 indigere
1366 866 1510 902 nequa-

162 928 277 965 quam
307 913 498 950 videntur.

247 972 376 1019 Atque
407 969 501 1005 haec
530 970 608 1005 sere
639 968 731 1005 satis
762 973 875 1004 sunto
904 967 945 1003 in
974 966 1199 1003 universum
1230 966 1275 1002 de
1296 978 1408 1014 opere
1438 965 1510 1001 hoc

163 1025 332 1063 Platonis
362 1024 702 1073 praestantissimo.
762 1022 870 1063 Quae
900 1023 931 1059 si
971 1023 1030 1059 cui
1063 1036 1139 1058 non
1181 1021 1438 1066 satisfaciant,
1479 1021 1512 1057 is

164 1083 274 1119 adeat
319 1087 517 1129 praeterea
567 1079 1099 1117 Schleiermacherum
1138 1078 1233 1127 Opp.
1273 1077 1421 1114 Platon.
1474 1077 1512 1113 111

165 1140 289 1175 Grerm.
334 1150 503 1174 convers.
543 1137 584 1173 T.
625 1138 677 1172 H.
718 1137 820 1172 Part.
852 1136 882 1172 I.
923 1149 958 1183 p.
992 1138 1012 1170 3
1046 1148 1161 1184 seqq„
1203 1133 1405 1170 Astium
1444 1133 1512 1169 De

165 1195 275 1232 vita
315 1199 361 1230 et
392 1193 605 1241 scriptis
636 1191 870 1229 Platonis
909 1205 944 1239 p.
981 1193 1052 1227 111
1088 1203 1211 1240 seqq.‚
1244 1190 1514 1226 Socherum

168 1252 233 1287 l)e
265 1263 310 1286 sc
323 1249 479 1297 riptis
511 1248 742 1285 Platonis
773 1261 807 1296 p.
841 1249 916 1284 237
944 1260 1060 1296 seqq„
1093 1246 1197 1291 alios,
1229 1245 1293 1295 qui
1324 1258 1446 1294 nuper
1475 1245 1514 1281 in

168 1308 228 1343 his
259 1307 371 1342 rebus
401 1305 657 1353 disceptandis
687 1303 827 1341 versati
858 1308 947 1339 sunt
979 1315 1149 1353 quosque
1180 1302 1255 1338 iam
1282 1314 1397 1350 supra
1427 1302 1516 1338 data

169 1363 222 1400 rei
253 1361 538 1410 opportunitate
569 1360 874 1397 memoravimus.

256 1530 447 1577 Superest,
478 1535 519 1564 ut
540 1528 671 1576 paucis
692 1540 913 1563 moneamus
938 1526 983 1562 de
1019 1525 1210 1562 codicibus
1240 1524 1520 1573 manuscriptis,

171 1599 264 1635 quos
306 1585 345 1620 in
383 1585 508 1621 verbis
557 1584 772 1632 philosophi
815 1581 1061 1619 emendandis
1109 1581 1275 1618 maxime
1313 1581 1520 1617 audiendos

173 1641 405 1689 putavimus,
440 1653 481 1677 ac
511 1641 556 1676 de
585 1640 841 1688 peculiaribus
873 1638 959 1675 libri
991 1637 1233 1675 editionibus.

258 1697 455 1733 Editiones
484 1696 599 1732 huius
631 1695 768 1743 dialogi
800 1694 1012 1743 peculiares
1041 1694 1112 1730 hae
1142 1693 1266 1730 factae
1297 1699 1405 1730 sunt:

262 1752 493 1790 Platonis
534 1752 881 1801 Euthydemus
924 1755 971 1787 et
1010 1749 1236 1796 Gorgias.
1302 1749 1521 1793 Becensuit‚

176 1808 292 1845 vertit
334 1814 520 1857 notasque
560 1821 647 1844 suas
690 1807 826 1843 adiecit
865 1805 1066 1842 Martin.
1107 1805 1302 1853 Ioseph.
1342 1805 1521 1849 Routh,

179 1867 223 1901 A.
255 1866 306 1900 M.
339 1864 485 1911 collegii
526 1865 571 1900 D.
612 1864 758 1900 Mariae
798 1862 1014 1909 Magdalen.
1055 1862 1175 1897 Oxon.
1216 1861 1350 1897 socius.
1401 1861 1522 1897 Oxou.

177 1935 196 1957 e
227 1921 451 1969 typograph.
483 1920 706 1956 Clarendon.
738 1918 884 1955 Prodiit
915 1931 945 1954 a.
983 1918 1098 1954 1774.
1132 1920 1166 1953 8.
1224 1917 1326 1953 Usus
1357 1922 1415 1953 est
1444 1917 1523 1953 cod.

178 1976 295 2013 Paris.
332 1979 447 2012 1808.
479 1977 683 2025 doctasquc
723 1974 867 2011 addidit
905 1973 1191 2018 annotationes,
1229 1972 1429 2010 historicas
1459 1986 1523 2021 po-

177 2032 366 2069 tissimum
397 2036 510 2081 atque
541 2031 701 2076 criticas,
732 2031 887 2067 minime
918 2029 1161 2078 spernendas.

263 2087 496 2124 Platonis
538 2087 763 2134 Gorgias.
842 2086 984 2123 Graece
1026 2085 1073 2122 ad
1111 2085 1226 2121 fidem
1266 2084 1370 2121 codd.
1409 2097 1524 2132 mssp.

180 2147 395 2191 Augustali.
418 2148 455 2180 et
476 2144 710 2180 Meermann.
741 2142 1003 2191 versionisque
1023 2140 1147 2177 Ficini
1166 2140 1368 2185 recensuit,
1399 2153 1526 2177 emen—

180 2200 305 2245 davit,
344 2199 551 2247 explicavit
579 2199 818 2249 iudicemque
856 2199 1061 2235 verborum
1090 2197 1319 2234 Graecorum
1349 2196 1527 2244 copiosis-

182 2256 319 2292 simum
350 2255 486 2292 adiecit
516 2255 789 2292 Christian.
822 2254 1018 2291 Godofr.
1048 2252 1337 2289 Findeisen.
1376 2252 1525 2288 Gothae

181 2317 217 2348 et
249 2312 457 2348 Amstelod.
492 2324 522 2347 a.
559 2314 673 2348 1796.
708 2316 741 2347 8.
809 2310 944 2347 Editor
972 2309 1012 2345 in
1041 2308 1228 2345 varietate
1258 2307 1430 2344 lectionis
1461 2321 1526 2344 no-

181 2368 297 2404 tanda
328 2367 616 2414 diligentissime
646 2371 821 2404 versatus
859 2370 936 2411 est,
977 2365 1042 2401 sed
1079 2364 1347 2412 grammaticae
1378 2364 1527 2400 subtili-

181 2423 272 2460 tatis
303 2423 395 2459 adeo
422 2423 495 2459 fuit
517 2436 663 2471 expers,
694 2430 737 2460 ut
767 2422 926 2469 singulis
947 2422 1026 2457 fere
1047 2419 1196 2468 paginis
1226 2420 1299 2456 hoo
1328 2420 1368 2456 in
1389 2433 1527 2467 genere

182 2479 275 2515 mire
306 2479 501 2515 erraverit.

268 2534 391 2570 Multo
422 2534 547 2570 minus
587 2535 781 2582 probanda
820 2540 879 2571 est
914 2531 1049 2576 editio,
1090 2544 1187 2581 quae
1224 2530 1396 2580 proximo
1427 2544 1526 2567 anno

182 2590 342 2639 prodiit:
385 2590 539 2625 Pla-tom
581 2592 739 2637 Gotssqe'as
778 2592 862 2626 oder
904 2602 967 2626 con
1007 2589 1072 2624 der
1104 2588 1333 2628 &deit-anst,
1377 2587 1526 2624 herr-aus-

179 2646 300 2695 ίᾳιῃιεῖ).
333 2660 396 2683 con
426 2647 647 2682 Hem-stol.
699 2648 863 2694 Cr'c'ittc'nq.
897 2642 1013 2681 1797.
1055 2646 1110 2689 8.,
1158 2656 1255 2693 quae
1294 2656 1418 2692 neque
1458 2642 1527 2679 cri-

182 2702 294 2739 ticam
314 2703 430 2739 habet
452 2702 671 2746 utilitatem,
693 2716 815 2752 neque
837 2708 988 2750 praeter
1006 2699 1274 2738 annotationes
1295 2700 1341 2736 ab
1359 2698 1538 2736 Routhio
