<?xml version="1.0" encoding="UTF-8"?>
<!DOCTYPE html PUBLIC "-//W3C//DTD XHTML 1.0 Transitional//EN"
    "http://www.w3.org/TR/xhtml1/DTD/xhtml1-transitional.dtd">
<html xmlns="http://www.w3.org/1999/xhtml" xml:lang="en" lang="en">
 <head>
  <title>
</title>
<meta http-equiv="Content-Type" content="text/html;charset=utf-8" />
  <meta name='ocr-system' content='tesseract 3.04.00' />
  <meta name='ocr-capabilities' content='ocr_page ocr_carea ocr_par ocr_line ocrx_word'/>
</head>
<body>
  <div class='ocr_page' id='page_1' title='image "./n1operaomniarecens04platuoft/n1operaomniarecens04platuoft_0106.png"; bbox 0 0 1687 2969; ppageno 0'>
   <div class='ocr_carea' id='block_1_1' title="bbox 802 95 1077 133">
    <p class='ocr_par' dir='ltr' id='par_1_1' title="bbox 802 95 1077 133">
     <span class='ocr_line' id='line_1_1' title="bbox 802 95 1077 133; baseline 0.004 -14"><span class='ocrx_word' id='word_1_1' title='bbox 802 116 839 119; x_wconf 33' lang='lat' dir='ltr'>„r</span> <span class='ocrx_word' id='word_1_2' title='bbox 914 95 967 133; x_wconf 64' lang='lat' dir='ltr'>XC</span> <span class='ocrx_word' id='word_1_3' title='bbox 1038 116 1077 120; x_wconf 65' lang='grc'>.-</span> 
     </span>
    </p>
   </div>
   <div class='ocr_carea' id='block_1_2' title="bbox 261 206 1611 2703">
    <p class='ocr_par' dir='ltr' id='par_1_2' title="bbox 262 206 1611 1796">
     <span class='ocr_line' id='line_1_2' title="bbox 267 206 1611 272; baseline -0.001 -23"><span class='ocrx_word' id='word_1_4' title='bbox 267 207 396 250; x_wconf 86' lang='lat' dir='ltr'>modo</span> <span class='ocrx_word' id='word_1_5' title='bbox 433 207 662 249; x_wconf 78' lang='lat' dir='ltr'>informata</span> <span class='ocrx_word' id='word_1_6' title='bbox 690 206 946 249; x_wconf 77' lang='lat' dir='ltr'><strong>rhetoricam</strong></span> <span class='ocrx_word' id='word_1_7' title='bbox 963 241 974 261; x_wconf 89' lang='lat'>,</span> <span class='ocrx_word' id='word_1_8' title='bbox 1007 223 1186 262; x_wconf 88' lang='lat' dir='ltr'>eamque</span> <span class='ocrx_word' id='word_1_9' title='bbox 1217 207 1307 249; x_wconf 88' lang='lat' dir='ltr'>sine</span> <span class='ocrx_word' id='word_1_10' title='bbox 1335 207 1611 272; x_wconf 81' lang='lat' dir='ltr'>philosophia</span> 
     </span>
     <span class='ocr_line' id='line_1_3' title="bbox 266 263 1609 328; baseline -0.001 -22"><span class='ocrx_word' id='word_1_11' title='bbox 266 264 427 306; x_wconf 84' lang='lat' dir='ltr'>nullam</span> <span class='ocrx_word' id='word_1_12' title='bbox 466 279 561 306; x_wconf 89' lang='lat' dir='ltr'>esse</span> <span class='ocrx_word' id='word_1_13' title='bbox 607 263 931 318; x_wconf 82' lang='lat' dir='ltr'>demonstravit,</span> <span class='ocrx_word' id='word_1_14' title='bbox 972 265 1175 328; x_wconf 83' lang='lat' dir='ltr'>quoniam</span> <span class='ocrx_word' id='word_1_15' title='bbox 1209 280 1290 306; x_wconf 84' lang='lat' dir='ltr'>nec</span> <span class='ocrx_word' id='word_1_16' title='bbox 1341 264 1433 305; x_wconf 89' lang='lat' dir='ltr'>sine</span> <span class='ocrx_word' id='word_1_17' title='bbox 1478 265 1609 306; x_wconf 83' lang='lat' dir='ltr'>animi</span> 
     </span>
     <span class='ocr_line' id='line_1_4' title="bbox 267 320 1608 377; baseline -0.001 -14"><span class='ocrx_word' id='word_1_18' title='bbox 267 320 494 363; x_wconf 80' lang='lat' dir='ltr'>altitudine</span> <span class='ocrx_word' id='word_1_19' title='bbox 532 321 628 374; x_wconf 89' lang='lat' dir='ltr'>illa,</span> <span class='ocrx_word' id='word_1_20' title='bbox 669 335 797 374; x_wconf 88' lang='lat' dir='ltr'>quam</span> <span class='ocrx_word' id='word_1_21' title='bbox 835 336 921 362; x_wconf 87' lang='lat' dir='ltr'>una</span> <span class='ocrx_word' id='word_1_22' title='bbox 958 321 1098 377; x_wconf 87' lang='lat' dir='ltr'>pariat</span> <span class='ocrx_word' id='word_1_23' title='bbox 1137 320 1308 362; x_wconf 87' lang='lat' dir='ltr'>divinae</span> <span class='ocrx_word' id='word_1_24' title='bbox 1338 321 1531 362; x_wconf 87' lang='lat' dir='ltr'>veritatis</span> <span class='ocrx_word' id='word_1_25' title='bbox 1562 321 1608 361; x_wconf 92' lang='lat' dir='ltr'>in</span> 
     </span>
     <span class='ocr_line' id='line_1_5' title="bbox 266 376 1606 433; baseline -0.001 -13"><span class='ocrx_word' id='word_1_26' title='bbox 266 394 408 420; x_wconf 88' lang='lat' dir='ltr'>rerum</span> <span class='ocrx_word' id='word_1_27' title='bbox 445 376 735 433; x_wconf 75' lang='lat' dir='ltr'>pulcritudine</span> <span class='ocrx_word' id='word_1_28' title='bbox 775 377 983 420; x_wconf 87' lang='lat' dir='ltr'>elucentis</span> <span class='ocrx_word' id='word_1_29' title='bbox 1022 384 1149 432; x_wconf 84' lang='lat' dir='ltr'>atque</span> <span class='ocrx_word' id='word_1_30' title='bbox 1179 377 1383 418; x_wconf 89' lang='lat' dir='ltr'>radiantis</span> <span class='ocrx_word' id='word_1_31' title='bbox 1415 384 1606 420; x_wconf 88' lang='lat' dir='ltr'>contem-</span> 
     </span>
     <span class='ocr_line' id='line_1_6' title="bbox 268 433 1606 491; baseline -0.001 -15"><span class='ocrx_word' id='word_1_32' title='bbox 268 435 426 491; x_wconf 81' lang='lat' dir='ltr'>piatio,</span> <span class='ocrx_word' id='word_1_33' title='bbox 486 434 552 476; x_wconf 85' lang='lat' dir='ltr'>vis</span> <span class='ocrx_word' id='word_1_34' title='bbox 603 433 774 475; x_wconf 79' lang='lat' dir='ltr'>dicendi</span> <span class='ocrx_word' id='word_1_35' title='bbox 820 435 993 476; x_wconf 87' lang='lat' dir='ltr'>nomine</span> <span class='ocrx_word' id='word_1_36' title='bbox 1043 450 1120 477; x_wconf 90' lang='lat' dir='ltr'>suo</span> <span class='ocrx_word' id='word_1_37' title='bbox 1171 434 1304 490; x_wconf 85' lang='lat' dir='ltr'>digna</span> <span class='ocrx_word' id='word_1_38' title='bbox 1350 435 1606 490; x_wconf 78' lang='lat' dir='ltr'>reperiatur,</span> 
     </span>
     <span class='ocr_line' id='line_1_7' title="bbox 266 471 1608 556; baseline -0.001 -23"><span class='ocrx_word' id='word_1_39' title='bbox 266 508 347 534; x_wconf 85' lang='grc'>1166</span> <span class='ocrx_word' id='word_1_40' title='bbox 376 492 468 534; x_wconf 86' lang='grc'>51116</span> <span class='ocrx_word' id='word_1_41' title='bbox 497 490 690 533; x_wconf 86' lang='lat' dir='ltr'>veritatis</span> <span class='ocrx_word' id='word_1_42' title='bbox 722 491 1010 545; x_wconf 72' lang='lat' dir='ltr'>quaerendae,</span> <span class='ocrx_word' id='word_1_43' title='bbox 1040 471 1381 556; x_wconf 86' lang='lat' dir='ltr'>cognoscendae,</span> <span class='ocrx_word' id='word_1_44' title='bbox 1412 491 1608 532; x_wconf 87' lang='lat' dir='ltr'>iudican-</span> 
     </span>
     <span class='ocr_line' id='line_1_8' title="bbox 267 547 1608 602; baseline -0.002 -12"><span class='ocrx_word' id='word_1_45' title='bbox 267 548 362 602; x_wconf 84' lang='lat' dir='ltr'>dae,</span> <span class='ocrx_word' id='word_1_46' title='bbox 393 547 615 590; x_wconf 81' lang='lat' dir='ltr'>docendae</span> <span class='ocrx_word' id='word_1_47' title='bbox 654 547 858 589; x_wconf 78' lang='lat' dir='ltr'>facultate</span> <span class='ocrx_word' id='word_1_48' title='bbox 888 562 955 589; x_wconf 85' lang='lat' dir='ltr'>ars</span> <span class='ocrx_word' id='word_1_49' title='bbox 994 554 1037 589; x_wconf 88' lang='lat' dir='ltr'>et</span> <span class='ocrx_word' id='word_1_50' title='bbox 1074 548 1184 589; x_wconf 82' lang='lat' dir='ltr'>iatio</span> <span class='ocrx_word' id='word_1_51' title='bbox 1227 547 1398 590; x_wconf 88' lang='lat' dir='ltr'>dicendi</span> <span class='ocrx_word' id='word_1_52' title='bbox 1428 547 1554 588; x_wconf 87' lang='lat' dir='ltr'>ulla</span> <span class='ocrx_word' id='word_1_53' title='bbox 1544 562 1608 587; x_wconf 88' lang='lat' dir='ltr'>m-</span> 
     </span>
     <span class='ocr_line' id='line_1_9' title="bbox 265 603 1607 662; baseline -0.001 -16"><span class='ocrx_word' id='word_1_54' title='bbox 265 606 497 662; x_wconf 88' lang='lat' dir='ltr'>telligatur.</span> <span class='ocrx_word' id='word_1_55' title='bbox 558 603 659 657; x_wconf 77' lang='lat' dir='ltr'>Qua</span> <span class='ocrx_word' id='word_1_56' title='bbox 688 603 862 658; x_wconf 85' lang='lat' dir='ltr'>quidem</span> <span class='ocrx_word' id='word_1_57' title='bbox 891 605 1058 646; x_wconf 85' lang='lat' dir='ltr'>ratione</span> <span class='ocrx_word' id='word_1_58' title='bbox 1090 605 1276 659; x_wconf 89' lang='lat' dir='ltr'>denique</span> <span class='ocrx_word' id='word_1_59' title='bbox 1307 605 1479 646; x_wconf 88' lang='lat' dir='ltr'>omnino</span> <span class='ocrx_word' id='word_1_60' title='bbox 1515 603 1607 645; x_wconf 82' lang='lat' dir='ltr'>effi-</span> 
     </span>
     <span class='ocr_line' id='line_1_10' title="bbox 266 661 1606 717; baseline -0.001 -14"><span class='ocrx_word' id='word_1_61' title='bbox 266 663 377 704; x_wconf 82' lang='lat' dir='ltr'>citur</span> <span class='ocrx_word' id='word_1_62' title='bbox 406 662 512 714; x_wconf 87' lang='lat' dir='ltr'>hoc,</span> <span class='ocrx_word' id='word_1_63' title='bbox 557 672 603 702; x_wconf 85' lang='lat' dir='ltr'>ut</span> <span class='ocrx_word' id='word_1_64' title='bbox 641 676 771 702; x_wconf 86' lang='lat' dir='ltr'>unam</span> <span class='ocrx_word' id='word_1_65' title='bbox 809 661 1127 717; x_wconf 78' lang='lat' dir='ltr'>philosophiam</span> <span class='ocrx_word' id='word_1_66' title='bbox 1166 676 1260 703; x_wconf 90' lang='lat' dir='ltr'>esse</span> <span class='ocrx_word' id='word_1_67' title='bbox 1299 661 1606 717; x_wconf 80' lang='lat' dir='ltr'>intelligamus,</span> 
     </span>
     <span class='ocr_line' id='line_1_11' title="bbox 265 697 1608 775; baseline -0.001 -15"><span class='ocrx_word' id='word_1_68' title='bbox 265 735 343 775; x_wconf 91' lang='lat' dir='ltr'>per</span> <span class='ocrx_word' id='word_1_69' title='bbox 372 734 501 773; x_wconf 89' lang='lat' dir='ltr'>quam</span> <span class='ocrx_word' id='word_1_70' title='bbox 531 717 729 760; x_wconf 87' lang='lat' dir='ltr'>sensibus</span> <span class='ocrx_word' id='word_1_71' title='bbox 760 718 1111 773; x_wconf 82' lang='lat' dir='ltr'>generosioribus</span> <span class='ocrx_word' id='word_1_72' title='bbox 1142 734 1238 760; x_wconf 88' lang='lat' dir='ltr'>cum</span> <span class='ocrx_word' id='word_1_73' title='bbox 1269 697 1512 759; x_wconf 86' lang='lat' dir='ltr'>divinarum</span> <span class='ocrx_word' id='word_1_74' title='bbox 1541 733 1608 758; x_wconf 90' lang='lat' dir='ltr'>re-</span> 
     </span>
     <span class='ocr_line' id='line_1_12' title="bbox 265 752 1608 831; baseline -0.002 -14"><span class='ocrx_word' id='word_1_75' title='bbox 265 792 360 817; x_wconf 89' lang='lat' dir='ltr'>rum</span> <span class='ocrx_word' id='word_1_76' title='bbox 387 752 790 831; x_wconf 87' lang='lat' dir='ltr'>cognoscendarum</span> <span class='ocrx_word' id='word_1_77' title='bbox 821 774 1034 816; x_wconf 84' lang='lat' dir='ltr'>desiderio</span> <span class='ocrx_word' id='word_1_78' title='bbox 1067 775 1307 816; x_wconf 84' lang='lat' dir='ltr'>coniunctis</span> <span class='ocrx_word' id='word_1_79' title='bbox 1340 781 1469 829; x_wconf 85' lang='lat' dir='ltr'>atque</span> <span class='ocrx_word' id='word_1_80' title='bbox 1499 773 1608 815; x_wconf 88' lang='lat' dir='ltr'>ideis</span> 
     </span>
     <span class='ocr_line' id='line_1_13' title="bbox 266 810 1606 886; baseline -0.002 -12"><span class='ocrx_word' id='word_1_81' title='bbox 266 833 357 874; x_wconf 88' lang='lat' dir='ltr'>sive</span> <span class='ocrx_word' id='word_1_82' title='bbox 388 810 636 873; x_wconf 81' lang='lat' dir='ltr'>notionibus</span> <span class='ocrx_word' id='word_1_83' title='bbox 677 838 768 871; x_wconf 86' lang='lat' dir='ltr'>tum</span> <span class='ocrx_word' id='word_1_84' title='bbox 798 830 941 873; x_wconf 88' lang='lat' dir='ltr'>aditus</span> <span class='ocrx_word' id='word_1_85' title='bbox 970 832 1015 872; x_wconf 88' lang='grc'>111</span> <span class='ocrx_word' id='word_1_86' title='bbox 1046 831 1210 873; x_wconf 87' lang='lat' dir='ltr'>animos</span> <span class='ocrx_word' id='word_1_87' title='bbox 1240 837 1411 873; x_wconf 87' lang='lat' dir='ltr'>nostros</span> <span class='ocrx_word' id='word_1_88' title='bbox 1441 836 1606 886; x_wconf 88' lang='lat' dir='ltr'>pateat,</span> 
     </span>
     <span class='ocr_line' id='line_1_14' title="bbox 265 887 1608 942; baseline -0.002 -12"><span class='ocrx_word' id='word_1_89' title='bbox 265 895 357 930; x_wconf 91' lang='lat' dir='ltr'>tum</span> <span class='ocrx_word' id='word_1_90' title='bbox 387 889 525 930; x_wconf 77' lang='lat' dir='ltr'>exitus</span> <span class='ocrx_word' id='word_1_91' title='bbox 556 887 656 929; x_wconf 88' lang='lat' dir='ltr'>inde</span> <span class='ocrx_word' id='word_1_92' title='bbox 686 902 763 942; x_wconf 86' lang='lat' dir='ltr'>per</span> <span class='ocrx_word' id='word_1_93' title='bbox 792 888 925 929; x_wconf 45' lang='lat' dir='ltr'>vweibt</span> <span class='ocrx_word' id='word_1_94' title='bbox 955 894 998 929; x_wconf 92' lang='lat' dir='ltr'>et</span> <span class='ocrx_word' id='word_1_95' title='bbox 1027 888 1265 929; x_wconf 76' lang='lat' dir='ltr'>mationem</span> <span class='ocrx_word' id='word_1_96' title='bbox 1294 887 1442 941; x_wconf 85' lang='lat' dir='ltr'>detur,</span> <span class='ocrx_word' id='word_1_97' title='bbox 1474 902 1608 941; x_wconf 90' lang='lat' dir='ltr'>quan-</span> 
     </span>
     <span class='ocr_line' id='line_1_15' title="bbox 267 944 1609 1000; baseline -0.002 -13"><span class='ocrx_word' id='word_1_98' title='bbox 267 944 501 1000; x_wconf 86' lang='lat' dir='ltr'>doquidem</span> <span class='ocrx_word' id='word_1_99' title='bbox 556 960 624 986; x_wconf 89' lang='lat' dir='ltr'>ars</span> <span class='ocrx_word' id='word_1_100' title='bbox 663 944 876 996; x_wconf 84' lang='lat' dir='ltr'>oratoria,</span> <span class='ocrx_word' id='word_1_101' title='bbox 921 945 1195 999; x_wconf 85' lang='lat' dir='ltr'>quantumvis</span> <span class='ocrx_word' id='word_1_102' title='bbox 1227 959 1322 986; x_wconf 89' lang='lat' dir='ltr'>sese</span> <span class='ocrx_word' id='word_1_103' title='bbox 1352 945 1504 997; x_wconf 86' lang='lat' dir='ltr'>iactet,</span> <span class='ocrx_word' id='word_1_104' title='bbox 1544 949 1609 984; x_wconf 88' lang='lat' dir='ltr'>ta-</span> 
     </span>
     <span class='ocr_line' id='line_1_16' title="bbox 264 1000 1609 1057; baseline -0.001 -14"><span class='ocrx_word' id='word_1_105' title='bbox 264 1018 362 1043; x_wconf 86' lang='lat' dir='ltr'>men</span> <span class='ocrx_word' id='word_1_106' title='bbox 400 1002 484 1044; x_wconf 89' lang='lat' dir='ltr'>hoc</span> <span class='ocrx_word' id='word_1_107' title='bbox 520 1007 607 1042; x_wconf 87' lang='lat' dir='ltr'>tam</span> <span class='ocrx_word' id='word_1_108' title='bbox 660 1000 822 1057; x_wconf 79' lang='lat' dir='ltr'>grande</span> <span class='ocrx_word' id='word_1_109' title='bbox 864 1008 907 1043; x_wconf 91' lang='lat' dir='ltr'>et</span> <span class='ocrx_word' id='word_1_110' title='bbox 936 1001 1212 1057; x_wconf 80' lang='lat' dir='ltr'>magnificum</span> <span class='ocrx_word' id='word_1_111' title='bbox 1241 1016 1396 1042; x_wconf 88' lang='lat' dir='ltr'>munus</span> <span class='ocrx_word' id='word_1_112' title='bbox 1429 1001 1511 1043; x_wconf 89' lang='lat' dir='ltr'>sibi</span> <span class='ocrx_word' id='word_1_113' title='bbox 1545 1001 1609 1041; x_wconf 89' lang='lat' dir='ltr'>in-</span> 
     </span>
     <span class='ocr_line' id='line_1_17' title="bbox 264 1057 1611 1114; baseline -0.001 -14"><span class='ocrx_word' id='word_1_114' title='bbox 264 1059 373 1100; x_wconf 87' lang='lat' dir='ltr'>iuria</span> <span class='ocrx_word' id='word_1_115' title='bbox 413 1074 616 1114; x_wconf 82' lang='lat' dir='ltr'>arrogare</span> <span class='ocrx_word' id='word_1_116' title='bbox 647 1058 796 1099; x_wconf 80' lang='lat' dir='ltr'>soleat.</span> <span class='ocrx_word' id='word_1_117' title='bbox 857 1058 957 1100; x_wconf 81' lang='lat' dir='ltr'>Hoe</span> <span class='ocrx_word' id='word_1_118' title='bbox 987 1058 1119 1114; x_wconf 88' lang='lat' dir='ltr'>igitur</span> <span class='ocrx_word' id='word_1_119' title='bbox 1149 1064 1230 1112; x_wconf 90' lang='lat' dir='ltr'>est,</span> <span class='ocrx_word' id='word_1_120' title='bbox 1264 1057 1381 1112; x_wconf 89' lang='lat' dir='ltr'>quod</span> <span class='ocrx_word' id='word_1_121' title='bbox 1407 1057 1611 1099; x_wconf 86' lang='lat' dir='ltr'>universo</span> 
     </span>
     <span class='ocr_line' id='line_1_18' title="bbox 264 1115 1608 1179; baseline -0.001 -23"><span class='ocrx_word' id='word_1_122' title='bbox 264 1115 455 1157; x_wconf 82' lang='lat' dir='ltr'>Phaedri</span> <span class='ocrx_word' id='word_1_123' title='bbox 484 1115 604 1171; x_wconf 86' lang='lat' dir='ltr'>operi</span> <span class='ocrx_word' id='word_1_124' title='bbox 632 1121 852 1168; x_wconf 84' lang='lat' dir='ltr'>tamquam</span> <span class='ocrx_word' id='word_1_125' title='bbox 882 1115 1079 1156; x_wconf 87' lang='lat' dir='ltr'>ultimum</span> <span class='ocrx_word' id='word_1_126' title='bbox 1108 1120 1237 1179; x_wconf 83' lang='lat' dir='ltr'>atque</span> <span class='ocrx_word' id='word_1_127' title='bbox 1268 1129 1479 1155; x_wconf 89' lang='lat' dir='ltr'>summum</span> <span class='ocrx_word' id='word_1_128' title='bbox 1508 1129 1608 1169; x_wconf 85' lang='lat' dir='ltr'>pro-</span> 
     </span>
     <span class='ocr_line' id='line_1_19' title="bbox 262 1171 1609 1228; baseline -0.001 -14"><span class='ocrx_word' id='word_1_129' title='bbox 262 1172 452 1228; x_wconf 88' lang='lat' dir='ltr'>positum</span> <span class='ocrx_word' id='word_1_130' title='bbox 483 1187 577 1213; x_wconf 85' lang='lat' dir='ltr'>esse</span> <span class='ocrx_word' id='word_1_131' title='bbox 609 1171 874 1212; x_wconf 75' lang='lat' dir='ltr'>arbit-ramur.</span> <span class='ocrx_word' id='word_1_132' title='bbox 935 1172 1162 1212; x_wconf 87' lang='lat' dir='ltr'>Pertinent</span> <span class='ocrx_word' id='word_1_133' title='bbox 1191 1171 1324 1227; x_wconf 85' lang='lat' dir='ltr'>igitur</span> <span class='ocrx_word' id='word_1_134' title='bbox 1343 1171 1485 1213; x_wconf 85' lang='lat' dir='ltr'>omnia</span> <span class='ocrx_word' id='word_1_135' title='bbox 1508 1185 1609 1226; x_wconf 87' lang='lat' dir='ltr'>pos-</span> 
     </span>
     <span class='ocr_line' id='line_1_20' title="bbox 264 1227 1608 1283; baseline -0.001 -13"><span class='ocrx_word' id='word_1_136' title='bbox 264 1236 401 1271; x_wconf 89' lang='lat' dir='ltr'>tremo</span> <span class='ocrx_word' id='word_1_137' title='bbox 435 1228 490 1270; x_wconf 85' lang='lat' dir='ltr'>ad</span> <span class='ocrx_word' id='word_1_138' title='bbox 518 1227 668 1269; x_wconf 84' lang='lat' dir='ltr'>laudes</span> <span class='ocrx_word' id='word_1_139' title='bbox 700 1227 1028 1283; x_wconf 83' lang='lat' dir='ltr'>philosophiae,</span> <span class='ocrx_word' id='word_1_140' title='bbox 1067 1243 1194 1282; x_wconf 87' lang='lat' dir='ltr'>quam</span> <span class='ocrx_word' id='word_1_141' title='bbox 1222 1233 1401 1283; x_wconf 87' lang='lat' dir='ltr'>propter</span> <span class='ocrx_word' id='word_1_142' title='bbox 1431 1241 1608 1269; x_wconf 83' lang='lat' dir='ltr'>caussas</span> 
     </span>
     <span class='ocr_line' id='line_1_21' title="bbox 265 1282 1611 1342; baseline -0.002 -15"><span class='ocrx_word' id='word_1_143' title='bbox 265 1292 309 1327; x_wconf 89' lang='lat' dir='ltr'>et</span> <span class='ocrx_word' id='word_1_144' title='bbox 338 1286 527 1342; x_wconf 86' lang='lat' dir='ltr'>origines</span> <span class='ocrx_word' id='word_1_145' title='bbox 548 1300 648 1326; x_wconf 87' lang='lat' dir='ltr'>suas</span> <span class='ocrx_word' id='word_1_146' title='bbox 670 1300 748 1340; x_wconf 76' lang='lat' dir='ltr'>pio</span> <span class='ocrx_word' id='word_1_147' title='bbox 768 1291 929 1340; x_wconf 86' lang='lat' dir='ltr'>praest·</span> <span class='ocrx_word' id='word_1_148' title='bbox 930 1285 1138 1326; x_wconf 67' lang='lat' dir='ltr'>tutissima</span> <span class='ocrx_word' id='word_1_149' title='bbox 1157 1291 1244 1325; x_wconf 87' lang='lat' dir='ltr'>tam</span> <span class='ocrx_word' id='word_1_150' title='bbox 1275 1285 1358 1326; x_wconf 90' lang='lat' dir='ltr'>alte</span> <span class='ocrx_word' id='word_1_151' title='bbox 1388 1282 1611 1340; x_wconf 85' lang='lat' dir='ltr'>cogitandi</span> 
     </span>
     <span class='ocr_line' id='line_1_22' title="bbox 264 1319 1608 1398; baseline -0.003 -14"><span class='ocrx_word' id='word_1_152' title='bbox 264 1349 307 1384; x_wconf 91' lang='lat' dir='ltr'>et</span> <span class='ocrx_word' id='word_1_153' title='bbox 342 1321 561 1384; x_wconf 87' lang='lat' dir='ltr'>subtiliter</span> <span class='ocrx_word' id='word_1_154' title='bbox 587 1341 809 1383; x_wconf 87' lang='lat' dir='ltr'>iudicandi</span> <span class='ocrx_word' id='word_1_155' title='bbox 840 1357 968 1396; x_wconf 77' lang='lat' dir='ltr'>quani</span> <span class='ocrx_word' id='word_1_156' title='bbox 1007 1341 1140 1398; x_wconf 86' lang='lat' dir='ltr'>digne</span> <span class='ocrx_word' id='word_1_157' title='bbox 1175 1347 1378 1396; x_wconf 87' lang='lat' dir='ltr'>recteque</span> <span class='ocrx_word' id='word_1_158' title='bbox 1418 1319 1608 1392; x_wconf 86' lang='lat' dir='ltr'>dicendi,</span> 
     </span>
     <span class='ocr_line' id='line_1_23' title="bbox 264 1378 1609 1454; baseline -0.003 -13"><span class='ocrx_word' id='word_1_159' title='bbox 264 1399 449 1441; x_wconf 83' lang='lat' dir='ltr'>docendi</span> <span class='ocrx_word' id='word_1_160' title='bbox 490 1405 619 1453; x_wconf 89' lang='lat' dir='ltr'>atque</span> <span class='ocrx_word' id='word_1_161' title='bbox 658 1398 875 1440; x_wconf 86' lang='lat' dir='ltr'>scribendi</span> <span class='ocrx_word' id='word_1_162' title='bbox 916 1378 1202 1454; x_wconf 81' lang='lat' dir='ltr'>ploereatrice</span> <span class='ocrx_word' id='word_1_163' title='bbox 1242 1404 1372 1452; x_wconf 85' lang='lat' dir='ltr'>atque</span> <span class='ocrx_word' id='word_1_164' title='bbox 1403 1398 1609 1452; x_wconf 81' lang='lat' dir='ltr'>magistra</span> 
     </span>
     <span class='ocr_line' id='line_1_24' title="bbox 264 1454 1608 1510; baseline -0.002 -12"><span class='ocrx_word' id='word_1_165' title='bbox 264 1455 506 1498; x_wconf 82' lang='lat' dir='ltr'>habendam</span> <span class='ocrx_word' id='word_1_166' title='bbox 537 1470 632 1496; x_wconf 90' lang='lat' dir='ltr'>esse</span> <span class='ocrx_word' id='word_1_167' title='bbox 669 1456 890 1510; x_wconf 88' lang='lat' dir='ltr'>probatur.</span> <span class='ocrx_word' id='word_1_168' title='bbox 952 1455 1076 1508; x_wconf 79' lang='lat' dir='ltr'>Quae</span> <span class='ocrx_word' id='word_1_169' title='bbox 1101 1454 1274 1509; x_wconf 88' lang='lat' dir='ltr'>quidem</span> <span class='ocrx_word' id='word_1_170' title='bbox 1304 1454 1455 1496; x_wconf 86' lang='lat' dir='ltr'>laudes</span> <span class='ocrx_word' id='word_1_171' title='bbox 1486 1460 1608 1496; x_wconf 87' lang='lat' dir='ltr'>tanto</span> 
     </span>
     <span class='ocr_line' id='line_1_25' title="bbox 264 1510 1610 1569; baseline -0.002 -15"><span class='ocrx_word' id='word_1_172' title='bbox 264 1514 460 1569; x_wconf 89' lang='lat' dir='ltr'>profecto</span> <span class='ocrx_word' id='word_1_173' title='bbox 482 1512 853 1576; x_wconf 83' lang='lat' dir='ltr'>suntillustriores</span> <span class='ocrx_word' id='word_1_174' title='bbox 885 1518 1015 1566; x_wconf 86' lang='lat' dir='ltr'>atque</span> <span class='ocrx_word' id='word_1_175' title='bbox 1046 1511 1458 1567; x_wconf 82' lang='lat' dir='ltr'>magnificentiores,</span> <span class='ocrx_word' id='word_1_176' title='bbox 1492 1510 1610 1566; x_wconf 85' lang='lat' dir='ltr'>quod</span> 
     </span>
     <span class='ocr_line' id='line_1_26' title="bbox 264 1568 1610 1626; baseline -0.002 -15"><span class='ocrx_word' id='word_1_177' title='bbox 264 1570 389 1612; x_wconf 90' lang='lat' dir='ltr'>simul</span> <span class='ocrx_word' id='word_1_178' title='bbox 427 1568 670 1626; x_wconf 82' lang='lat' dir='ltr'>glavissimi</span> <span class='ocrx_word' id='word_1_179' title='bbox 709 1568 868 1623; x_wconf 88' lang='lat' dir='ltr'>quique</span> <span class='ocrx_word' id='word_1_180' title='bbox 909 1569 1045 1611; x_wconf 88' lang='lat' dir='ltr'>omnis</span> <span class='ocrx_word' id='word_1_181' title='bbox 1084 1568 1388 1624; x_wconf 82' lang='lat' dir='ltr'>philosophiae</span> <span class='ocrx_word' id='word_1_182' title='bbox 1426 1568 1511 1610; x_wconf 90' lang='grc'>1061</span> <span class='ocrx_word' id='word_1_183' title='bbox 1541 1568 1610 1609; x_wconf 88' lang='lat' dir='ltr'>vel</span> 
     </span>
     <span class='ocr_line' id='line_1_27' title="bbox 263 1625 1609 1690; baseline -0.001 -23"><span class='ocrx_word' id='word_1_184' title='bbox 263 1627 452 1669; x_wconf 82' lang='lat' dir='ltr'>breviter</span> <span class='ocrx_word' id='word_1_185' title='bbox 496 1626 848 1690; x_wconf 77' lang='lat' dir='ltr'>peistringuntur</span> <span class='ocrx_word' id='word_1_186' title='bbox 899 1626 969 1667; x_wconf 79' lang='lat' dir='ltr'>vel</span> <span class='ocrx_word' id='word_1_187' title='bbox 1006 1625 1267 1666; x_wconf 89' lang='lat' dir='ltr'>luculentius</span> <span class='ocrx_word' id='word_1_188' title='bbox 1307 1625 1608 1666; x_wconf 50' lang='lat' dir='ltr'>illustiantwu</span> <span class='ocrx_word' id='word_1_189' title='bbox 1599 1656 1609 1674; x_wconf 82' lang='lat'>,</span> 
     </span>
     <span class='ocr_line' id='line_1_28' title="bbox 265 1681 1609 1747; baseline -0.003 -21"><span class='ocrx_word' id='word_1_190' title='bbox 265 1699 318 1726; x_wconf 84' lang='lat' dir='ltr'>ex</span> <span class='ocrx_word' id='word_1_191' title='bbox 342 1700 427 1739; x_wconf 86' lang='lat' dir='ltr'>quo</span> <span class='ocrx_word' id='word_1_192' title='bbox 453 1690 614 1747; x_wconf 81' lang='lat' dir='ltr'>quanta</span> <span class='ocrx_word' id='word_1_193' title='bbox 645 1683 700 1724; x_wconf 86' lang='lat' dir='ltr'>sit</span> <span class='ocrx_word' id='word_1_194' title='bbox 729 1683 867 1738; x_wconf 82' lang='lat' dir='ltr'>ipsius</span> <span class='ocrx_word' id='word_1_195' title='bbox 894 1682 1083 1739; x_wconf 85' lang='lat' dir='ltr'>dignitas</span> <span class='ocrx_word' id='word_1_196' title='bbox 1107 1688 1236 1736; x_wconf 83' lang='lat' dir='ltr'>atque</span> <span class='ocrx_word' id='word_1_197' title='bbox 1254 1681 1470 1734; x_wconf 87' lang='lat' dir='ltr'>maiestas,</span> <span class='ocrx_word' id='word_1_198' title='bbox 1486 1682 1609 1723; x_wconf 65' lang='lat' dir='ltr'>‘nullo</span> 
     </span>
     <span class='ocr_line' id='line_1_29' title="bbox 263 1739 741 1797; baseline -0.004 -15"><span class='ocrx_word' id='word_1_199' title='bbox 263 1741 438 1797; x_wconf 87' lang='lat' dir='ltr'>negotio</span> <span class='ocrx_word' id='word_1_200' title='bbox 468 1739 741 1804; x_wconf 85' lang='lat' dir='ltr'>perspicitur.</span> 
     </span>
    </p>

    <p class='ocr_par' dir='ltr' id='par_1_3' title="bbox 261 1793 1611 2418">
     <span class='ocr_line' id='line_1_30' title="bbox 374 1793 1609 1852; baseline -0.004 -14"><span class='ocrx_word' id='word_1_201' title='bbox 374 1796 668 1852; x_wconf 82' lang='lat' dir='ltr'>Exposuimus</span> <span class='ocrx_word' id='word_1_202' title='bbox 696 1795 872 1837; x_wconf 86' lang='lat' dir='ltr'>tandem</span> <span class='ocrx_word' id='word_1_203' title='bbox 903 1794 956 1836; x_wconf 88' lang='lat' dir='ltr'>de</span> <span class='ocrx_word' id='word_1_204' title='bbox 984 1810 1030 1836; x_wconf 89' lang='lat' dir='ltr'>re</span> <span class='ocrx_word' id='word_1_205' title='bbox 1047 1795 1175 1850; x_wconf 88' lang='lat' dir='ltr'>longe</span> <span class='ocrx_word' id='word_1_206' title='bbox 1200 1794 1466 1850; x_wconf 83' lang='lat' dir='ltr'>gravissima,</span> <span class='ocrx_word' id='word_1_207' title='bbox 1487 1793 1609 1834; x_wconf 86' lang='lat' dir='ltr'>cuius</span> 
     </span>
     <span class='ocr_line' id='line_1_31' title="bbox 262 1850 1609 1908; baseline -0.003 -14"><span class='ocrx_word' id='word_1_208' title='bbox 262 1854 389 1896; x_wconf 88' lang='lat' dir='ltr'>unius</span> <span class='ocrx_word' id='word_1_209' title='bbox 417 1853 601 1894; x_wconf 77' lang='lat' dir='ltr'>maxime</span> <span class='ocrx_word' id='word_1_210' title='bbox 632 1853 772 1908; x_wconf 86' lang='lat' dir='ltr'>gratia</span> <span class='ocrx_word' id='word_1_211' title='bbox 802 1852 1052 1908; x_wconf 82' lang='lat' dir='ltr'>disputatio,</span> <span class='ocrx_word' id='word_1_212' title='bbox 1084 1866 1212 1905; x_wconf 89' lang='lat' dir='ltr'>quam</span> <span class='ocrx_word' id='word_1_213' title='bbox 1251 1851 1392 1894; x_wconf 84' lang='lat' dir='ltr'>adhue</span> <span class='ocrx_word' id='word_1_214' title='bbox 1422 1850 1609 1891; x_wconf 90' lang='lat' dir='ltr'>institui-</span> 
     </span>
     <span class='ocr_line' id='line_1_32' title="bbox 261 1907 1611 1965; baseline -0.003 -14"><span class='ocrx_word' id='word_1_215' title='bbox 261 1926 379 1963; x_wconf 87' lang='lat' dir='ltr'>mus,</span> <span class='ocrx_word' id='word_1_216' title='bbox 421 1916 514 1951; x_wconf 86' lang='lat' dir='ltr'>tota</span> <span class='ocrx_word' id='word_1_217' title='bbox 542 1909 630 1951; x_wconf 87' lang='lat' dir='ltr'>fere</span> <span class='ocrx_word' id='word_1_218' title='bbox 660 1914 863 1965; x_wconf 84' lang='lat' dir='ltr'>suscepta</span> <span class='ocrx_word' id='word_1_219' title='bbox 907 1914 984 1950; x_wconf 90' lang='lat' dir='ltr'>est.</span> <span class='ocrx_word' id='word_1_220' title='bbox 1052 1908 1120 1949; x_wconf 88' lang='lat' dir='ltr'>Ne</span> <span class='ocrx_word' id='word_1_221' title='bbox 1158 1914 1304 1951; x_wconf 72' lang='grc'>11111611</span> <span class='ocrx_word' id='word_1_222' title='bbox 1342 1907 1611 1949; x_wconf 88' lang='lat' dir='ltr'>desideretur</span> 
     </span>
     <span class='ocr_line' id='line_1_33' title="bbox 262 1942 1610 2022; baseline -0.002 -13.996"><span class='ocrx_word' id='word_1_223' title='bbox 262 1942 442 2022; x_wconf 77' lang='lat' dir='ltr'>aliqiiid,</span> <span class='ocrx_word' id='word_1_224' title='bbox 476 1965 592 2021; x_wconf 87' lang='lat' dir='ltr'>quod</span> <span class='ocrx_word' id='word_1_225' title='bbox 622 1965 677 2006; x_wconf 84' lang='lat' dir='ltr'>ad</span> <span class='ocrx_word' id='word_1_226' title='bbox 706 1965 955 2021; x_wconf 80' lang='lat' dir='ltr'>piopositae</span> <span class='ocrx_word' id='word_1_227' title='bbox 980 1966 1220 2006; x_wconf 84' lang='lat' dir='ltr'>sententiae</span> <span class='ocrx_word' id='word_1_228' title='bbox 1241 1964 1610 2008; x_wconf 85' lang='lat' dir='ltr'>confirmationem</span> 
     </span>
     <span class='ocr_line' id='line_1_34' title="bbox 266 2020 1608 2078; baseline -0.004 -12"><span class='ocrx_word' id='word_1_229' title='bbox 266 2025 422 2078; x_wconf 86' lang='lat' dir='ltr'>faciat,</span> <span class='ocrx_word' id='word_1_230' title='bbox 453 2024 582 2065; x_wconf 88' lang='lat' dir='ltr'>etiam</span> <span class='ocrx_word' id='word_1_231' title='bbox 613 2022 666 2064; x_wconf 90' lang='lat' dir='ltr'>de</span> <span class='ocrx_word' id='word_1_232' title='bbox 696 2038 746 2064; x_wconf 88' lang='lat' dir='ltr'>ea</span> <span class='ocrx_word' id='word_1_233' title='bbox 775 2028 896 2078; x_wconf 89' lang='lat' dir='ltr'>parte</span> <span class='ocrx_word' id='word_1_234' title='bbox 927 2021 1114 2077; x_wconf 71' lang='lat' dir='ltr'>dialogi,</span> <span class='ocrx_word' id='word_1_235' title='bbox 1148 2037 1256 2076; x_wconf 89' lang='lat' dir='ltr'>quae</span> <span class='ocrx_word' id='word_1_236' title='bbox 1289 2028 1512 2064; x_wconf 77' lang='lat' dir='ltr'>externum</span> <span class='ocrx_word' id='word_1_237' title='bbox 1544 2020 1608 2061; x_wconf 90' lang='lat' dir='ltr'>di-</span> 
     </span>
     <span class='ocr_line' id='line_1_35' title="bbox 265 2078 1608 2138; baseline -0.003 -16"><span class='ocrx_word' id='word_1_238' title='bbox 265 2080 381 2138; x_wconf 87' lang='lat' dir='ltr'>alogi</span> <span class='ocrx_word' id='word_1_239' title='bbox 413 2085 612 2122; x_wconf 84' lang='lat' dir='ltr'>ornatum</span> <span class='ocrx_word' id='word_1_240' title='bbox 641 2078 1066 2132; x_wconf 73' lang='grc'>6011111161,1)1611161·</span> <span class='ocrx_word' id='word_1_241' title='bbox 1093 2079 1418 2134; x_wconf 77' lang='lat' dir='ltr'>explicabimus,</span> <span class='ocrx_word' id='word_1_242' title='bbox 1450 2078 1608 2133; x_wconf 87' lang='lat' dir='ltr'>quippe</span> 
     </span>
     <span class='ocr_line' id='line_1_36' title="bbox 266 2112 1608 2193; baseline -0.003 -14"><span class='ocrx_word' id='word_1_243' title='bbox 266 2138 415 2193; x_wconf 84' lang='lat' dir='ltr'>paucis</span> <span class='ocrx_word' id='word_1_244' title='bbox 458 2136 698 2189; x_wconf 88' lang='lat' dir='ltr'>ostensuri,</span> <span class='ocrx_word' id='word_1_245' title='bbox 751 2112 878 2177; x_wconf 57' lang='lat' dir='ltr'>eti-{in</span> <span class='ocrx_word' id='word_1_246' title='bbox 922 2141 1174 2190; x_wconf 83' lang='lat' dir='ltr'>apparatum</span> <span class='ocrx_word' id='word_1_247' title='bbox 1223 2136 1440 2178; x_wconf 83' lang='lat' dir='ltr'>scenicum</span> <span class='ocrx_word' id='word_1_248' title='bbox 1480 2135 1608 2175; x_wconf 90' lang='lat' dir='ltr'>talem</span> 
     </span>
     <span class='ocr_line' id='line_1_37' title="bbox 267 2191 1607 2249; baseline -0.004 -13"><span class='ocrx_word' id='word_1_249' title='bbox 267 2209 386 2248; x_wconf 90' lang='grc'>6556,</span> <span class='ocrx_word' id='word_1_250' title='bbox 429 2209 540 2249; x_wconf 83' lang='lat' dir='ltr'>quae</span> <span class='ocrx_word' id='word_1_251' title='bbox 569 2193 759 2235; x_wconf 81' lang='lat' dir='ltr'>universi</span> <span class='ocrx_word' id='word_1_252' title='bbox 789 2192 885 2234; x_wconf 80' lang='lat' dir='ltr'>libii</span> <span class='ocrx_word' id='word_1_253' title='bbox 917 2192 1120 2245; x_wconf 88' lang='lat' dir='ltr'>consilio,</span> <span class='ocrx_word' id='word_1_254' title='bbox 1154 2193 1278 2247; x_wconf 84' lang='lat' dir='ltr'>quale</span> <span class='ocrx_word' id='word_1_255' title='bbox 1308 2191 1607 2244; x_wconf 61' lang='lat' dir='ltr'>indicaxinius,</span> 
     </span>
     <span class='ocr_line' id='line_1_38' title="bbox 265 2225 1608 2307; baseline -0.002 -15"><span class='ocrx_word' id='word_1_256' title='bbox 265 2252 392 2307; x_wconf 89' lang='lat' dir='ltr'>plane</span> <span class='ocrx_word' id='word_1_257' title='bbox 421 2251 662 2293; x_wconf 81' lang='lat' dir='ltr'>conveniat.</span> <span class='ocrx_word' id='word_1_258' title='bbox 721 2249 1013 2302; x_wconf 72' lang='lat' dir='ltr'>Quamobrem</span> <span class='ocrx_word' id='word_1_259' title='bbox 1041 2225 1224 2304; x_wconf 82' lang='lat' dir='ltr'>priinuin</span> <span class='ocrx_word' id='word_1_260' title='bbox 1244 2248 1417 2303; x_wconf 80' lang='lat' dir='ltr'>quidem</span> <span class='ocrx_word' id='word_1_261' title='bbox 1440 2247 1492 2289; x_wconf 87' lang='lat' dir='ltr'>de</span> <span class='ocrx_word' id='word_1_262' title='bbox 1511 2264 1608 2303; x_wconf 85' lang='lat' dir='ltr'>per-</span> 
     </span>
     <span class='ocr_line' id='line_1_39' title="bbox 268 2305 1606 2361; baseline -0.001 -12"><span class='ocrx_word' id='word_1_263' title='bbox 268 2323 385 2350; x_wconf 84' lang='lat' dir='ltr'>sonls</span> <span class='ocrx_word' id='word_1_264' title='bbox 416 2307 767 2361; x_wconf 88' lang='lat' dir='ltr'>colloquentium,</span> <span class='ocrx_word' id='word_1_265' title='bbox 798 2305 953 2346; x_wconf 87' lang='lat' dir='ltr'>deinde</span> <span class='ocrx_word' id='word_1_266' title='bbox 986 2313 1128 2346; x_wconf 88' lang='lat' dir='ltr'>autem</span> <span class='ocrx_word' id='word_1_267' title='bbox 1147 2305 1200 2347; x_wconf 90' lang='lat' dir='ltr'>de</span> <span class='ocrx_word' id='word_1_268' title='bbox 1217 2312 1408 2361; x_wconf 89' lang='lat' dir='ltr'>tempo1e</span> <span class='ocrx_word' id='word_1_269' title='bbox 1432 2311 1475 2346; x_wconf 89' lang='lat' dir='ltr'>et</span> <span class='ocrx_word' id='word_1_270' title='bbox 1493 2305 1606 2358; x_wconf 83' lang='grc'>1060,</span> 
     </span>
     <span class='ocr_line' id='line_1_40' title="bbox 267 2361 1375 2419; baseline -0.004 -12"><span class='ocrx_word' id='word_1_271' title='bbox 267 2380 352 2418; x_wconf 87' lang='lat' dir='ltr'>quo</span> <span class='ocrx_word' id='word_1_272' title='bbox 380 2364 577 2419; x_wconf 90' lang='lat' dir='ltr'>dialogus</span> <span class='ocrx_word' id='word_1_273' title='bbox 607 2363 778 2406; x_wconf 87' lang='lat' dir='ltr'>habitus</span> <span class='ocrx_word' id='word_1_274' title='bbox 811 2362 1011 2419; x_wconf 88' lang='lat' dir='ltr'>fingitur,</span> <span class='ocrx_word' id='word_1_275' title='bbox 1044 2361 1375 2418; x_wconf 86' lang='lat' dir='ltr'>disputabimus.</span> 
     </span>
    </p>

    <p class='ocr_par' dir='ltr' id='par_1_4' title="bbox 267 2418 1608 2703">
     <span class='ocr_line' id='line_1_41' title="bbox 380 2418 1608 2484; baseline -0.002 -22"><span class='ocrx_word' id='word_1_276' title='bbox 380 2421 440 2462; x_wconf 82' lang='lat' dir='ltr'>Et</span> <span class='ocrx_word' id='word_1_277' title='bbox 472 2420 524 2461; x_wconf 90' lang='lat' dir='ltr'>de</span> <span class='ocrx_word' id='word_1_278' title='bbox 557 2420 891 2484; x_wconf 87' lang='lat' dir='ltr'>colloquentium</span> <span class='ocrx_word' id='word_1_279' title='bbox 922 2419 1095 2473; x_wconf 88' lang='lat' dir='ltr'>quidem</span> <span class='ocrx_word' id='word_1_280' title='bbox 1130 2434 1325 2474; x_wconf 80' lang='lat' dir='ltr'>personis</span> <span class='ocrx_word' id='word_1_281' title='bbox 1364 2418 1440 2460; x_wconf 90' lang='lat' dir='ltr'>ubi</span> <span class='ocrx_word' id='word_1_282' title='bbox 1477 2432 1608 2482; x_wconf 79' lang='lat' dir='ltr'>quae-</span> 
     </span>
     <span class='ocr_line' id='line_1_42' title="bbox 267 2474 1606 2532; baseline -0.003 -14"><span class='ocrx_word' id='word_1_283' title='bbox 267 2478 403 2531; x_wconf 86' lang='lat' dir='ltr'>1itur,</span> <span class='ocrx_word' id='word_1_284' title='bbox 434 2476 662 2518; x_wconf 84' lang='lat' dir='ltr'>Phaedrus</span> <span class='ocrx_word' id='word_1_285' title='bbox 692 2477 852 2532; x_wconf 86' lang='lat' dir='ltr'>pariter</span> <span class='ocrx_word' id='word_1_286' title='bbox 882 2482 1010 2530; x_wconf 89' lang='lat' dir='ltr'>atque</span> <span class='ocrx_word' id='word_1_287' title='bbox 1044 2474 1246 2517; x_wconf 80' lang='lat' dir='ltr'>Socrates</span> <span class='ocrx_word' id='word_1_288' title='bbox 1276 2492 1312 2518; x_wconf 90' lang='grc'>15</span> <span class='ocrx_word' id='word_1_289' title='bbox 1342 2482 1408 2517; x_wconf 86' lang='lat' dir='ltr'>est</span> <span class='ocrx_word' id='word_1_290' title='bbox 1436 2475 1606 2515; x_wconf 88' lang='lat' dir='ltr'>institu-</span> 
     </span>
     <span class='ocr_line' id='line_1_43' title="bbox 268 2510 1605 2598; baseline -0.003 -23"><span class='ocrx_word' id='word_1_291' title='bbox 268 2541 340 2576; x_wconf 87' lang='lat' dir='ltr'>tus</span> <span class='ocrx_word' id='word_1_292' title='bbox 388 2510 438 2575; x_wconf 60' lang='lat' dir='ltr'>ac</span> <span class='ocrx_word' id='word_1_293' title='bbox 479 2533 767 2598; x_wconf 82' lang='lat' dir='ltr'>deformatus,</span> <span class='ocrx_word' id='word_1_294' title='bbox 820 2539 868 2574; x_wconf 86' lang='lat' dir='ltr'>ut</span> <span class='ocrx_word' id='word_1_295' title='bbox 906 2533 1033 2574; x_wconf 86' lang='lat' dir='ltr'>facile</span> <span class='ocrx_word' id='word_1_296' title='bbox 1084 2538 1312 2597; x_wconf 83' lang='lat' dir='ltr'>appareat,</span> <span class='ocrx_word' id='word_1_297' title='bbox 1360 2538 1605 2585; x_wconf 86' lang='lat' dir='ltr'>utrumque,</span> 
     </span>
     <span class='ocr_line' id='line_1_44' title="bbox 270 2587 1605 2646; baseline -0.004 -13"><span class='ocrx_word' id='word_1_298' title='bbox 270 2590 464 2645; x_wconf 82' lang='lat' dir='ltr'>quamvis</span> <span class='ocrx_word' id='word_1_299' title='bbox 496 2590 681 2646; x_wconf 78' lang='lat' dir='ltr'>piopriis</span> <span class='ocrx_word' id='word_1_300' title='bbox 731 2596 859 2644; x_wconf 83' lang='lat' dir='ltr'>atque</span> <span class='ocrx_word' id='word_1_301' title='bbox 908 2589 996 2631; x_wconf 88' lang='grc'>51115</span> <span class='ocrx_word' id='word_1_302' title='bbox 1038 2590 1167 2630; x_wconf 81' lang='lat' dir='ltr'>animi</span> <span class='ocrx_word' id='word_1_303' title='bbox 1205 2589 1455 2646; x_wconf 82' lang='lat' dir='ltr'>ingeniique</span> <span class='ocrx_word' id='word_1_304' title='bbox 1495 2587 1605 2629; x_wconf 87' lang='lat' dir='ltr'>doti—</span> 
     </span>
     <span class='ocr_line' id='line_1_45' title="bbox 268 2625 1604 2703; baseline -0.004 -13"><span class='ocrx_word' id='word_1_305' title='bbox 268 2648 350 2690; x_wconf 84' lang='lat' dir='ltr'>bus</span> <span class='ocrx_word' id='word_1_306' title='bbox 391 2662 697 2703; x_wconf 81' lang='lat' dir='ltr'>conspicuum,</span> <span class='ocrx_word' id='word_1_307' title='bbox 746 2653 888 2688; x_wconf 83' lang='lat' dir='ltr'>tamen</span> <span class='ocrx_word' id='word_1_308' title='bbox 937 2646 1039 2688; x_wconf 86' lang='lat' dir='ltr'>item</span> <span class='ocrx_word' id='word_1_309' title='bbox 1087 2646 1215 2688; x_wconf 86' lang='lat' dir='ltr'>talem</span> <span class='ocrx_word' id='word_1_310' title='bbox 1252 2625 1454 2688; x_wconf 78' lang='lat' dir='ltr'>effictum</span> <span class='ocrx_word' id='word_1_311' title='bbox 1497 2659 1604 2696; x_wconf 86' lang='grc'>6556,</span> 
     </span>
    </p>
   </div>
  </div>
 </body>
</html>
