<?xml version="1.0" encoding="UTF-8"?>
<!DOCTYPE html PUBLIC "-//W3C//DTD XHTML 1.0 Transitional//EN"
    "http://www.w3.org/TR/xhtml1/DTD/xhtml1-transitional.dtd">
<html xmlns="http://www.w3.org/1999/xhtml" xml:lang="en" lang="en">
 <head>
  <title>
</title>
<meta http-equiv="Content-Type" content="text/html;charset=utf-8" />
  <meta name='ocr-system' content='tesseract 3.04.00' />
  <meta name='ocr-capabilities' content='ocr_page ocr_carea ocr_par ocr_line ocrx_word'/>
</head>
<body>
  <div class='ocr_page' id='page_1' title='image "./n1operaomniarecens04platuoft/n1operaomniarecens04platuoft_0553.png"; bbox 0 0 1687 2969; ppageno 0'>
   <div class='ocr_carea' id='block_1_1' title="bbox 399 204 1429 244">
    <p class='ocr_par' dir='ltr' id='par_1_1' title="bbox 399 204 1429 244">
     <span class='ocr_line' id='line_1_1' title="bbox 399 204 1429 244; baseline -0.004 0"><span class='ocrx_word' id='word_1_1' title='bbox 399 204 639 244; x_wconf 81' lang='lat' dir='ltr'><strong>GORGIAS.</strong></span> <span class='ocrx_word' id='word_1_2' title='bbox 670 205 712 242; x_wconf 89' lang='lat' dir='ltr'><em>P.</em></span> <span class='ocrx_word' id='word_1_3' title='bbox 744 204 836 242; x_wconf 87' lang='lat'>470.</span> <span class='ocrx_word' id='word_1_4' title='bbox 868 205 958 241; x_wconf 86' lang='lat'>471.</span> <span class='ocrx_word' id='word_1_5' title='bbox 990 205 1047 242; x_wconf 86' lang='lat' dir='ltr'><em>ed.</em></span> <span class='ocrx_word' id='word_1_6' title='bbox 1079 204 1134 242; x_wconf 81' lang='lat' dir='ltr'>st.</span> <span class='ocrx_word' id='word_1_7' title='bbox 1357 205 1429 240; x_wconf 87' lang='grc'><em>161</em></span> 
     </span>
    </p>
   </div>
   <div class='ocr_carea' id='block_1_2' title="bbox 55 309 1501 1219">
    <p class='ocr_par' dir='ltr' id='par_1_2' title="bbox 89 309 1497 694">
     <span class='ocr_line' id='line_1_2' title="bbox 91 309 1433 369; baseline -0.003 -13"><span class='ocrx_word' id='word_1_8' title='bbox 91 311 144 369; x_wconf 85' lang='grc' dir='ltr'><em>ἧν</em></span> <span class='ocrx_word' id='word_1_9' title='bbox 167 309 385 364; x_wconf 81' lang='grc' dir='ltr'><strong><em>Ἀλκέτου,</em></strong></span> <span class='ocrx_word' id='word_1_10' title='bbox 414 313 484 355; x_wconf 86' lang='grc' dir='ltr'><em>καὶ</em></span> <span class='ocrx_word' id='word_1_11' title='bbox 507 314 543 355; x_wconf 87' lang='grc' dir='ltr'><em>εἰ</em></span> <span class='ocrx_word' id='word_1_12' title='bbox 566 312 762 366; x_wconf 77' lang='grc' dir='ltr'><em>ἐβούλετο</em></span> <span class='ocrx_word' id='word_1_13' title='bbox 787 312 836 353; x_wconf 75' lang='grc' dir='ltr'><em>τὰ</em></span> <span class='ocrx_word' id='word_1_14' title='bbox 864 313 1003 353; x_wconf 87' lang='grc' dir='ltr'><em>δίκαια</em></span> <span class='ocrx_word' id='word_1_15' title='bbox 1031 315 1181 363; x_wconf 80' lang='grc' dir='ltr'><em>ποιεῖν,</em></span> <span class='ocrx_word' id='word_1_16' title='bbox 1213 311 1433 353; x_wconf 79' lang='grc' dir='ltr'><em>ἐδούλευεν</em></span> 
     </span>
     <span class='ocr_line' id='line_1_3' title="bbox 92 373 1432 434; baseline -0.001 -14"><span class='ocrx_word' id='word_1_17' title='bbox 92 380 145 422; x_wconf 78' lang='grc' dir='ltr'><em>ἂν</em></span> <span class='ocrx_word' id='word_1_18' title='bbox 167 375 347 434; x_wconf 80' lang='grc' dir='ltr'><em>Ἀλκὲτῃ</em></span> <span class='ocrx_word' id='word_1_19' title='bbox 387 378 458 420; x_wconf 83' lang='grc' dir='ltr'><em>καὶ</em></span> <span class='ocrx_word' id='word_1_20' title='bbox 493 374 547 432; x_wconf 84' lang='grc' dir='ltr'><em>ἧν</em></span> <span class='ocrx_word' id='word_1_21' title='bbox 576 373 789 432; x_wconf 81' lang='grc' dir='ltr'><em>εὐδαίμων</em></span> <span class='ocrx_word' id='word_1_22' title='bbox 817 377 923 419; x_wconf 83' lang='grc' dir='ltr'><em>κατὰ</em></span> <span class='ocrx_word' id='word_1_23' title='bbox 952 379 1026 418; x_wconf 85' lang='grc' dir='ltr'><em>τὸν</em></span> <span class='ocrx_word' id='word_1_24' title='bbox 1055 377 1132 419; x_wconf 89' lang='grc' dir='ltr'><em>σὸν</em></span> <span class='ocrx_word' id='word_1_25' title='bbox 1160 378 1310 430; x_wconf 76' lang='grc' dir='ltr'><em>λόγον·</em></span> <span class='ocrx_word' id='word_1_26' title='bbox 1351 383 1432 418; x_wconf 85' lang='grc' dir='ltr'><em>νῦν</em></span> 
     </span>
     <span class='ocr_line' id='line_1_4' title="bbox 90 441 1431 499; baseline -0.002 -13"><span class='ocrx_word' id='word_1_27' title='bbox 90 444 134 487; x_wconf 83' lang='grc' dir='ltr'><em>δὲ</em></span> <span class='ocrx_word' id='word_1_28' title='bbox 172 445 424 499; x_wconf 77' lang='grc' dir='ltr'><em>θαυμασίως</em></span> <span class='ocrx_word' id='word_1_29' title='bbox 452 445 509 493; x_wconf 82' lang='grc' dir='ltr'><em>ὠς</em></span> <span class='ocrx_word' id='word_1_30' title='bbox 536 447 686 493; x_wconf 78' lang='grc' dir='ltr'><em>ἄθλιος</em></span> <span class='ocrx_word' id='word_1_31' title='bbox 714 441 912 498; x_wconf 72' lang='grc' dir='ltr'><em>γέγονεν,</em></span> <span class='ocrx_word' id='word_1_32' title='bbox 953 442 1039 484; x_wconf 79' lang='grc' dir='ltr'><em>ἐπεὶ</em></span> <span class='ocrx_word' id='word_1_33' title='bbox 1068 444 1118 484; x_wconf 81' lang='grc' dir='ltr'><em>τὰ</em></span> <span class='ocrx_word' id='word_1_34' title='bbox 1146 441 1318 497; x_wconf 80' lang='grc' dir='ltr'><em>μέγιστα</em></span> <span class='ocrx_word' id='word_1_35' title='bbox 1346 443 1431 497; x_wconf 84' lang='grc' dir='ltr'><em>ἠδί-</em></span> 
     </span>
     <span class='ocr_line' id='line_1_5' title="bbox 89 506 1497 565; baseline -0.002 -13"><span class='ocrx_word' id='word_1_36' title='bbox 89 525 237 565; x_wconf 88' lang='grc' dir='ltr'><em>κηκεν·</em></span> <span class='ocrx_word' id='word_1_37' title='bbox 283 507 330 559; x_wconf 81' lang='grc' dir='ltr'><em>ὅς</em></span> <span class='ocrx_word' id='word_1_38' title='bbox 365 525 411 563; x_wconf 82' lang='grc' dir='ltr'><em>γε</em></span> <span class='ocrx_word' id='word_1_39' title='bbox 450 513 620 561; x_wconf 79' lang='grc' dir='ltr'><em>πρῶτον</em></span> <span class='ocrx_word' id='word_1_40' title='bbox 656 509 733 562; x_wconf 81' lang='grc' dir='ltr'><em>μὲν</em></span> <span class='ocrx_word' id='word_1_41' title='bbox 772 514 928 551; x_wconf 80' lang='grc' dir='ltr'><em>τοῦτον</em></span> <span class='ocrx_word' id='word_1_42' title='bbox 957 507 1089 550; x_wconf 84' lang='grc' dir='ltr'><em>αὐτὸν</em></span> <span class='ocrx_word' id='word_1_43' title='bbox 1117 509 1193 550; x_wconf 90' lang='grc' dir='ltr'><em>τὸν</em></span> <span class='ocrx_word' id='word_1_44' title='bbox 1222 509 1429 562; x_wconf 80' lang='grc' dir='ltr'><em>δεσπότην</em></span> <span class='ocrx_word' id='word_1_45' title='bbox 1461 506 1497 547; x_wconf 87' lang='grc' dir='ltr'>Β</span> 
     </span>
     <span class='ocr_line' id='line_1_6' title="bbox 91 574 1433 629; baseline -0.002 -12"><span class='ocrx_word' id='word_1_46' title='bbox 91 574 161 617; x_wconf 84' lang='grc' dir='ltr'><em>καὶ</em></span> <span class='ocrx_word' id='word_1_47' title='bbox 189 578 313 617; x_wconf 78' lang='grc' dir='ltr'><em>θεῖ-ον</em></span> <span class='ocrx_word' id='word_1_48' title='bbox 340 577 719 629; x_wconf 77' lang='grc' dir='ltr'><em>μεταπεμψάμενος</em></span> <span class='ocrx_word' id='word_1_49' title='bbox 748 576 803 623; x_wconf 83' lang='grc' dir='ltr'><em>ὡς</em></span> <span class='ocrx_word' id='word_1_50' title='bbox 832 575 1068 616; x_wconf 74' lang='grc' dir='ltr'><em>ἀποδώσων</em></span> <span class='ocrx_word' id='word_1_51' title='bbox 1097 575 1175 628; x_wconf 80' lang='grc' dir='ltr'><em>τὴν</em></span> <span class='ocrx_word' id='word_1_52' title='bbox 1203 575 1350 628; x_wconf 85' lang='grc' dir='ltr'><em>ἀρχήν,</em></span> <span class='ocrx_word' id='word_1_53' title='bbox 1380 575 1433 627; x_wconf 78' lang='grc' dir='ltr'><em>ἢν</em></span> 
     </span>
     <span class='ocr_line' id='line_1_7' title="bbox 94 635 1434 694; baseline -0.001 -12"><span class='ocrx_word' id='word_1_54' title='bbox 94 641 331 694; x_wconf 80' lang='grc' dir='ltr'><em>Περδίκκας</em></span> <span class='ocrx_word' id='word_1_55' title='bbox 382 635 516 682; x_wconf 84' lang='grc' dir='ltr'><em>αὐτὸν</em></span> <span class='ocrx_word' id='word_1_56' title='bbox 564 641 780 693; x_wconf 81' lang='grc' dir='ltr'><em>ἀφείλετο,</em></span> <span class='ocrx_word' id='word_1_57' title='bbox 823 641 987 691; x_wconf 77' lang='grc' dir='ltr'><em>ξενίσας</em></span> <span class='ocrx_word' id='word_1_58' title='bbox 1024 639 1093 681; x_wconf 88' lang='grc' dir='ltr'><em>καὶ</em></span> <span class='ocrx_word' id='word_1_59' title='bbox 1136 640 1434 693; x_wconf 68' lang='grc' dir='ltr'><em>καταμεθύσας</em></span> 
     </span>
    </p>

    <p class='ocr_par' dir='ltr' id='par_1_3' title="bbox 55 702 1501 1219">
     <span class='ocr_line' id='line_1_8' title="bbox 55 702 1432 757; baseline -0.001 -10"><span class='ocrx_word' id='word_1_60' title='bbox 55 717 69 754; x_wconf 68' lang='lat' dir='ltr'><em>e</em></span> <span class='ocrx_word' id='word_1_61' title='bbox 92 702 225 747; x_wconf 86' lang='grc' dir='ltr'><em>αὐτόν</em></span> <span class='ocrx_word' id='word_1_62' title='bbox 262 720 305 747; x_wconf 88' lang='grc' dir='ltr'><em>τε</em></span> <span class='ocrx_word' id='word_1_63' title='bbox 331 705 401 747; x_wconf 89' lang='grc' dir='ltr'><em>καὶ</em></span> <span class='ocrx_word' id='word_1_64' title='bbox 429 706 504 747; x_wconf 84' lang='grc' dir='ltr'><em>τὸν</em></span> <span class='ocrx_word' id='word_1_65' title='bbox 543 706 640 748; x_wconf 82' lang='grc' dir='ltr'><em>υῐὸν</em></span> <span class='ocrx_word' id='word_1_66' title='bbox 669 704 803 748; x_wconf 85' lang='grc' dir='ltr'><em>αὐτοῦ</em></span> <span class='ocrx_word' id='word_1_67' title='bbox 828 704 1124 757; x_wconf 78' lang='grc' dir='ltr'><em>Ἀλέξανδρον,</em></span> <span class='ocrx_word' id='word_1_68' title='bbox 1155 706 1332 749; x_wconf 73' lang='grc' dir='ltr'><em>ἀνεψιὸν</em></span> <span class='ocrx_word' id='word_1_69' title='bbox 1361 705 1432 745; x_wconf 84' lang='grc' dir='ltr'><em>αὑ-</em></span> 
     </span>
     <span class='ocr_line' id='line_1_9' title="bbox 90 770 1432 826; baseline -0.001 -14"><span class='ocrx_word' id='word_1_70' title='bbox 90 778 183 822; x_wconf 82' lang='grc' dir='ltr'><em>τοῦ,</em></span> <span class='ocrx_word' id='word_1_71' title='bbox 213 770 363 825; x_wconf 87' lang='grc' dir='ltr'><em>σχεδὸν</em></span> <span class='ocrx_word' id='word_1_72' title='bbox 390 772 627 825; x_wconf 80' lang='grc' dir='ltr'><em>ἡλικιώτην,</em></span> <span class='ocrx_word' id='word_1_73' title='bbox 658 771 852 826; x_wconf 79' lang='grc' dir='ltr'><em>ἐμβαλὼν</em></span> <span class='ocrx_word' id='word_1_74' title='bbox 881 772 938 820; x_wconf 86' lang='grc' dir='ltr'><em>εἰς</em></span> <span class='ocrx_word' id='word_1_75' title='bbox 966 771 1128 824; x_wconf 74' lang='grc' dir='ltr'><em>ἅμαξαν</em></span> <span class='ocrx_word' id='word_1_76' title='bbox 1156 772 1323 823; x_wconf 86' lang='grc' dir='ltr'><em>νύκτωρ</em></span> <span class='ocrx_word' id='word_1_77' title='bbox 1348 771 1432 821; x_wconf 79' lang='grc' dir='ltr'><em>ἐξα-</em></span> 
     </span>
     <span class='ocr_line' id='line_1_10' title="bbox 91 835 1434 891; baseline -0.001 -13"><span class='ocrx_word' id='word_1_78' title='bbox 91 837 237 891; x_wconf 77' lang='grc' dir='ltr'><em>γαγὼν</em></span> <span class='ocrx_word' id='word_1_79' title='bbox 265 835 478 889; x_wconf 73' lang='grc' dir='ltr'><em>ἀπέσφαξε</em></span> <span class='ocrx_word' id='word_1_80' title='bbox 506 851 548 878; x_wconf 89' lang='grc' dir='ltr'><em>τε</em></span> <span class='ocrx_word' id='word_1_81' title='bbox 577 837 644 878; x_wconf 87' lang='grc' dir='ltr'><em>καὶ</em></span> <span class='ocrx_word' id='word_1_82' title='bbox 662 837 871 891; x_wconf 76' lang='grc' dir='ltr'><em>ἠφάνισεν</em></span> <span class='ocrx_word' id='word_1_83' title='bbox 896 835 1177 890; x_wconf 77' lang='grc' dir='ltr'><em>ἀμφοτέρους,</em></span> <span class='ocrx_word' id='word_1_84' title='bbox 1206 836 1275 877; x_wconf 83' lang='grc' dir='ltr'><em>καὶ</em></span> <span class='ocrx_word' id='word_1_85' title='bbox 1303 843 1434 877; x_wconf 77' lang='grc' dir='ltr'><em>ταῦτα</em></span> 
     </span>
     <span class='ocr_line' id='line_1_11' title="bbox 92 898 1434 956; baseline 0 -13"><span class='ocrx_word' id='word_1_86' title='bbox 92 903 293 955; x_wconf 77' lang='grc' dir='ltr'><em>ἀδικήσας</em></span> <span class='ocrx_word' id='word_1_87' title='bbox 320 899 473 943; x_wconf 77' lang='grc' dir='ltr'><em>ἔλαθεν</em></span> <span class='ocrx_word' id='word_1_88' title='bbox 510 901 665 944; x_wconf 79' lang='grc' dir='ltr'><em>ἑαυτὸν</em></span> <span class='ocrx_word' id='word_1_89' title='bbox 702 903 962 950; x_wconf 75' lang='grc' dir='ltr'><em>ἀθλιώτατος</em></span> <span class='ocrx_word' id='word_1_90' title='bbox 999 903 1246 956; x_wconf 75' lang='grc' dir='ltr'><em>γενόμενος,</em></span> <span class='ocrx_word' id='word_1_91' title='bbox 1285 902 1353 943; x_wconf 85' lang='grc' dir='ltr'><em>καὶ</em></span> <span class='ocrx_word' id='word_1_92' title='bbox 1382 898 1434 943; x_wconf 79' lang='grc' dir='ltr'><em>οὐ</em></span> 
     </span>
     <span class='ocr_line' id='line_1_12' title="bbox 92 965 1435 1025; baseline 0.001 -17"><span class='ocrx_word' id='word_1_93' title='bbox 92 965 364 1022; x_wconf 81' lang='grc' dir='ltr'><em>μετεμέλησεν</em></span> <span class='ocrx_word' id='word_1_94' title='bbox 393 965 523 1025; x_wconf 78' lang='grc' dir='ltr'><em>αὐτῷ,</em></span> <span class='ocrx_word' id='word_1_95' title='bbox 553 968 640 1009; x_wconf 79' lang='grc' dir='ltr'><em>ἀλλ’</em></span> <span class='ocrx_word' id='word_1_96' title='bbox 670 968 815 1021; x_wconf 78' lang='grc' dir='ltr'><em>ὀλίγον</em></span> <span class='ocrx_word' id='word_1_97' title='bbox 846 967 1022 1019; x_wconf 82' lang='grc' dir='ltr'><em>ὕσετρου</em></span> <span class='ocrx_word' id='word_1_98' title='bbox 1050 969 1125 1009; x_wconf 83' lang='grc' dir='ltr'><em>τὸν</em></span> <span class='ocrx_word' id='word_1_99' title='bbox 1145 968 1331 1021; x_wconf 85' lang='grc' dir='ltr'><em>ἀδελφὺν</em></span> <span class='ocrx_word' id='word_1_100' title='bbox 1359 968 1435 1009; x_wconf 88' lang='grc' dir='ltr'><em>τὸν</em></span> 
     </span>
     <span class='ocr_line' id='line_1_13' title="bbox 92 1027 1501 1087; baseline 0.001 -13"><span class='ocrx_word' id='word_1_101' title='bbox 92 1034 286 1087; x_wconf 80' lang='grc' dir='ltr'><em>γνήσιον,</em></span> <span class='ocrx_word' id='word_1_102' title='bbox 315 1034 391 1075; x_wconf 88' lang='grc' dir='ltr'><em>τὸν</em></span> <span class='ocrx_word' id='word_1_103' title='bbox 423 1034 666 1087; x_wconf 86' lang='grc' dir='ltr'><em>Περδίκκου</em></span> <span class='ocrx_word' id='word_1_104' title='bbox 698 1033 804 1084; x_wconf 83' lang='grc' dir='ltr'><em>υἷόν,</em></span> <span class='ocrx_word' id='word_1_105' title='bbox 846 1036 977 1075; x_wconf 82' lang='grc' dir='ltr'><em>παῖδα</em></span> <span class='ocrx_word' id='word_1_106' title='bbox 1006 1035 1061 1082; x_wconf 82' lang='grc' dir='ltr'><em>ὡς</em></span> <span class='ocrx_word' id='word_1_107' title='bbox 1090 1032 1286 1087; x_wconf 74' lang='grc' dir='ltr'><em>ἑπταετῆ,</em></span> <span class='ocrx_word' id='word_1_108' title='bbox 1329 1027 1380 1074; x_wconf 81' lang='grc' dir='ltr'><em>οὗ</em></span> <span class='ocrx_word' id='word_1_109' title='bbox 1410 1033 1435 1087; x_wconf 79' lang='grc' dir='ltr'><em>ἡ</em></span> <span class='ocrx_word' id='word_1_110' title='bbox 1467 1033 1501 1075; x_wconf 85' lang='lat' dir='ltr'>C</span> 
     </span>
     <span class='ocr_line' id='line_1_14' title="bbox 92 1095 1438 1154; baseline 0 -15"><span class='ocrx_word' id='word_1_111' title='bbox 92 1097 198 1152; x_wconf 82' lang='grc' dir='ltr'><em>ἀρχὴ</em></span> <span class='ocrx_word' id='word_1_112' title='bbox 227 1097 414 1152; x_wconf 74' lang='grc' dir='ltr'><em>ἐγίγνετο</em></span> <span class='ocrx_word' id='word_1_113' title='bbox 443 1099 550 1141; x_wconf 83' lang='grc' dir='ltr'><em>κατὰ</em></span> <span class='ocrx_word' id='word_1_114' title='bbox 578 1099 625 1140; x_wconf 89' lang='grc' dir='ltr'><em>τὸ</em></span> <span class='ocrx_word' id='word_1_115' title='bbox 655 1099 831 1147; x_wconf 82' lang='grc' dir='ltr'><em>δίκαιον,</em></span> <span class='ocrx_word' id='word_1_116' title='bbox 863 1095 941 1141; x_wconf 83' lang='grc' dir='ltr'><em>οὐκ</em></span> <span class='ocrx_word' id='word_1_117' title='bbox 971 1100 1186 1154; x_wconf 75' lang='grc' dir='ltr'><em>ἐβουλήθη</em></span> <span class='ocrx_word' id='word_1_118' title='bbox 1225 1095 1438 1152; x_wconf 82' lang='grc' dir='ltr'><em>εὐδαίμων</em></span> 
     </span>
     <span class='ocr_line' id='line_1_15' title="bbox 93 1161 1437 1219; baseline 0.001 -14"><span class='ocrx_word' id='word_1_119' title='bbox 93 1163 291 1217; x_wconf 78' lang='grc' dir='ltr'><em>γενέσθαι</em></span> <span class='ocrx_word' id='word_1_120' title='bbox 320 1164 491 1213; x_wconf 82' lang='grc' dir='ltr'><em>δικαίως</em></span> <span class='ocrx_word' id='word_1_121' title='bbox 518 1163 731 1217; x_wconf 78' lang='grc' dir='ltr'><em>ἐκθρέψας</em></span> <span class='ocrx_word' id='word_1_122' title='bbox 758 1164 828 1206; x_wconf 85' lang='grc' dir='ltr'><em>καὶ</em></span> <span class='ocrx_word' id='word_1_123' title='bbox 856 1165 1043 1214; x_wconf 79' lang='grc' dir='ltr'><em>ἀποδοὺς</em></span> <span class='ocrx_word' id='word_1_124' title='bbox 1070 1164 1148 1219; x_wconf 78' lang='grc' dir='ltr'><em>τὴν</em></span> <span class='ocrx_word' id='word_1_125' title='bbox 1177 1161 1309 1218; x_wconf 68' lang='grc' dir='ltr'><em>ἀρχὴν</em></span> <span class='ocrx_word' id='word_1_126' title='bbox 1339 1164 1437 1206; x_wconf 76' lang='grc' dir='ltr'><em>ἐκεί-</em></span> 
     </span>
    </p>
   </div>
   <div class='ocr_carea' id='block_1_3' title="bbox 92 1332 1439 1636">
    <p class='ocr_par' dir='ltr' id='par_1_4' title="bbox 92 1332 1028 1420">
     <span class='ocr_line' id='line_1_16' title="bbox 92 1332 1028 1374; baseline 0.001 -11"><span class='ocrx_word' id='word_1_127' title='bbox 92 1336 244 1374; x_wconf 81' lang='lat' dir='ltr'><strong>ponuut,</strong></span> <span class='ocrx_word' id='word_1_128' title='bbox 285 1332 375 1374; x_wconf 92' lang='lat' dir='ltr'><strong>quod</strong></span> <span class='ocrx_word' id='word_1_129' title='bbox 406 1343 469 1364; x_wconf 89' lang='lat' dir='ltr'>om.</span> <span class='ocrx_word' id='word_1_130' title='bbox 503 1332 618 1367; x_wconf 85' lang='lat' dir='ltr'><strong>Clark.</strong></span> <span class='ocrx_word' id='word_1_131' title='bbox 644 1332 721 1364; x_wconf 85' lang='lat' dir='ltr'>Vat.</span> <span class='ocrx_word' id='word_1_132' title='bbox 747 1333 851 1367; x_wconf 87' lang='lat' dir='ltr'>Coisl.</span> <span class='ocrx_word' id='word_1_133' title='bbox 878 1333 964 1366; x_wconf 86' lang='lat' dir='ltr'>Ven.</span> <span class='ocrx_word' id='word_1_134' title='bbox 991 1334 1028 1365; x_wconf 88' lang='grc' dir='ltr'><em>Σ.</em></span> 
     </span>
     <span class='ocr_line' id='line_1_17' title="bbox 94 1377 900 1420; baseline 0.002 -12"><span class='ocrx_word' id='word_1_135' title='bbox 94 1377 213 1410; x_wconf 87' lang='lat' dir='ltr'>IVW.</span> <span class='ocrx_word' id='word_1_136' title='bbox 245 1377 334 1420; x_wconf 87' lang='lat' dir='ltr'><strong>Aug.</strong></span> <span class='ocrx_word' id='word_1_137' title='bbox 359 1378 497 1409; x_wconf 85' lang='lat' dir='ltr'><strong>Meerm.</strong></span> <span class='ocrx_word' id='word_1_138' title='bbox 524 1378 620 1410; x_wconf 89' lang='lat' dir='ltr'>Bodl.</span> <span class='ocrx_word' id='word_1_139' title='bbox 643 1378 734 1410; x_wconf 91' lang='lat' dir='ltr'>Flor.</span> <span class='ocrx_word' id='word_1_140' title='bbox 759 1390 789 1411; x_wconf 81' lang='lat' dir='ltr'><em>a.</em></span> <span class='ocrx_word' id='word_1_141' title='bbox 814 1378 844 1410; x_wconf 91' lang='lat' dir='ltr'>d.</span> <span class='ocrx_word' id='word_1_142' title='bbox 867 1390 900 1410; x_wconf 84' lang='lat' dir='ltr'><em>x.</em></span> 
     </span>
    </p>

    <p class='ocr_par' dir='ltr' id='par_1_5' title="bbox 93 1420 1438 1501">
     <span class='ocr_line' id='line_1_18' title="bbox 160 1420 1438 1467; baseline 0.002 -13"><span class='ocrx_word' id='word_1_143' title='bbox 160 1423 200 1455; x_wconf 93' lang='grc' dir='ltr'><em>Β.</em></span> <span class='ocrx_word' id='word_1_144' title='bbox 245 1420 401 1460; x_wconf 80' lang='grc' dir='ltr'><em>αὐτοῦ,</em></span> <span class='ocrx_word' id='word_1_145' title='bbox 439 1422 594 1465; x_wconf 78' lang='grc' dir='ltr'><em>σχεδὸν</em></span> <span class='ocrx_word' id='word_1_146' title='bbox 628 1421 753 1467; x_wconf 81' lang='grc' dir='ltr'><em>ἡλικ,]</em></span> <span class='ocrx_word' id='word_1_147' title='bbox 792 1424 832 1455; x_wconf 94' lang='lat' dir='ltr'><em>V.</em></span> <span class='ocrx_word' id='word_1_148' title='bbox 865 1422 970 1456; x_wconf 84' lang='grc' dir='ltr'><em>αὑτοῦ</em></span> <span class='ocrx_word' id='word_1_149' title='bbox 1004 1425 1071 1455; x_wconf 84' lang='grc' dir='ltr'><em>καὶ</em></span> <span class='ocrx_word' id='word_1_150' title='bbox 1109 1435 1154 1466; x_wconf 80' lang='grc' dir='ltr'><strong>οχ.</strong></span> <span class='ocrx_word' id='word_1_151' title='bbox 1190 1424 1308 1455; x_wconf 84' lang='lat' dir='ltr'><strong>invitis</strong></span> <span class='ocrx_word' id='word_1_152' title='bbox 1342 1423 1438 1457; x_wconf 81' lang='lat' dir='ltr'>codd.</span> 
     </span>
     <span class='ocr_line' id='line_1_19' title="bbox 93 1467 850 1501; baseline 0.003 -3"><span class='ocrx_word' id='word_1_153' title='bbox 93 1468 162 1500; x_wconf 82' lang='lat' dir='ltr'><strong>fere</strong></span> <span class='ocrx_word' id='word_1_154' title='bbox 187 1467 358 1500; x_wconf 87' lang='lat' dir='ltr'><strong>omnibus.</strong></span> <span class='ocrx_word' id='word_1_155' title='bbox 404 1468 518 1501; x_wconf 84' lang='lat' dir='ltr'><strong>Etiam</strong></span> <span class='ocrx_word' id='word_1_156' title='bbox 542 1470 620 1500; x_wconf 81' lang='lat' dir='ltr'>Bas.</span> <span class='ocrx_word' id='word_1_157' title='bbox 643 1467 675 1500; x_wconf 90' lang='grc'><em>2.</em></span> <span class='ocrx_word' id='word_1_158' title='bbox 703 1469 757 1501; x_wconf 83' lang='grc' dir='ltr'><em>καὶ</em></span> <span class='ocrx_word' id='word_1_159' title='bbox 784 1480 850 1501; x_wconf 87' lang='lat' dir='ltr'>om.</span> 
     </span>
    </p>

    <p class='ocr_par' dir='ltr' id='par_1_6' title="bbox 96 1510 1439 1636">
     <span class='ocr_line' id='line_1_20' title="bbox 164 1510 1438 1557; baseline 0.002 -13"><span class='ocrx_word' id='word_1_160' title='bbox 164 1510 236 1544; x_wconf 84' lang='grc' dir='ltr'><em>τὸν</em></span> <span class='ocrx_word' id='word_1_161' title='bbox 260 1512 347 1554; x_wconf 84' lang='grc' dir='ltr'><em>Περ</em></span> <span class='ocrx_word' id='word_1_162' title='bbox 361 1512 514 1546; x_wconf 84' lang='grc' dir='ltr'><em>δίκκου</em></span> <span class='ocrx_word' id='word_1_163' title='bbox 544 1513 664 1555; x_wconf 75' lang='grc' dir='ltr'><em>υἱόν]</em></span> <span class='ocrx_word' id='word_1_164' title='bbox 692 1514 752 1547; x_wconf 77' lang='grc' dir='ltr'><em>τὸν</em></span> <span class='ocrx_word' id='word_1_165' title='bbox 766 1525 826 1557; x_wconf 89' lang='lat' dir='ltr'>pro</span> <span class='ocrx_word' id='word_1_166' title='bbox 845 1514 938 1556; x_wconf 85' lang='lat' dir='ltr'>vulg.</span> <span class='ocrx_word' id='word_1_167' title='bbox 963 1518 1022 1545; x_wconf 80' lang='grc' dir='ltr'><em>τοῦ</em></span> <span class='ocrx_word' id='word_1_168' title='bbox 1046 1514 1307 1556; x_wconf 81' lang='lat' dir='ltr'>suppeditarunt</span> <span class='ocrx_word' id='word_1_169' title='bbox 1323 1514 1438 1547; x_wconf 81' lang='lat' dir='ltr'>Clark.</span> 
     </span>
     <span class='ocr_line' id='line_1_21' title="bbox 96 1558 1439 1603; baseline 0.002 -14"><span class='ocrx_word' id='word_1_170' title='bbox 96 1558 174 1590; x_wconf 84' lang='lat' dir='ltr'>Vat.</span> <span class='ocrx_word' id='word_1_171' title='bbox 205 1558 309 1590; x_wconf 86' lang='lat' dir='ltr'>Coisl.</span> <span class='ocrx_word' id='word_1_172' title='bbox 340 1559 426 1591; x_wconf 84' lang='lat' dir='ltr'>Ven.</span> <span class='ocrx_word' id='word_1_173' title='bbox 462 1558 541 1591; x_wconf 88' lang='grc' dir='ltr'><em>ΞΣ.</em></span> <span class='ocrx_word' id='word_1_174' title='bbox 586 1559 687 1592; x_wconf 85' lang='lat' dir='ltr'>Vind.</span> <span class='ocrx_word' id='word_1_175' title='bbox 722 1560 754 1592; x_wconf 84' lang='lat'>2.</span> <span class='ocrx_word' id='word_1_176' title='bbox 784 1560 813 1592; x_wconf 87' lang='lat'>6.</span> <span class='ocrx_word' id='word_1_177' title='bbox 856 1561 933 1592; x_wconf 86' lang='lat' dir='ltr'>Par.</span> <span class='ocrx_word' id='word_1_178' title='bbox 958 1560 1197 1592; x_wconf 87' lang='lat' dir='ltr'>BCEFVW.</span> <span class='ocrx_word' id='word_1_179' title='bbox 1229 1560 1325 1592; x_wconf 90' lang='lat' dir='ltr'>Bodl.</span> <span class='ocrx_word' id='word_1_180' title='bbox 1350 1561 1439 1603; x_wconf 85' lang='lat' dir='ltr'>Aug.</span> 
     </span>
     <span class='ocr_line' id='line_1_22' title="bbox 96 1603 531 1636; baseline 0.005 -2"><span class='ocrx_word' id='word_1_181' title='bbox 96 1603 187 1635; x_wconf 86' lang='lat' dir='ltr'>Flor.</span> <span class='ocrx_word' id='word_1_182' title='bbox 211 1614 239 1635; x_wconf 85' lang='lat' dir='ltr'><em>a.</em></span> <span class='ocrx_word' id='word_1_183' title='bbox 266 1604 298 1636; x_wconf 87' lang='lat' dir='ltr'><em>b.</em></span> <span class='ocrx_word' id='word_1_184' title='bbox 321 1614 350 1635; x_wconf 86' lang='lat' dir='ltr'><em>o.</em></span> <span class='ocrx_word' id='word_1_185' title='bbox 377 1603 406 1636; x_wconf 91' lang='lat' dir='ltr'>d.</span> <span class='ocrx_word' id='word_1_186' title='bbox 432 1615 474 1635; x_wconf 91' lang='lat' dir='ltr'>m.</span> <span class='ocrx_word' id='word_1_187' title='bbox 501 1615 531 1636; x_wconf 92' lang='grc' dir='ltr'><strong>ο,</strong></span> 
     </span>
    </p>
   </div>
   <div class='ocr_carea' id='block_1_4' title="bbox 95 1646 1440 1736">
    <p class='ocr_par' dir='ltr' id='par_1_7' title="bbox 95 1646 1440 1736">
     <span class='ocr_line' id='line_1_23' title="bbox 163 1646 1440 1692; baseline 0.002 -12"><span class='ocrx_word' id='word_1_188' title='bbox 163 1648 200 1680; x_wconf 88' lang='lat' dir='ltr'><em>C.</em></span> <span class='ocrx_word' id='word_1_189' title='bbox 248 1647 381 1680; x_wconf 82' lang='grc' dir='ltr'><em>παῖδα</em></span> <span class='ocrx_word' id='word_1_190' title='bbox 413 1646 468 1683; x_wconf 75' lang='grc' dir='ltr'><em>ὠς</em></span> <span class='ocrx_word' id='word_1_191' title='bbox 503 1649 707 1692; x_wconf 77' lang='grc' dir='ltr'><em>ἑπταετῆ]</em></span> <span class='ocrx_word' id='word_1_192' title='bbox 748 1650 836 1692; x_wconf 86' lang='lat' dir='ltr'><strong>Aug.</strong></span> <span class='ocrx_word' id='word_1_193' title='bbox 869 1650 1008 1682; x_wconf 84' lang='lat' dir='ltr'><strong>Meerm.</strong></span> <span class='ocrx_word' id='word_1_194' title='bbox 1041 1651 1124 1683; x_wconf 83' lang='lat' dir='ltr'>Ven.</span> <span class='ocrx_word' id='word_1_195' title='bbox 1160 1650 1238 1683; x_wconf 90' lang='grc' dir='ltr'><em>ΞΣ.</em></span> <span class='ocrx_word' id='word_1_196' title='bbox 1278 1650 1376 1683; x_wconf 85' lang='lat' dir='ltr'>vind.</span> <span class='ocrx_word' id='word_1_197' title='bbox 1408 1650 1440 1684; x_wconf 89' lang='grc'><em>2,</em></span> 
     </span>
     <span class='ocr_line' id='line_1_24' title="bbox 95 1692 577 1736; baseline 0.004 -11"><span class='ocrx_word' id='word_1_198' title='bbox 95 1693 173 1726; x_wconf 86' lang='lat' dir='ltr'>Par.</span> <span class='ocrx_word' id='word_1_199' title='bbox 198 1693 238 1725; x_wconf 90' lang='lat' dir='ltr'><em>V.</em></span> <span class='ocrx_word' id='word_1_200' title='bbox 264 1692 414 1736; x_wconf 81' lang='grc' dir='ltr'><em>ἐπταέτη,</em></span> <span class='ocrx_word' id='word_1_201' title='bbox 440 1705 472 1727; x_wconf 89' lang='lat' dir='ltr'><em>v.</em></span> <span class='ocrx_word' id='word_1_202' title='bbox 498 1705 577 1728; x_wconf 84' lang='lat' dir='ltr'>ann.</span> 
     </span>
    </p>
   </div>
   <div class='ocr_carea' id='block_1_5' title="bbox 1061 1332 1438 1366">
    <p class='ocr_par' dir='ltr' id='par_1_8' title="bbox 1061 1332 1438 1366">
     <span class='ocr_line' id='line_1_25' title="bbox 1061 1332 1438 1366; baseline 0.003 -2"><span class='ocrx_word' id='word_1_203' title='bbox 1061 1333 1162 1365; x_wconf 86' lang='lat' dir='ltr'>Vind.</span> <span class='ocrx_word' id='word_1_204' title='bbox 1186 1332 1216 1365; x_wconf 91' lang='grc'><em>2.</em></span> <span class='ocrx_word' id='word_1_205' title='bbox 1242 1332 1272 1366; x_wconf 87' lang='grc'><em>6.</em></span> <span class='ocrx_word' id='word_1_206' title='bbox 1299 1332 1328 1366; x_wconf 84' lang='grc'><em>7.</em></span> <span class='ocrx_word' id='word_1_207' title='bbox 1362 1334 1438 1366; x_wconf 83' lang='lat' dir='ltr'>Par.</span> 
     </span>
    </p>
   </div>
   <div class='ocr_carea' id='block_1_6' title="bbox 95 1850 735 2075">
    <p class='ocr_par' dir='ltr' id='par_1_9' title="bbox 95 1850 735 2075">
     <span class='ocr_line' id='line_1_26' title="bbox 95 1850 734 1894; baseline 0.003 -12"><span class='ocrx_word' id='word_1_208' title='bbox 95 1850 330 1892; x_wconf 77' lang='lat' dir='ltr'><strong>cumulantur,</strong></span> <span class='ocrx_word' id='word_1_209' title='bbox 370 1851 492 1894; x_wconf 83' lang='lat' dir='ltr'><strong>copula</strong></span> <span class='ocrx_word' id='word_1_210' title='bbox 528 1862 597 1884; x_wconf 91' lang='lat' dir='ltr'><em>non</em></span> <span class='ocrx_word' id='word_1_211' title='bbox 633 1852 734 1884; x_wconf 87' lang='lat' dir='ltr'><strong>inter-</strong></span> 
     </span>
     <span class='ocr_line' id='line_1_27' title="bbox 96 1896 734 1940; baseline 0.002 -12"><span class='ocrx_word' id='word_1_212' title='bbox 96 1896 251 1929; x_wconf 80' lang='lat' dir='ltr'><strong>cedente:</strong></span> <span class='ocrx_word' id='word_1_213' title='bbox 281 1907 384 1938; x_wconf 89' lang='lat' dir='ltr'><strong>quam</strong></span> <span class='ocrx_word' id='word_1_214' title='bbox 407 1897 570 1940; x_wconf 85' lang='lat' dir='ltr'><strong>loquendi</strong></span> <span class='ocrx_word' id='word_1_215' title='bbox 593 1898 734 1930; x_wconf 85' lang='lat' dir='ltr'><strong>formam</strong></span> 
     </span>
     <span class='ocr_line' id='line_1_28' title="bbox 96 1942 735 1985; baseline 0.003 -12"><span class='ocrx_word' id='word_1_216' title='bbox 96 1942 223 1984; x_wconf 87' lang='lat' dir='ltr'>passim</span> <span class='ocrx_word' id='word_1_217' title='bbox 240 1943 347 1985; x_wconf 80' lang='lat' dir='ltr'><em>tetigi.</em></span> <span class='ocrx_word' id='word_1_218' title='bbox 361 1953 393 1974; x_wconf 88' lang='lat' dir='ltr'><em>v.</em></span> <span class='ocrx_word' id='word_1_219' title='bbox 409 1943 454 1975; x_wconf 91' lang='lat' dir='ltr'><em>In</em></span> <span class='ocrx_word' id='word_1_220' title='bbox 466 1943 543 1976; x_wconf 81' lang='lat' dir='ltr'>dio.</span> <span class='ocrx_word' id='word_1_221' title='bbox 560 1942 603 1975; x_wconf 87' lang='lat' dir='ltr'><em>ad</em></span> <span class='ocrx_word' id='word_1_222' title='bbox 618 1943 692 1975; x_wconf 90' lang='lat' dir='ltr'>Vol.</span> <span class='ocrx_word' id='word_1_223' title='bbox 710 1944 735 1975; x_wconf 95' lang='grc' dir='ltr'><em>Ι.</em></span> 
     </span>
     <span class='ocr_line' id='line_1_29' title="bbox 97 1988 735 2031; baseline 0.002 -13"><span class='ocrx_word' id='word_1_224' title='bbox 97 1997 124 2019; x_wconf 82' lang='lat' dir='ltr'><em>s.</em></span> <span class='ocrx_word' id='word_1_225' title='bbox 148 1998 180 2019; x_wconf 89' lang='lat' dir='ltr'><em>v.</em></span> <span class='ocrx_word' id='word_1_226' title='bbox 205 1988 414 2031; x_wconf 82' lang='lat' dir='ltr'>Particip.</span> <span class='ocrx_word' id='word_1_227' title='bbox 446 1992 479 2020; x_wconf 82' lang='lat' dir='ltr'><em>et</em></span> <span class='ocrx_word' id='word_1_228' title='bbox 511 1992 662 2021; x_wconf 80' lang='lat' dir='ltr'>annotat.</span> <span class='ocrx_word' id='word_1_229' title='bbox 693 1988 735 2020; x_wconf 87' lang='lat' dir='ltr'><em>ad</em></span> 
     </span>
     <span class='ocr_line' id='line_1_30' title="bbox 98 2032 510 2075; baseline 0.005 -11"><span class='ocrx_word' id='word_1_230' title='bbox 98 2032 337 2074; x_wconf 80' lang='lat' dir='ltr'>Euthyphron.</span> <span class='ocrx_word' id='word_1_231' title='bbox 360 2043 393 2075; x_wconf 88' lang='lat' dir='ltr'><em>p.</em></span> <span class='ocrx_word' id='word_1_232' title='bbox 415 2032 447 2066; x_wconf 84' lang='lat'><em>4.</em></span> <span class='ocrx_word' id='word_1_233' title='bbox 473 2033 510 2066; x_wconf 85' lang='lat' dir='ltr'><em>C.</em></span> 
     </span>
    </p>
   </div>
   <div class='ocr_carea' id='block_1_7' title="bbox 143 2075 734 2121">
    <p class='ocr_par' dir='ltr' id='par_1_10' title="bbox 143 2075 734 2121">
     <span class='ocr_line' id='line_1_31' title="bbox 143 2075 734 2121; baseline 0.003 -13"><span class='ocrx_word' id='word_1_234' title='bbox 143 2078 212 2109; x_wconf 84' lang='grc' dir='ltr'><em>καὶ</em></span> <span class='ocrx_word' id='word_1_235' title='bbox 231 2075 279 2108; x_wconf 80' lang='grc' dir='ltr'><em>οὐ</em></span> <span class='ocrx_word' id='word_1_236' title='bbox 301 2077 592 2120; x_wconf 79' lang='grc' dir='ltr'><em>μετεμέλησεν</em></span> <span class='ocrx_word' id='word_1_237' title='bbox 611 2076 734 2121; x_wconf 77' lang='grc' dir='ltr'><em>αὐτῷ]</em></span> 
     </span>
    </p>
   </div>
   <div class='ocr_carea' id='block_1_8' title="bbox 97 2116 780 2156">
    <p class='ocr_par' dir='ltr' id='par_1_11' title="bbox 97 2116 780 2156">
     <span class='ocr_line' id='line_1_32' title="bbox 97 2116 780 2156; baseline 0.004 -3"><span class='ocrx_word' id='word_1_238' title='bbox 97 2122 130 2154; x_wconf 85' lang='lat' dir='ltr'>A</span> <span class='ocrx_word' id='word_1_239' title='bbox 166 2121 310 2154; x_wconf 84' lang='lat' dir='ltr'><strong>relativo</strong></span> <span class='ocrx_word' id='word_1_240' title='bbox 351 2122 394 2154; x_wconf 82' lang='lat' dir='ltr'><em>ad</em></span> <span class='ocrx_word' id='word_1_241' title='bbox 433 2123 736 2156; x_wconf 79' lang='lat' dir='ltr'><strong>demonstrativum</strong></span> <span class='ocrx_word' id='word_1_242' title='bbox 762 2116 780 2127; x_wconf 36' lang='grc' dir='ltr'><em>ι’</em></span> 
     </span>
    </p>
   </div>
   <div class='ocr_carea' id='block_1_9' title="bbox 66 2168 740 2525">
    <p class='ocr_par' dir='ltr' id='par_1_12' title="bbox 66 2168 740 2525">
     <span class='ocr_line' id='line_1_33' title="bbox 98 2168 737 2211; baseline 0.005 -13"><span class='ocrx_word' id='word_1_243' title='bbox 98 2168 235 2199; x_wconf 78' lang='lat' dir='ltr'><strong>transiit</strong></span> <span class='ocrx_word' id='word_1_244' title='bbox 245 2191 254 2208; x_wconf 90' lang='lat'>‚</span> <span class='ocrx_word' id='word_1_245' title='bbox 292 2168 383 2209; x_wconf 89' lang='lat' dir='ltr'><strong>quod</strong></span> <span class='ocrx_word' id='word_1_246' title='bbox 423 2179 492 2201; x_wconf 90' lang='lat' dir='ltr'><em>non</em></span> <span class='ocrx_word' id='word_1_247' title='bbox 529 2170 737 2211; x_wconf 83' lang='lat' dir='ltr'><strong>infrequens-</strong></span> 
     </span>
     <span class='ocr_line' id='line_1_34' title="bbox 103 2211 469 2254; baseline 0.003 -11"><span class='ocrx_word' id='word_1_248' title='bbox 103 2223 134 2244; x_wconf 89' lang='lat' dir='ltr'><em>v.</em></span> <span class='ocrx_word' id='word_1_249' title='bbox 161 2212 251 2244; x_wconf 85' lang='lat' dir='ltr'><strong>infra</strong></span> <span class='ocrx_word' id='word_1_250' title='bbox 273 2223 306 2254; x_wconf 90' lang='lat' dir='ltr'><em>p.</em></span> <span class='ocrx_word' id='word_1_251' title='bbox 329 2211 407 2246; x_wconf 79' lang='lat'>518.</span> <span class='ocrx_word' id='word_1_252' title='bbox 429 2214 469 2245; x_wconf 92' lang='grc' dir='ltr'><em>Ε.</em></span> 
     </span>
     <span class='ocr_line' id='line_1_35' title="bbox 145 2256 735 2301; baseline 0.002 -12"><span class='ocrx_word' id='word_1_253' title='bbox 145 2256 182 2289; x_wconf 83' lang='grc' dir='ltr'><em>Ο.</em></span> <span class='ocrx_word' id='word_1_254' title='bbox 239 2257 369 2290; x_wconf 83' lang='grc' dir='ltr'><em>παῖδα</em></span> <span class='ocrx_word' id='word_1_255' title='bbox 421 2256 475 2292; x_wconf 72' lang='grc' dir='ltr'><em>ὥς</em></span> <span class='ocrx_word' id='word_1_256' title='bbox 526 2258 575 2290; x_wconf 80' lang='grc' dir='ltr'><em>ἐπ</em></span> <span class='ocrx_word' id='word_1_257' title='bbox 591 2259 735 2301; x_wconf 84' lang='grc' dir='ltr'><em>ταετῆ]</em></span> 
     </span>
     <span class='ocr_line' id='line_1_36' title="bbox 103 2302 738 2345; baseline 0.005 -12"><span class='ocrx_word' id='word_1_258' title='bbox 103 2302 255 2335; x_wconf 81' lang='lat' dir='ltr'><strong>Astius</strong></span> <span class='ocrx_word' id='word_1_259' title='bbox 285 2314 326 2335; x_wconf 84' lang='lat' dir='ltr'><em>ex</em></span> <span class='ocrx_word' id='word_1_260' title='bbox 359 2307 540 2345; x_wconf 76' lang='lat' dir='ltr'>praecepto</span> <span class='ocrx_word' id='word_1_261' title='bbox 565 2304 738 2336; x_wconf 81' lang='lat' dir='ltr'><strong>Atticista-</strong></span> 
     </span>
     <span class='ocr_line' id='line_1_37' title="bbox 66 2347 739 2390; baseline 0.004 -12"><span class='ocrx_word' id='word_1_262' title='bbox 66 2369 68 2372; x_wconf 31' lang='grc' dir='ltr'><em>ψ</em></span> <span class='ocrx_word' id='word_1_263' title='bbox 99 2357 186 2387; x_wconf 88' lang='lat' dir='ltr'><strong>rum,</strong></span> <span class='ocrx_word' id='word_1_264' title='bbox 210 2347 531 2390; x_wconf 78' lang='lat' dir='ltr'>Moerid.p1.2.,3</span> <span class='ocrx_word' id='word_1_265' title='bbox 555 2349 739 2381; x_wconf 83' lang='lat' dir='ltr'><strong>Thomae</strong></span> 
     </span>
     <span class='ocr_line' id='line_1_38' title="bbox 100 2359 740 2435; baseline 0.005 -11"><span class='ocrx_word' id='word_1_266' title='bbox 100 2393 197 2435; x_wconf 82' lang='lat' dir='ltr'><em>Mag</em></span> <span class='ocrx_word' id='word_1_267' title='bbox 230 2392 381 2435; x_wconf 81' lang='lat' dir='ltr'>p.203.‚</span> <span class='ocrx_word' id='word_1_268' title='bbox 397 2359 570 2435; x_wconf 85' lang='lat' dir='ltr'><em>pPhryn.</em></span> <span class='ocrx_word' id='word_1_269' title='bbox 594 2405 627 2435; x_wconf 91' lang='lat' dir='ltr'><em>p.</em></span> <span class='ocrx_word' id='word_1_270' title='bbox 651 2393 740 2434; x_wconf 65' lang='lat'><em>406„</em></span> 
     </span>
     <span class='ocr_line' id='line_1_39' title="bbox 101 2437 740 2481; baseline 0.005 -13"><span class='ocrx_word' id='word_1_271' title='bbox 101 2437 194 2470; x_wconf 82' lang='lat' dir='ltr'><strong>dedit</strong></span> <span class='ocrx_word' id='word_1_272' title='bbox 210 2437 338 2481; x_wconf 78' lang='grc' dir='ltr'><em>ἐπτέτη,</em></span> <span class='ocrx_word' id='word_1_273' title='bbox 363 2438 483 2471; x_wconf 81' lang='lat' dir='ltr'><strong>elisa</strong></span> <span class='ocrx_word' id='word_1_274' title='bbox 463 2452 483 2472; x_wconf 90' lang='grc' dir='ltr'><em>α</em></span> <span class='ocrx_word' id='word_1_275' title='bbox 502 2439 626 2480; x_wconf 87' lang='lat' dir='ltr'><strong>littera,</strong></span> <span class='ocrx_word' id='word_1_276' title='bbox 651 2440 740 2481; x_wconf 91' lang='lat' dir='ltr'><strong>quod</strong></span> 
     </span>
     <span class='ocr_line' id='line_1_40' title="bbox 101 2482 739 2525; baseline 0.005 -11"><span class='ocrx_word' id='word_1_277' title='bbox 101 2482 286 2515; x_wconf 86' lang='lat' dir='ltr'><strong>consilium</strong></span> <span class='ocrx_word' id='word_1_278' title='bbox 324 2483 446 2525; x_wconf 83' lang='lat' dir='ltr'>probat</span> <span class='ocrx_word' id='word_1_279' title='bbox 484 2484 538 2516; x_wconf 92' lang='lat' dir='ltr'><em>Lo</em></span> <span class='ocrx_word' id='word_1_280' title='bbox 550 2484 572 2516; x_wconf 92' lang='lat' dir='ltr'>b</span> <span class='ocrx_word' id='word_1_281' title='bbox 583 2495 600 2517; x_wconf 82' lang='lat' dir='ltr'><strong>e</strong></span> <span class='ocrx_word' id='word_1_282' title='bbox 609 2495 627 2516; x_wconf 83' lang='lat' dir='ltr'><strong>e</strong></span> <span class='ocrx_word' id='word_1_283' title='bbox 638 2485 679 2516; x_wconf 86' lang='lat' dir='ltr'><strong>k</strong></span> <span class='ocrx_word' id='word_1_284' title='bbox 671 2497 682 2516; x_wconf 88' lang='lat'><em>1</em></span> <span class='ocrx_word' id='word_1_285' title='bbox 692 2496 714 2517; x_wconf 92' lang='lat' dir='ltr'><strong>u</strong></span> <span class='ocrx_word' id='word_1_286' title='bbox 724 2497 739 2517; x_wconf 85' lang='lat' dir='ltr'>s</span> 
     </span>
    </p>
   </div>
   <div class='ocr_carea' id='block_1_10' title="bbox 101 2527 741 2608">
    <p class='ocr_par' dir='ltr' id='par_1_13' title="bbox 101 2527 741 2608">
     <span class='ocr_line' id='line_1_41' title="bbox 101 2527 741 2570; baseline 0.005 -11"><span class='ocrx_word' id='word_1_287' title='bbox 101 2527 145 2559; x_wconf 87' lang='lat' dir='ltr'><em>ad</em></span> <span class='ocrx_word' id='word_1_288' title='bbox 181 2529 308 2570; x_wconf 86' lang='lat' dir='ltr'>Phryn.</span> <span class='ocrx_word' id='word_1_289' title='bbox 346 2539 379 2570; x_wconf 88' lang='lat' dir='ltr'>p.</span> <span class='ocrx_word' id='word_1_290' title='bbox 411 2528 488 2562; x_wconf 83' lang='lat'>407.</span> <span class='ocrx_word' id='word_1_291' title='bbox 542 2529 608 2562; x_wconf 87' lang='lat' dir='ltr'><em>Sed</em></span> <span class='ocrx_word' id='word_1_292' title='bbox 649 2536 741 2563; x_wconf 82' lang='lat' dir='ltr'><strong>recte</strong></span> 
     </span>
     <span class='ocr_line' id='line_1_42' title="bbox 102 2572 741 2608; baseline 0.006 -4"><span class='ocrx_word' id='word_1_293' title='bbox 102 2572 236 2605; x_wconf 83' lang='lat' dir='ltr'><strong>videtur</strong></span> <span class='ocrx_word' id='word_1_294' title='bbox 265 2572 436 2606; x_wconf 79' lang='lat' dir='ltr'><strong>iudicasse</strong></span> <span class='ocrx_word' id='word_1_295' title='bbox 467 2575 664 2608; x_wconf 89' lang='lat' dir='ltr'><strong>Bremius</strong></span> <span class='ocrx_word' id='word_1_296' title='bbox 698 2575 741 2608; x_wconf 81' lang='lat' dir='ltr'><em>ad</em></span> 
     </span>
    </p>
   </div>
   <div class='ocr_carea' id='block_1_11' title="bbox 101 2618 742 2752">
    <p class='ocr_par' dir='ltr' id='par_1_14' title="bbox 101 2618 742 2752">
     <span class='ocr_line' id='line_1_43' title="bbox 102 2618 741 2663; baseline 0.008 -14"><span class='ocrx_word' id='word_1_297' title='bbox 102 2618 264 2650; x_wconf 87' lang='lat' dir='ltr'>Aesehin.</span> <span class='ocrx_word' id='word_1_298' title='bbox 299 2619 351 2650; x_wconf 82' lang='lat' dir='ltr'><em>De</em></span> <span class='ocrx_word' id='word_1_299' title='bbox 381 2619 457 2651; x_wconf 85' lang='lat' dir='ltr'>fals.</span> <span class='ocrx_word' id='word_1_300' title='bbox 480 2620 584 2663; x_wconf 83' lang='lat' dir='ltr'>legat.</span> <span class='ocrx_word' id='word_1_301' title='bbox 608 2631 641 2662; x_wconf 92' lang='lat' dir='ltr'><em>p.</em></span> <span class='ocrx_word' id='word_1_302' title='bbox 664 2620 741 2654; x_wconf 88' lang='grc'><strong>212.</strong></span> 
     </span>
     <span class='ocr_line' id='line_1_44' title="bbox 101 2663 741 2708; baseline 0.006 -14"><span class='ocrx_word' id='word_1_303' title='bbox 101 2663 189 2694; x_wconf 87' lang='lat' dir='ltr'><strong>illud</strong></span> <span class='ocrx_word' id='word_1_304' title='bbox 204 2664 504 2706; x_wconf 84' lang='lat' dir='ltr'><strong>grammaticorum</strong></span> <span class='ocrx_word' id='word_1_305' title='bbox 523 2670 741 2708; x_wconf 79' lang='lat' dir='ltr'><strong>praeceptum</strong></span> 
     </span>
     <span class='ocr_line' id='line_1_45' title="bbox 104 2708 742 2752; baseline 0.006 -13"><span class='ocrx_word' id='word_1_306' title='bbox 104 2708 201 2740; x_wconf 89' lang='lat' dir='ltr'><strong>nullo</strong></span> <span class='ocrx_word' id='word_1_307' title='bbox 232 2708 452 2741; x_wconf 83' lang='lat' dir='ltr'><strong>fundamento</strong></span> <span class='ocrx_word' id='word_1_308' title='bbox 476 2710 558 2751; x_wconf 82' lang='lat' dir='ltr'><strong>niti,</strong></span> <span class='ocrx_word' id='word_1_309' title='bbox 591 2711 742 2752; x_wconf 83' lang='lat' dir='ltr'><strong>quando-</strong></span> 
     </span>
    </p>
   </div>
   <div class='ocr_carea' id='block_1_12' title="bbox 104 2753 742 2853">
    <p class='ocr_par' dir='ltr' id='par_1_15' title="bbox 104 2753 742 2853">
     <span class='ocr_line' id='line_1_46' title="bbox 104 2753 742 2795; baseline 0.005 -10"><span class='ocrx_word' id='word_1_310' title='bbox 104 2753 240 2795; x_wconf 87' lang='lat' dir='ltr'><strong>quidem</strong></span> <span class='ocrx_word' id='word_1_311' title='bbox 277 2753 330 2786; x_wconf 87' lang='lat' dir='ltr'><em>illi</em></span> <span class='ocrx_word' id='word_1_312' title='bbox 369 2754 526 2787; x_wconf 83' lang='lat' dir='ltr'><strong>codicum</strong></span> <span class='ocrx_word' id='word_1_313' title='bbox 559 2757 742 2789; x_wconf 83' lang='lat' dir='ltr'><strong>auctoritas</strong></span> 
     </span>
     <span class='ocr_line' id='line_1_47' title="bbox 137 2820 566 2853; baseline 0.009 -9"><span class='ocrx_word' id='word_1_314' title='bbox 137 2820 206 2846; x_wconf 75' lang='lat' dir='ltr'>Plat.</span> <span class='ocrx_word' id='word_1_315' title='bbox 226 2820 297 2853; x_wconf 85' lang='lat' dir='ltr'>opp.</span> <span class='ocrx_word' id='word_1_316' title='bbox 317 2822 379 2847; x_wconf 86' lang='lat' dir='ltr'>Vol.</span> <span class='ocrx_word' id='word_1_317' title='bbox 398 2823 434 2848; x_wconf 86' lang='lat'>11.</span> <span class='ocrx_word' id='word_1_318' title='bbox 454 2822 526 2848; x_wconf 79' lang='lat' dir='ltr'>Sect.</span> <span class='ocrx_word' id='word_1_319' title='bbox 546 2824 566 2848; x_wconf 91' lang='grc' dir='ltr'><em>Ι.</em></span> 
     </span>
    </p>
   </div>
   <div class='ocr_carea' id='block_1_13' title="bbox 803 1852 1448 2799">
    <p class='ocr_par' dir='ltr' id='par_1_16' title="bbox 803 1852 1448 2799">
     <span class='ocr_line' id='line_1_48' title="bbox 805 1852 1441 1892; baseline 0.005 -9"><span class='ocrx_word' id='word_1_320' title='bbox 805 1857 875 1883; x_wconf 86' lang='lat' dir='ltr'><strong>tum</strong></span> <span class='ocrx_word' id='word_1_321' title='bbox 899 1852 964 1884; x_wconf 83' lang='lat' dir='ltr'><em>hoc</em></span> <span class='ocrx_word' id='word_1_322' title='bbox 986 1852 1073 1892; x_wconf 82' lang='lat' dir='ltr'><strong>loco,</strong></span> <span class='ocrx_word' id='word_1_323' title='bbox 1098 1857 1169 1884; x_wconf 78' lang='lat' dir='ltr'><strong>tum</strong></span> <span class='ocrx_word' id='word_1_324' title='bbox 1193 1852 1277 1885; x_wconf 85' lang='lat' dir='ltr'><strong>alibi</strong></span> <span class='ocrx_word' id='word_1_325' title='bbox 1300 1854 1441 1886; x_wconf 84' lang='lat' dir='ltr'><strong>mirifice</strong></span> 
     </span>
     <span class='ocr_line' id='line_1_49' title="bbox 804 1897 1443 1931; baseline 0.003 -2"><span class='ocrx_word' id='word_1_326' title='bbox 804 1897 1012 1930; x_wconf 82' lang='lat' dir='ltr'><strong>adversatur.</strong></span> <span class='ocrx_word' id='word_1_327' title='bbox 1066 1899 1180 1930; x_wconf 82' lang='lat' dir='ltr'><strong>Etiam</strong></span> <span class='ocrx_word' id='word_1_328' title='bbox 1218 1899 1258 1930; x_wconf 83' lang='lat' dir='ltr'><em>de</em></span> <span class='ocrx_word' id='word_1_329' title='bbox 1297 1904 1443 1931; x_wconf 78' lang='lat' dir='ltr'><strong>accentu</strong></span> 
     </span>
     <span class='ocr_line' id='line_1_50' title="bbox 803 1943 1442 1987; baseline 0.006 -14"><span class='ocrx_word' id='word_1_330' title='bbox 803 1943 923 1974; x_wconf 86' lang='lat' dir='ltr'><strong>horum</strong></span> <span class='ocrx_word' id='word_1_331' title='bbox 955 1944 1131 1975; x_wconf 86' lang='lat' dir='ltr'>nominum</span> <span class='ocrx_word' id='word_1_332' title='bbox 1163 1955 1288 1987; x_wconf 81' lang='lat' dir='ltr'><strong>magna</strong></span> <span class='ocrx_word' id='word_1_333' title='bbox 1319 1949 1371 1977; x_wconf 81' lang='lat' dir='ltr'><em>est</em></span> <span class='ocrx_word' id='word_1_334' title='bbox 1393 1946 1442 1977; x_wconf 87' lang='lat' dir='ltr'><strong>iu-</strong></span> 
     </span>
     <span class='ocr_line' id='line_1_51' title="bbox 805 1988 1443 2031; baseline 0.005 -12"><span class='ocrx_word' id='word_1_335' title='bbox 805 1988 971 2020; x_wconf 83' lang='lat' dir='ltr'><strong>diciorum</strong></span> <span class='ocrx_word' id='word_1_336' title='bbox 1006 1988 1244 2031; x_wconf 80' lang='lat' dir='ltr'>discrepantia.</span> <span class='ocrx_word' id='word_1_337' title='bbox 1290 1991 1443 2022; x_wconf 85' lang='lat' dir='ltr'><strong>Fuerunt</strong></span> 
     </span>
     <span class='ocr_line' id='line_1_52' title="bbox 805 2034 1443 2078; baseline 0.005 -14"><span class='ocrx_word' id='word_1_338' title='bbox 805 2034 896 2065; x_wconf 80' lang='lat' dir='ltr'><strong>enim</strong></span> <span class='ocrx_word' id='word_1_339' title='bbox 928 2035 984 2076; x_wconf 92' lang='lat' dir='ltr'><strong>qui</strong></span> <span class='ocrx_word' id='word_1_340' title='bbox 1009 2045 1086 2066; x_wconf 84' lang='lat' dir='ltr'><strong>eum</strong></span> <span class='ocrx_word' id='word_1_341' title='bbox 1110 2046 1170 2077; x_wconf 89' lang='lat' dir='ltr'>pro</span> <span class='ocrx_word' id='word_1_342' title='bbox 1194 2036 1443 2078; x_wconf 75' lang='lat' dir='ltr'><strong>significatione</strong></span> 
     </span>
     <span class='ocr_line' id='line_1_53' title="bbox 806 2079 1442 2113; baseline 0.003 -3"><span class='ocrx_word' id='word_1_343' title='bbox 806 2079 978 2111; x_wconf 79' lang='lat' dir='ltr'><strong>diversum</strong></span> <span class='ocrx_word' id='word_1_344' title='bbox 1010 2090 1082 2111; x_wconf 83' lang='lat' dir='ltr'><strong>esse</strong></span> <span class='ocrx_word' id='word_1_345' title='bbox 1115 2085 1312 2113; x_wconf 76' lang='lat' dir='ltr'><strong>statuerent.</strong></span> <span class='ocrx_word' id='word_1_346' title='bbox 1358 2082 1442 2112; x_wconf 86' lang='lat' dir='ltr'><em>Am-</em></span> 
     </span>
     <span class='ocr_line' id='line_1_54' title="bbox 806 2124 1442 2168; baseline 0.003 -13"><span class='ocrx_word' id='word_1_347' title='bbox 806 2125 974 2156; x_wconf 89' lang='lat' dir='ltr'><strong>monius</strong></span> <span class='ocrx_word' id='word_1_348' title='bbox 1000 2135 1031 2166; x_wconf 93' lang='lat' dir='ltr'><em>p.</em></span> <span class='ocrx_word' id='word_1_349' title='bbox 1057 2124 1138 2158; x_wconf 85' lang='lat'>136:</span> <span class='ocrx_word' id='word_1_350' title='bbox 1173 2127 1224 2167; x_wconf 86' lang='grc' dir='ltr'><em>Τρ</em></span> <span class='ocrx_word' id='word_1_351' title='bbox 1243 2128 1355 2159; x_wconf 66' lang='lat' dir='ltr'><em>[stes-</em></span> <span class='ocrx_word' id='word_1_352' title='bbox 1380 2127 1442 2168; x_wconf 82' lang='grc' dir='ltr'><em>βα-</em></span> 
     </span>
     <span class='ocr_line' id='line_1_55' title="bbox 809 2168 1442 2211; baseline 0.005 -11"><span class='ocrx_word' id='word_1_353' title='bbox 809 2168 961 2209; x_wconf 56' lang='grc' dir='ltr'><em>ρυτόι’ω,»Ἰ</em></span> <span class='ocrx_word' id='word_1_354' title='bbox 993 2170 1047 2201; x_wconf 85' lang='grc' dir='ltr'><em>καὶ</em></span> <span class='ocrx_word' id='word_1_355' title='bbox 1075 2171 1242 2210; x_wconf 76' lang='grc' dir='ltr'><em>τριετὲς</em></span> <span class='ocrx_word' id='word_1_356' title='bbox 1268 2169 1442 2211; x_wconf 66' lang='grc' dir='ltr'><em>ὀξυτόνως</em></span> 
     </span>
     <span class='ocr_line' id='line_1_56' title="bbox 809 2214 1444 2257; baseline 0.006 -12"><span class='ocrx_word' id='word_1_357' title='bbox 809 2214 979 2255; x_wconf 54' lang='grc' dir='ltr'><em>διαφέρει,</em></span> <span class='ocrx_word' id='word_1_358' title='bbox 1039 2216 1124 2257; x_wconf 78' lang='grc' dir='ltr'><em>φησὶ</em></span> <span class='ocrx_word' id='word_1_359' title='bbox 1176 2216 1382 2255; x_wconf 73' lang='grc' dir='ltr'><em>Πτολεμαῖος</em></span> <span class='ocrx_word' id='word_1_360' title='bbox 1426 2215 1444 2248; x_wconf 86' lang='grc' dir='ltr'>ὁ</span> 
     </span>
     <span class='ocr_line' id='line_1_57' title="bbox 807 2257 1442 2304; baseline 0.005 -14.08"><span class='ocrx_word' id='word_1_361' title='bbox 807 2257 1012 2291; x_wconf 50' lang='lat' dir='ltr'><em>’Aonahfflzt</em></span> <span class='ocrx_word' id='word_1_362' title='bbox 1000 2272 1063 2302; x_wconf 67' lang='lat' dir='ltr'>mys.</span> <span class='ocrx_word' id='word_1_363' title='bbox 1097 2258 1159 2292; x_wconf 76' lang='grc' dir='ltr'><em>ἑὰ]</em></span> <span class='ocrx_word' id='word_1_364' title='bbox 1190 2261 1256 2300; x_wconf 81' lang='grc' dir='ltr'><em>μὲι</em></span> <span class='ocrx_word' id='word_1_365' title='bbox 1287 2259 1351 2304; x_wconf 83' lang='grc' dir='ltr'><em>γὰρ</em></span> <span class='ocrx_word' id='word_1_366' title='bbox 1381 2263 1442 2304; x_wconf 80' lang='grc' dir='ltr'><em>βα-</em></span> 
     </span>
     <span class='ocr_line' id='line_1_58' title="bbox 811 2302 1443 2348; baseline 0.008 -15"><span class='ocrx_word' id='word_1_367' title='bbox 811 2302 1069 2346; x_wconf 77' lang='grc' dir='ltr'><em>ρυτοιήσωμει,</em></span> <span class='ocrx_word' id='word_1_368' title='bbox 1102 2306 1193 2337; x_wconf 80' lang='grc' dir='ltr'><em>ἔσται</em></span> <span class='ocrx_word' id='word_1_369' title='bbox 1218 2305 1272 2338; x_wconf 80' lang='grc' dir='ltr'><em>ἐπὶ</em></span> <span class='ocrx_word' id='word_1_370' title='bbox 1298 2306 1443 2348; x_wconf 70' lang='grc' dir='ltr'><em>χρότοι·</em></span> 
     </span>
     <span class='ocr_line' id='line_1_59' title="bbox 809 2347 1443 2394; baseline 0.006 -14"><span class='ocrx_word' id='word_1_371' title='bbox 809 2347 871 2381; x_wconf 76' lang='grc' dir='ltr'><em>ἑὰ]</em></span> <span class='ocrx_word' id='word_1_372' title='bbox 896 2349 935 2381; x_wconf 83' lang='grc' dir='ltr'><em>δὲ</em></span> <span class='ocrx_word' id='word_1_373' title='bbox 957 2347 1241 2394; x_wconf 75' lang='grc' dir='ltr'><em>ὀξυτοιήσωμεν</em></span> <span class='ocrx_word' id='word_1_374' title='bbox 1273 2352 1363 2384; x_wconf 81' lang='grc' dir='ltr'><em>ἔσται</em></span> <span class='ocrx_word' id='word_1_375' title='bbox 1388 2352 1443 2384; x_wconf 79' lang='grc' dir='ltr'><em>ἐπὶ</em></span> 
     </span>
     <span class='ocr_line' id='line_1_60' title="bbox 809 2391 1444 2483; baseline 0.008 -58"><span class='ocrx_word' id='word_1_376' title='bbox 809 2391 944 2437; x_wconf 42' lang='grc' dir='ltr'><em>ἠλικίςα</em></span> <span class='ocrx_word' id='word_1_377' title='bbox 1015 2396 1071 2483; x_wconf 78' lang='lat' dir='ltr'><em>Spie</em></span> <span class='ocrx_word' id='word_1_378' title='bbox 1125 2397 1227 2429; x_wconf 81' lang='lat' dir='ltr'><strong>etiam</strong></span> <span class='ocrx_word' id='word_1_379' title='bbox 1281 2398 1444 2430; x_wconf 84' lang='lat' dir='ltr'><strong>Pollux</strong></span> 
     </span>
     <span class='ocr_line' id='line_1_61' title="bbox 810 2439 1444 2475; baseline 0.005 -3"><span class='ocrx_word' id='word_1_380' title='bbox 810 2441 931 2472; x_wconf 84' lang='grc'><strong>0110111.</strong></span> <span class='ocrx_word' id='word_1_381' title='bbox 970 2441 995 2472; x_wconf 95' lang='grc' dir='ltr'><em>Ι.</em></span> <span class='ocrx_word' id='word_1_382' title='bbox 1052 2439 1143 2474; x_wconf 88' lang='grc'><strong>..36</strong></span> <span class='ocrx_word' id='word_1_383' title='bbox 1192 2443 1280 2475; x_wconf 87' lang='lat' dir='ltr'>conf.</span> <span class='ocrx_word' id='word_1_384' title='bbox 1321 2444 1444 2475; x_wconf 80' lang='lat' dir='ltr'><strong>Butt-</strong></span> 
     </span>
     <span class='ocr_line' id='line_1_62' title="bbox 810 2451 1444 2530; baseline 0.008 -14"><span class='ocrx_word' id='word_1_385' title='bbox 810 2496 945 2517; x_wconf 84' lang='lat' dir='ltr'>mann.</span> <span class='ocrx_word' id='word_1_386' title='bbox 978 2451 1048 2517; x_wconf 67' lang='lat' dir='ltr'>an</span> <span class='ocrx_word' id='word_1_387' title='bbox 1067 2486 1111 2518; x_wconf 93' lang='lat' dir='ltr'><em>II.</em></span> <span class='ocrx_word' id='word_1_388' title='bbox 1147 2488 1178 2526; x_wconf 62' lang='grc' dir='ltr'><em>ἕ.</em></span> <span class='ocrx_word' id='word_1_389' title='bbox 1204 2486 1278 2520; x_wconf 90' lang='grc'><strong>121.</strong></span> <span class='ocrx_word' id='word_1_390' title='bbox 1325 2489 1444 2530; x_wconf 84' lang='lat' dir='ltr'><strong>Itaque</strong></span> 
     </span>
     <span class='ocr_line' id='line_1_63' title="bbox 811 2530 1446 2576; baseline 0.006 -14"><span class='ocrx_word' id='word_1_391' title='bbox 811 2532 912 2562; x_wconf 78' lang='lat' dir='ltr'><strong>etiam</strong></span> <span class='ocrx_word' id='word_1_392' title='bbox 945 2530 1010 2563; x_wconf 84' lang='lat' dir='ltr'><em>hoe</em></span> <span class='ocrx_word' id='word_1_393' title='bbox 1043 2531 1117 2564; x_wconf 79' lang='lat' dir='ltr'><strong>loeo</strong></span> <span class='ocrx_word' id='word_1_394' title='bbox 1142 2531 1284 2576; x_wconf 81' lang='grc' dir='ltr'><em>ἑπταετῆ</em></span> <span class='ocrx_word' id='word_1_395' title='bbox 1309 2539 1446 2566; x_wconf 79' lang='lat' dir='ltr'><strong>servant</strong></span> 
     </span>
     <span class='ocr_line' id='line_1_64' title="bbox 810 2575 1446 2621; baseline 0.002 -13"><span class='ocrx_word' id='word_1_396' title='bbox 810 2575 943 2608; x_wconf 81' lang='lat' dir='ltr'><strong>codices</strong></span> <span class='ocrx_word' id='word_1_397' title='bbox 989 2576 1090 2618; x_wconf 87' lang='lat' dir='ltr'><strong>longe</strong></span> <span class='ocrx_word' id='word_1_398' title='bbox 1135 2578 1290 2619; x_wconf 87' lang='lat' dir='ltr'><strong>plurimi,</strong></span> <span class='ocrx_word' id='word_1_399' title='bbox 1344 2579 1446 2621; x_wconf 85' lang='lat' dir='ltr'><strong>pauci</strong></span> 
     </span>
     <span class='ocr_line' id='line_1_65' title="bbox 811 2620 1447 2662; baseline 0.005 -10"><span class='ocrx_word' id='word_1_400' title='bbox 811 2620 951 2662; x_wconf 78' lang='grc' dir='ltr'><em>ἑπταέτη</em></span> <span class='ocrx_word' id='word_1_401' title='bbox 982 2622 1156 2654; x_wconf 80' lang='lat' dir='ltr'><strong>exhibent.</strong></span> <span class='ocrx_word' id='word_1_402' title='bbox 1204 2623 1285 2656; x_wconf 84' lang='lat' dir='ltr'><em>Alia</em></span> <span class='ocrx_word' id='word_1_403' title='bbox 1309 2624 1447 2656; x_wconf 80' lang='lat' dir='ltr'><strong>tradunt</strong></span> 
     </span>
     <span class='ocr_line' id='line_1_66' title="bbox 811 2666 1447 2709; baseline 0.006 -12"><span class='ocrx_word' id='word_1_404' title='bbox 811 2666 969 2698; x_wconf 84' lang='lat' dir='ltr'><strong>Aelius</strong></span> <span class='ocrx_word' id='word_1_405' title='bbox 1011 2667 1256 2709; x_wconf 83' lang='lat' dir='ltr'><strong>Dionysius</strong></span> <span class='ocrx_word' id='word_1_406' title='bbox 1301 2673 1335 2700; x_wconf 88' lang='lat' dir='ltr'><em>et</em></span> <span class='ocrx_word' id='word_1_407' title='bbox 1370 2670 1447 2701; x_wconf 84' lang='lat' dir='ltr'><em>He-</em></span> 
     </span>
     <span class='ocr_line' id='line_1_67' title="bbox 811 2711 1448 2754; baseline 0.005 -12"><span class='ocrx_word' id='word_1_408' title='bbox 811 2711 1025 2744; x_wconf 82' lang='lat' dir='ltr'><strong>rodianus</strong></span> <span class='ocrx_word' id='word_1_409' title='bbox 1047 2723 1099 2754; x_wconf 77' lang='lat' dir='ltr'><em>ap.</em></span> <span class='ocrx_word' id='word_1_410' title='bbox 1116 2713 1274 2745; x_wconf 76' lang='lat' dir='ltr'>Eustath.</span> <span class='ocrx_word' id='word_1_411' title='bbox 1291 2714 1333 2745; x_wconf 87' lang='lat' dir='ltr'><em>ad</em></span> <span class='ocrx_word' id='word_1_412' title='bbox 1350 2715 1448 2747; x_wconf 81' lang='lat' dir='ltr'><strong>Iliad.</strong></span> 
     </span>
     <span class='ocr_line' id='line_1_68' title="bbox 812 2755 1290 2799; baseline 0.004 -11"><span class='ocrx_word' id='word_1_413' title='bbox 812 2755 854 2798; x_wconf 84' lang='grc' dir='ltr'><em>β’.</em></span> <span class='ocrx_word' id='word_1_414' title='bbox 880 2767 911 2799; x_wconf 87' lang='lat' dir='ltr'><em>p.</em></span> <span class='ocrx_word' id='word_1_415' title='bbox 935 2755 1002 2790; x_wconf 86' lang='lat'><em>340</em></span> <span class='ocrx_word' id='word_1_416' title='bbox 1026 2768 1094 2799; x_wconf 86' lang='lat' dir='ltr'>seq.</span> <span class='ocrx_word' id='word_1_417' title='bbox 1120 2758 1169 2790; x_wconf 82' lang='lat' dir='ltr'><em>ed.</em></span> <span class='ocrx_word' id='word_1_418' title='bbox 1195 2760 1290 2790; x_wconf 85' lang='lat' dir='ltr'>Rom.</span> 
     </span>
    </p>
   </div>
   <div class='ocr_carea' id='block_1_14' title="bbox 1142 2824 1181 2856">
    <p class='ocr_par' dir='ltr' id='par_1_17' title="bbox 1142 2824 1181 2856">
     <span class='ocr_line' id='line_1_69' title="bbox 1142 2824 1181 2856; baseline 0 0"><span class='ocrx_word' id='word_1_419' title='bbox 1142 2824 1181 2856; x_wconf 91' lang='lat'><em>11</em></span> 
     </span>
    </p>
   </div>
  </div>
 </body>
</html>
