1687 2969
226 179 302 214 156
773 177 1031 214 PLATONIS

153 286 194 325 D
225 284 337 339 λόγῳ
367 281 579 341 ἐπιλαβοῦ
622 284 656 323 εἰ
694 284 775 336 γὰρ
814 283 895 337 ἐγὼ
933 283 979 324 ἐν
1008 285 1144 336 α’γορᾳ
1171 284 1395 337 πληθούσῃ
1424 283 1567 336 λαβὼν

221 348 303 389 ὑπὸ
343 351 476 400 μα’λης
518 347 762 401 ἐγχειρίδιον
802 349 962 402 λέγοιμι
1001 349 1108 400 πρὸς
1147 345 1210 397 σὲ,
1252 343 1315 387 ὅτι
1346 347 1396 388 ,Ω
1428 351 1565 397 Πώλε,

223 412 313 466 ἐμοὶ
353 414 532 466 δύναμίς
574 429 634 461 τις
672 414 740 454 καὶ
779 413 981 465 τυραννὶς
1016 413 1237 465 θαυμασία
1271 415 1364 464 ἄρτι
1393 411 1563 466 προςγέ-

221 492 368 532 γονεν·
416 477 490 518 ἐὰν
529 478 610 530 γὰρ
650 481 732 530 ἄρα
772 478 860 531 ἐμοὶ
905 478 1004 531 δόξῃ
1042 477 1136 518 τινὰ
1174 477 1354 518 τουτωνὶ
1382 480 1467 518 τῶν
1495 478 1565 518 άν-

221 544 411 594 θρώπων
435 535 496 583 ὧν
518 543 571 583 σὺ
595 543 696 595 ὁρᾷς
719 544 869 583 αὐτίκα
891 544 1000 595 μα’λα
1022 543 1111 583 δεῖν
1132 544 1350 590 τεθνάναι,
1378 543 1568 596 τεθνήξει

222 602 359 658 οὗτος,
392 606 443 649 ὃν
473 608 527 648 ἂν
555 609 678 661 δόξῃ·
720 611 801 649 κᾶν
830 623 923 648 τινα
952 607 1051 661 δόξῃ
1080 623 1153 660 μοι
1181 613 1254 660 τῆς
1282 610 1467 660 κεφαλῆς
1496 608 1567 648 αὐ-

221 675 306 713 τῶν
334 671 581 727 κατεαγέναι
611 674 721 722 δεῖν,
760 673 972 725 κατεαγὼς
1001 670 1115 713 ἔσται
1144 673 1294 713 αὐτίκα
1323 673 1446 725 μάλα,
1487 672 1568 714 κᾶν

221 738 448 790 θοίμάτιον
470 739 715 790 διεσχίσθαι,
747 735 1034 790 ὄιεσχισμένον
1060 735 1192 778 ἔσται·
1223 736 1333 777 οὕτω
1355 735 1461 790 μέγα
1485 735 1566 790 ἐγὼ

154 802 192 842 Ε
224 804 409 855 δύναμαι
449 802 494 843 ἐν
531 804 628 857 τῇὸε
662 811 711 856 τῇ
753 804 890 843 πόλει·
932 803 966 842 εἰ
1005 798 1085 843 οὗν
1114 802 1364 843 ἀπιστοὺντί
1392 812 1458 842 σοι
1487 803 1566 843 δεί-

221 868 332 919 ξαιμι
371 869 416 907 τὸ
456 866 724 921 ἐγχειρίδιον,
765 868 864 915 ἴσως
894 867 947 908 ἂν
977 867 1110 914 εἴποις
1138 866 1263 915 ἰδὼν,
1305 863 1370 907 ὅτι
1392 859 1446 907 ³52
1476 868 1567 908 Σώ-

220 947 387 985 κρατες,
429 932 540 973 οὕτω
576 933 653 986 μὲν
691 934 845 981 πάντες
887 932 941 972 ἂν
977 931 1082 985 μέγα
1113 932 1335 981 δύναιντο,
1375 931 1460 973 ἐπεὶ
1488 932 1569 973 κᾶν

221 997 483 1051 ἐμπρησθείη
525 999 635 1038 οἰκία
674 1000 812 1051 τούτῳ
847 1000 907 1054 τῷ
933 999 1077 1052 τρόπῳ
1106 994 1238 1052 ἥντιν’
1267 1000 1322 1037 ἄν
1350 1007 1417 1037 σοι
1445 998 1567 1051 δοκῇ,

222 1062 291 1102 καὶ
329 1064 379 1103 τά
418 1075 464 1116 γε
498 1059 740 1116 Ἀθηναίων
777 1064 932 1115 νεώρια
960 1062 1029 1104 καὶ
1056 1063 1237 1116 τριήρεις
1265 1062 1335 1103 καὶ
1363 1061 1412 1102 τὰ
1441 1066 1568 1103 πλοῖα

220 1130 358 1168 πάντα
393 1128 462 1168 καὶ
501 1128 551 1168 τὰ
592 1128 772 1181 δημόσια
808 1127 878 1169 καὶ
906 1128 956 1168 τὰ
986 1128 1084 1168 ἴδια.
1125 1124 1209 1168 ἀλλ’
1241 1128 1320 1168 οὐκ
1347 1130 1430 1179 ἄρα
1457 1123 1568 1169 τοῦτ’

291 1280 302 1298 ι
316 1270 341 1310 ῷ
366 1265 461 1309 λόγ
453 1279 477 1298 ω
504 1266 692 1308 ἑπιλαβο
705 1266 743 1321 fv]
762 1267 921 1299 Budaeus
937 1267 1165 1299 Commentar.
1184 1266 1286 1309 Ling.
1308 1266 1428 1299 Graec.
1447 1277 1479 1308 p.
1493 1265 1569 1299 290.

221 1318 252 1344 et
285 1313 470 1345 (ornarius
503 1313 589 1344 coni.
616 1316 681 1344 τῶι
706 1311 834 1355 λόγωιῃ
869 1312 1035 1354 probante
1059 1311 1276 1352 Heindorfio‚
1310 1312 1369 1344 sed
1397 1323 1427 1343 v.
1455 1316 1570 1343 annot.

221 1359 295 1390 Par.
322 1359 363 1389 V.
390 1370 448 1389 τοι
473 1356 576 1400 λόγοι
603 1369 704 1404 supra
730 1368 876 1389 versum.

288 1404 329 1434 D.
382 1404 486 1434 1331
479 1402 587 1444 ήξει
621 1405 668 1434 oi
682 1403 769 1445 zoe]
815 1403 872 1434 Sic
908 1412 986 1433 cum
1019 1401 1134 1433 Clark.
1168 1407 1201 1433 et
1232 1402 1309 1433 Vat.
1343 1401 1437 1433 codd.
1470 1402 1570 1444 pleri-

221 1459 285 1489 que
311 1459 439 1479 omnes
486 1449 578 1480 V.ett
604 1448 695 1480 editt.
722 1446 932 1490 τεθιήξεται.
957 1457 988 1478 ν.
1012 1447 1157 1489 interpp.
1183 1447 1335 1479 Thomae
1359 1447 1452 1489 Mag.
1476 1447 1512 1478 in
1537 1458 1570 1479 v.

223 1492 430 1535 τεθνήξεται.

290 1541 359 1580 τῆς
385 1550 428 1570 κε
441 1539 576 1580 (pai-523
601 1550 620 1569 α
633 1535 649 1569 ὖ
662 1541 711 1570 τοῦ
724 1537 752 1580 τ’]
779 1538 855 1569 Par.
872 1538 910 1569 E.
927 1548 992 1569 rec.
1011 1535 1071 1579 τὴν
1087 1534 1251 1578 κεφαλήν.
1276 1537 1342 1568 Pro
1360 1536 1569 1579 κατεαγέναι,

223 1666 345 1707 δόξῃ,
387 1667 447 1697 int.
482 1664 649 1697 τεθνάναι
676 1666 761 1697 δεῖν.
809 1667 861 1696 De
931 1676 963 1697 v.
995 1663 1089 1705 597„
1136 1665 1195 1706 qui
1239 1666 1387 1696 activam
1426 1665 1569 1697 formam

222 1713 335 1743 futuro
362 1709 540 1753 τεθνήξει,
575 1711 663 1751 quod
688 1712 722 1742 in
747 1710 860 1742 locum

222 1758 351 1789 formae
389 1757 499 1798 magis
539 1756 771 1797 frequentatae
811 1767 859 1786 τε-

225 1800 385 1844 θνήξεται
401 1801 651 1839 substituimus,
668 1812 699 1832 v.
712 1801 860 1833 Matth.

224 1847 282 1878 Gr.
315 1847 415 1888 ampl.
449 1847 489 1877 T.
514 1847 539 1879 I.
573 1857 605 1887 p.
629 1845 705 1878 465.
738 1851 771 1877 et
803 1846 860 1886 qui

222 1892 270 1924 ibi
289 1892 482 1923 laudantur.
518 1892 557 1922 In
573 1891 646 1923 eod.
671 1892 779 1922 Paris.
805 1890 861 1921 ad-

223 1938 404 1978 scriptum:
439 1934 662 1978 ἐνεργητικὸι·
695 1933 771 1967 ἀντὶ
798 1947 859 1966 πα-

224 1984 368 2023 θητικοῦ
395 1980 653 2022 τεθνήξεται
678 1992 860 2020 καινοπρε-

225 2030 295 2060 rufis
321 2025 544 2068 παρελήφθη.
575 2026 860 2057 Thierschius

225 2073 374 2103 Gramm.
395 2082 426 2113 p.
443 2070 518 2103 513.
542 2071 592 2102 ed.
616 2071 675 2102 III.
702 2068 861 2112 τεθνήξει

223 2117 329 2148 futuri
359 2116 477 2158 primi,
518 2114 717 2158 τεθνήξεται
748 2123 860 2147 autem

223 2163 328 2193 futuri
364 2162 455 2193 tertii
486 2162 555 2192 vim
588 2166 620 2192 et
645 2161 861 2203 significatio-

224 2217 300 2238 nem
338 2206 464 2238 habere
507 2206 699 2238 arbitratur.
761 2205 860 2245 Quod

223 2252 403 2283 discrimen
437 2252 465 2283 si
489 2262 606 2282 verum
632 2256 699 2289 est,
736 2248 859 2292 τεῦιή-

225 2298 314 2337 §.emt
346 2297 401 2328 vel
432 2302 569 2338 propter
598 2297 753 2338 proxima
784 2297 860 2335 ista,

224 2353 337 2384 κατεα)
339 2341 393 2375 ὡς
435 2342 526 2373 ἐσται
564 2347 596 2372 et
629 2341 862 2382 ὄιεσχισιιενοτ

224 2388 327 2423 ἐσται,
352 2386 565 2418 retinendum
590 2387 663 2417 erit.
702 2386 768 2417 Sed
792 2396 861 2416 non

222 2438 381 2473 putamus
412 2432 521 2462 virum
547 2432 720 2473 egregium
744 2441 862 2462 verum

222 2476 361 2516 vidisse,
386 2476 661 2517 quandoquidem
685 2477 787 2508 etiam
813 2487 862 2507 τε-

228 2520 348 2564 θνήξει
395 2532 435 2552 ea.
478 2521 727 2562 significatione
767 2531 861 2552 usur-

225 2571 341 2608 patur,
373 2571 411 2597 ut
443 2566 503 2597 sit:
543 2572 735 2598 mortuus
766 2566 862 2605 erit,

225 2612 258 2643 h.
289 2623 316 2643 e.
355 2611 506 2642 statim
544 2611 863 2643 interficietur.

225 2668 257 2687 v.
289 2657 455 2688 Dawes.
490 2656 636 2687 Miscell.
670 2667 702 2697 p.
735 2654 787 2688 96.
832 2660 866 2687 et

226 2702 316 2734 Elm
329 2701 424 2733 slei.
449 2700 492 2733 ad
518 2701 691 2742 Aristoph.
715 2701 863 2732 Achai-n.

930 1710 1039 1742 veteri
1063 1710 1210 1742 dialecto
1234 1710 1369 1742 Atticae
1393 1710 1569 1742 vindicare

931 1755 1072 1787 studuit.
1098 1755 1295 1787 Formulam
1311 1754 1571 1797 κατεαγέναι

932 1804 1000 1842 τῆς
1020 1802 1207 1842 κεφαλῆς
1224 1800 1410 1832 illustravit
1423 1800 1567 1832 Matth.

931 1849 961 1884 ς’.
986 1844 1061 1878 338.
1088 1850 1203 1877 annot.
1250 1846 1302 1876 De
1333 1846 1441 1877 forma
1473 1844 1570 1877 verbi

929 1901 960 1921 v.
1003 1890 1145 1922 eundem
1188 1891 1374 1922 Grammat.
1415 1890 1570 1932 amplior.

930 1937 970 1967 T.
993 1936 1019 1967 I.
1050 1945 1082 1976 p.
1106 1933 1184 1967 429.
1228 1935 1342 1977 Vulgo
1375 1936 1466 1966 enim
1497 1946 1570 1977 per-

929 1991 1043 2022 peram
1068 1983 1281 2022 κατεαγῆναι.

974 2025 1014 2057 Ε.
1052 2025 1120 2057 καὶ
1148 2023 1360 2067 τριήρεις]
1387 2024 1569 2057 Desideres

931 2070 1114 2102 articulum
1139 2070 1283 2111 ideoque
1315 2080 1393 2101 cum
1418 2069 1569 2101 Sohae-

929 2117 1020 2147 fero
1053 2115 1094 2146 ad
1127 2114 1287 2156 Apollon.
1319 2114 1426 2148 Rhod.
1459 2115 1500 2146 T.
1525 2115 1569 2147 II.

928 2172 960 2202 p.
986 2159 1061 2193 164.
1086 2159 1304 2192 scribendum
1331 2164 1428 2201 putes
1454 2161 1507 2190 καὶ
1534 2160 1572 2191 αἱ

930 2204 1086 2247 τριήρεις.
1112 2204 1254 2237 Addidit
1268 2204 1450 2236 articulum
1467 2205 1568 2236 etiam

930 2252 1102 2282 Coraes.
1151 2250 1332 2281 Defectum
1356 2253 1469 2280 tamen
1494 2251 1567 2282 eius

929 2306 1095 2327 excusare
1146 2299 1287 2326 conatus
1340 2299 1391 2326 est
1437 2295 1569 2326 Bern-

930 2340 1068 2392 hardy
1102 2340 1292 2381 syntaxeos
1324 2349 1354 2380 p.
1386 2338 1462 2371 318.
1510 2340 1568 2371 Ni-

930 2386 1053 2417 milam
1072 2382 1107 2416 τὰ
1128 2383 1254 2424 muium
1272 2388 1304 2415 et
1328 2382 1476 2426 τριήοεις
1500 2395 1568 2416 non

931 2435 967 2461 ut
985 2430 1041 2461 div
1045 2441 1119 2461 ersa
1135 2429 1383 2467 discernuntur,
1409 2429 1467 2460 sed
1485 2433 1570 2461 tam-

932 2486 1032 2517 quam
1049 2485 1153 2506 unum
1175 2474 1334 2516 quiddam
1360 2479 1568 2515 spectantur,

932 2521 1013 2562 quia
1058 2520 1093 2551 in
1132 2519 1316 2551 navalibus
1354 2519 1567 2551 Athenarum

932 2570 1021 2597 stare
1052 2565 1204 2596 triremes
1237 2563 1404 2596 solebant.
1467 2564 1568 2596 Xen.

932 2610 1024 2642 Hell.
1048 2610 1105 2649 IV,
1131 2608 1162 2649 4,
1188 2608 1246 2641 19:
1275 2607 1332 2641 τὰς
1356 2607 1506 2651 τριήρεις
1531 2608 1568 2641 ἐκ

934 2659 1001 2687 τῶν
1024 2657 1183 2694 νεωρίων
1202 2651 1455 2694 ἐξελκύσαντες.
1484 2653 1568 2685 Inde

933 2701 1032 2732 Plato
1057 2699 1163 2731 Critia
1189 2698 1263 2733 117.
1288 2700 1338 2731 D:
1382 2696 1419 2730 τὰ
1444 2698 1569 2739 νεώρια
