1687 2969
363 150 780 213 *PHAEDRUS
815 151 863 191 P.
897 153 974 192 Μ
1007 153 1070 193 st.
1384 152 1406 191 5

155 269 261 312 ΣΩ.
335 272 411 320 Τίς
443 263 524 313 οὖν
559 266 612 321 δὴ
650 261 704 320 ἦν
744 265 768 320 ἡ
805 268 1039 323 δι(ιτριρί]’,·
1077 268 1100 321 ἢ
1138 271 1296 322 δῆλον,
1334 267 1402 311 ὅτι

47 338 134 380 τῶν
169 334 313 391 λόγων
348 336 465 393 ὑμᾶς
498 338 671 385 Λυσίας
704 337 866 385 εἱστία,-

46 401 48 406 ’
148 404 281 447 (ΡΑΙ.
351 401 525 456 Πεύσει,
563 403 601 447 εἴ
633 416 704 445 σοι
739 399 870 457 σχολὴ
906 401 1108 457 προϊόντι
1144 401 1337 446 ἀκούειν.

149 470 256 514 ΣΩ.

331 474 384 514 Τι’
418 473 514 524 δαί,-
549 469 629 514 οὐκ
665 467 724 512 ἂν
759 468 840 512 οἴει
862 486 911 511 με
937 467 1050 511 κατὰ
1074 471 1310 528 ,Πίνδαρον
1334 471 1407 513 καὶ

46 584 92 614 At
108 591 189 614 vero
208 584 393 622 utrumque
413 580 444 612 vi
464 584 498 613 et
522 584 695 621 potestate
721 589 782 611 sua
808 577 955 610 nonnihil
983 577 1104 612 differt.
1154 578 1293 611 Plenior
1317 578 1406 610 enim

47 627 157 659 forma
182 631 287 668 atque
312 627 486 658 sonantior
502 630 702 667 usurpatur,
729 624 868 666 quando
889 634 964 656 cum
983 625 1109 656 affectu
1128 624 1276 666 quodam
1293 624 1408 663 animi,

46 672 302 712 admirationis,
327 672 476 712 doloris,
501 671 761 713 indignationis,
796 670 934 711 gaudii,
973 671 1220 712 interrogatum
1254 669 1287 702 id
1313 669 1406 712 quod

47 720 147 761 plane
180 718 211 750 in
250 717 334 750 huuc
366 719 478 750 locum
504 717 672 750 convenit.
710 727 740 749 v.
765 717 862 749 Reiz.
890 719 925 748 et
954 716 1138 748 Hermann.
1166 716 1209 749 ad
1235 716 1348 755 Viger.
1375 725 1406 749 n.

44 764 123 800 340.
155 763 348 797 Buttmann.
374 763 449 798 Ind.
475 763 518 796 ad
541 763 585 797 11.
615 763 699 797 Dall.
732 763 763 795 in
789 772 863 796 voc.
900 762 980 803 Aul,
1008 767 1042 794 et
1066 767 1183 795 nostra
1208 761 1250 795 ad
1276 760 1408 803 Euthy—

45 810 163 854 pliron.
190 820 222 852 p.
248 810 283 844 4.
311 813 349 843 A.

45 877 139 920 ὐμᾶς
170 877 306 913 Λυσίας
337 876 540 916 εἱστίαςί·
591 876 695 909 Vide-

46 928 102 956 tur
125 924 248 966 quippe
273 933 328 956 res
357 923 618 955 commemorari
645 923 694 954 in·

47 969 160 1012 primis
186 969 286 1002 etiam
321 968 419 1009 ideo,
458 969 535 1010 quia
570 969 696 1009 Lysiae

49 1015 181 1055 oratio,
206 1024 308 1056 quam
335 1025 415 1047 mox
441 1014 562 1047 recitat
584 1014 693 1046 Phae-

51 1061 148 1098 drus,
181 1070 221 1093 ea
255 1064 328 1101 est,
360 1071 447 1102 quae
476 1060 697 1104 generosiore

50 1106 170 1149 spiritu
211 1106 309 1148 plane
347 1110 442 1138 caret
480 1110 583 1147 atque
624 1110 697 1138 tota

51 1156 206 1185 versatur
231 1152 262 1183 in
292 1152 439 1192 vulgaris
471 1156 505 1184 et
543 1151 698 1183 humilio-

51 1199 98 1230 ris
138 1197 265 1230 amoris
306 1197 495 1230 rationibus
535 1197 697 1229 rimandis

51 1247 154 1285 atque
169 1243 412 1275 examinandis.
461 1242 626 1275 Nimirum
644 1248 695 1274 ta-

52 1290 91 1322 lis
121 1288 230 1321 oratio
262 1298 344 1321 saue
377 1288 476 1330 digna
501 1288 580 1327 fuit,
612 1299 698 1330 quae

52 1335 94 1367 ab
120 1334 283 1376 Epicrate
308 1334 449 1376 eiusque
474 1334 698 1367 familiaribus

50 1381 84 1414 in
98 1380 201 1413 domo
215 1379 388 1422 Morychia
407 1380 591 1415 audiretur.
607 1380 696 1414 conl‘.

52 1437 84 1470 p.
98 1425 175 1460 243.
187 1426 224 1459 C.
236 1430 323 1460 extr.

98 1495 139 1526 ἐν
163 1494 264 1536 τῇδε
288 1494 348 1537 ——J
375 1494 547 1537 Loquitur
573 1495 696 1526 δεικτι-

53 1544 128 1577 κῶς.
176 1540 365 1582 Finguutur
411 1542 498 1573 enim
546 1540 695 1572 noudum

50 1587 136 1619 urbe
187 1586 336 1628 egressi,
385 1592 422 1619 ut
475 1591 568 1619 recte
616 1586 698 1618 vidit

52 1632 84 1664 H
109 1632 153 1664 ei
174 1642 194 1663 n
212 1631 232 1663 d
256 1642 276 1664 0
293 1642 310 1663 r
326 1631 358 1664 fi
376 1643 396 1664 u
413 1643 440 1666 S.
467 1632 646 1674 Ολιῖμπιον
667 1643 694 1662 s.

45 1677 264 1715 Ὀλυμπίειον
279 1676 339 1709 fuit
351 1678 439 1710 lovis
449 1678 592 1719 Olympii
607 1682 696 1710 tem-

51 1725 166 1766 plum,
201 1722 245 1755 de
275 1733 343 1764 quo
373 1724 510 1756 laudant
536 1724 694 1757 Meurs.

53 1769 171 1802 Athen,
186 1772 254 1802 Atr.
270 1769 310 1802 ΙΙ.
327 1769 375 1804 10.
398 1769 588 1812 Poppon.
608 1769 696 1802 Pro-

51 1817 140 1857 legg.
151 1813 195 1847 ad
205 1813 358 1859 Thu‘cyd.
373 1815 444 1848 P.l.
466 1816 538 1849 Vol.
556 1816 596 1848 ll.
618 1826 695 1858 pag.

49 1860 131 1896 464.
181 1860 232 1893 De
255 1871 449 1894 sermonum
468 1861 574 1904 epulis
599 1872 629 1894 v.
654 1860 697 1893 ad

0 1913 1 1919 ¹
51 1906 153 1949 Reip.
177 1905 329 1948 1.p.354.
348 1907 590 1950 A.1X.p.571.
607 1906 647 1939 E.
663 1911 698 1939 et

51 1962 138 1994 quos
172 1952 218 1984 ibi
255 1952 481 1986 laudavimus.
520 1973 563 1976 —
616 1956 696 1985 τῶν

0 2011 2 2046 3
54 1997 205 2040 λόγων,
239 1997 417 2038 videlicet,
452 1999 572 2040 qnibus
608 2000 697 2031 solet

0 2051 2 2099 l
39 2045 107 2080 *vel
131 2043 318 2078 consuevit.
377 2045 543 2078 Similiter
566 2045 697 2077 articu-

55 2090 122 2122 lum
167 2089 402 2131 explicandum
448 2101 628 2124 censemus
664 2090 697 2122 in

55 2135 285 2178 superioribus
319 2138 365 2168 A:
398 2140 566 2178 ποιοῦμαι
594 2135 700 2174 τούς

53 2179 284 2222 περιπάτους,
312 2180 342 2215 h.
367 2193 399 2215 e.
425 2182 697 2215 ambulatio-

0 2234 2 2291 ᾗ
56 2235 151 2264 nes,
174 2227 337 2268 quibus
362 2232 472 2261 utor.
494 2247 539 2252 —
583 2229 698 2260 ἑστι-

56 2273 106 2300 ᾶν
135 2275 218 2303 τῶν
248 2271 395 2315 λόγωὺ
430 2273 531 2306 τινά
569 2274 699 2306 dictum

0 2299 3 2346 i
58 2319 96 2347 nt
132 2315 271 2357 εὐωχεῖν
309 2332 386 2350 τινα
424 2323 547 2352 καινῶν
591 2320 699 2362 λόγων

57 2360 278 2404 Tlieophr.
299 2364 397 2397 Char.
409 2376 437 2399 c.
456 2366 488 2399 8.
538 2365 699 2398 Ceterum

59 2407 149 2440 conf.
161 2407 269 2450 Gorg.
286 2420 317 2451 p.
331 2410 409 2445 518.
428 2411 469 2445 Ε.
496 2410 532 2443 οἳ
552 2412 702 2447 τούτους

60 2451 270 2485 εἱστιάκασιν
305 2454 513 2497 εὐωχοῦντες
544 2451 591 2490 ὧίι
626 2459 702 2489 ἐπε-

60 2497 215 2540 odaeum

106 2565 186 2598 οὐκ
211 2564 260 2596 ἂν
285 2568 370 2598 οἴει
392 2582 441 2612 με
464 2570 573 2603 κατὰ
601 2571 702 2604 Πίν-

60 2612 79 2643 d
88 2624 110 2642 α
120 2624 138 2652 ρ
149 2623 167 2643 ο
179 2625 197 2642 ν
222 2615 290 2651 —l
326 2613 463 2649 Pindari
493 2618 599 2650 verba
624 2621 703 2649 sunt

59 2657 178 2692 lsthm.
194 2657 221 2692 Ι.
240 2658 285 2690 in.
302 2670 310 2692 t
331 2662 439 2704 μᾶτερ
458 2661 534 2705 ἓμιί,
552 2662 591 2695 τὸ
610 2662 702 2702 τεόν,

60 2702 236 2746 χρύσασπι
287 2703 390 2746 Θήβα
402 2730 412 2746 ,
458 2711 602 2750 πρᾶγμα
649 2708 706 2739 καὶ

62 2748 223 2792 ἀσχολίας
236 2748 254 2782 v‘
263 2752 423 2794 πίρτερον
432 2751 606 2797 θήσομαι.
615 2754 705 2787 Hinc

763 875 929 917 originem
967 875 1061 907 duxit
1100 876 1190 918 quod
1232 877 1335 917 vulgo
1375 875 1407 907 in

764 921 859 954 editt.
898 921 1134 954 circumfertur
1169 933 1188 954 a
1233 921 1407 964 Stephano

764 966 1015 1007 introductnm‚
1057 967 1095 999 τὸ
1136 966 1242 1008 ‘req-'v
1282 979 1318 999 τε
1351 967 1410 998 καὶ

764 1015 913 1046 Λυσίου.
959 1013 1061 1046 Quod
1082 1014 1159 1046 ferri
1185 1014 1277 1046 nullo
1305 1013 1409 1045 modo

764 1063 890 1102 potest.
953 1059 1037 1091 Nam
1079 1064 1204 1100 poetae
1242 1060 1348 1092 verba
1390 1070 1411 1091 a

768 1105 913 1138 Platone
947 1104 1030 1137 haec
1061 1111 1190 1137 tantum
1223 1105 1410 1147 respiciun-

768 1155 842 1183 tur:
864 1150 1024 1191 ἀσχολίας
1048 1150 1235 1193 ὑπέρτερον
1251 1155 1409 1193 πρᾶγματ

767 1197 894 1236 reliqua
935 1197 1043 1238 ipsius
1092 1197 1281 1239 philosophi
1320 1202 1410 1236 sunt,

767 1252 867 1283 quem
906 1252 970 1274 non
1006 1247 1058 1274 est
1086 1243 1262 1285 probabile
1287 1243 1411 1275 ceteris

767 1289 798 1320 in
835 1289 1007 1326 vulgarem
1049 1288 1195 1329 linguam
1237 1289 1410 1321 translatis

766 1344 866 1366 unum
893 1334 982 1365 istud
1007 1333 1087 1375 τεὴν
1117 1334 1222 1367 fuisse
1250 1339 1409 1367 servatu-

766 1389 851 1412 rum.
892 1380 964 1411 Alia
992 1381 1078 1412 ratio
1103 1386 1156 1413 est
1183 1381 1232 1412 De
1257 1381 1347 1422 Rep.
1368 1380 1409 1414 ΙΙ.

765 1437 796 1468 p.
814 1425 890 1459 365.
910 1426 955 1465 Ο,
992 1427 1047 1458 ubi
1072 1425 1134 1458 τὰν
1162 1425 1334 1458 ἀλάθειαν
1358 1427 1410 1459 le·

765 1472 875 1511 aimus
909 1482 950 1504 ex
994 1472 1179 1505 imitatione
1211 1473 1409 1506 Simonidis,

764 1518 898 1550 Nollem
926 1527 1007 1550 vero
1037 1519 1192 1550 Astius
1217 1519 1409 1560 scripsisset

765 1563 988 1604 ποιήιιαοθαι
1019 1563 1093 1604 τὴν
1127 1563 1187 1605 σήν
1218 1576 1253 1596 τε
1285 1577 1314 1598 κ.
1346 1565 1408 1604 A.‚

765 1620 869 1650 quum
902 1608 983 1650 σὴν,
1015 1610 1143 1641 omisso
1176 1609 1215 1641 τὸ
1250 1612 1407 1649 articulo,

767 1656 891 1687 dictum
926 1655 970 1686 sit
1003 1656 1129 1688 infinite
1171 1655 1267 1688 eine
1300 1656 1408 1689 Recte

763 1712 841 1733 von
892 1699 965 1732 dir
1012 1701 1095 1733 und
1135 1701 1317 1745 Lysias,
1366 1702 1410 1734 ad

765 1747 968 1779 sententiam
1009 1747 1319 1789 accommodatius,
1366 1747 1406 1780 τὸ

765 1796 880 1825 autem
913 1793 1074 1825 infinitivo
1107 1794 1304 1826 adiunctum
1339 1795 1409 1827 ele-

765 1843 884 1881 ganter
916 1838 1080 1880 significet
1122 1839 1223 1872 istam
1263 1839 1410 1874 auditio-

765 1894 842 1917 nem
868 1894 939 1916 rem
969 1895 1045 1917 esse
1075 1886 1212 1917 maximi
1238 1887 1409 1919 momenti.

765 1929 870 1965 Quod
899 1931 926 1963 si
952 1930 1025 1971 quis
1050 1932 1222 1971 ambigat,
1246 1942 1313 1973 quo
1338 1932 1411 1965 iure

764 1977 809 2009 ita
823 1979 1029 2016 statuamus,
1040 1976 1140 2009 adeat
1154 1977 1180 2009 is
1202 1977 1234 2010 R
1245 1989 1265 2009 o
1279 1978 1409 2011 stium

765 2021 1032 2060 Gr.Gr.§.1·25.
1048 2022 1078 2057 3.
1107 2023 1151 2055 de
1176 2022 1239 2055 hoc
1264 2034 1329 2056 usu
1353 2034 1412 2056 ar-

764 2067 856 2100 ticuli
878 2068 1046 2101 infinitivis
1061 2068 1209 2101 adiuncti
1236 2071 1412 2112 praeclare

765 2113 1006 2156 disputantem.
1055 2115 1138 2147 Dein
1176 2114 1412 2156 ποιήσασθαι,

765 2170 827 2202 pro
883 2169 950 2200 quo
1010 2160 1238 2192 Bekkerus
1287 2161 1410 2202 aliique

765 2203 980 2246 ποιήσεσθαι
1005 2205 1198 2246 dederunt,
1225 2206 1321 2238 unice
1353 2217 1413 2239 ve—

764 2261 838 2284 rum
848 2254 1015 2293 putamus.
1039 2251 1125 2283 Nam
1137 2252 1284 2283 aoristus
1303 2262 1412 2294 quon-

766 2298 833 2330 iam
856 2296 982 2328 indicat
1007 2297 1173 2329 actionem
1207 2297 1239 2329 in
1273 2308 1310 2330 se
1335 2309 1415 2341 spe-

769 2347 897 2374 ctatam
924 2346 1026 2383 atque
1055 2343 1272 2384 absolutam,
1299 2344 1414 2377 seiun-

769 2393 822 2420 cta
859 2389 1099 2430 perpetuitatis
1133 2390 1294 2431 notione,
1336 2395 1417 2432 post

770 2435 877 2466 verba
902 2434 1061 2475 putandi,
1090 2434 1266 2477 sperandi,
1295 2436 1414 2469 existi-

770 2479 884 2512 mandi
910 2480 957 2511 ita
981 2481 1137 2521 ponitur,
1175 2485 1214 2513 ut
1248 2482 1418 2523 significet

770 2524 897 2567 aliquid
917 2526 1076 2559 contiuuo
1098 2530 1260 2568 certoque
1286 2527 1417 2560 factum

769 2571 831 2611 iri,
873 2571 944 2603 sive
980 2571 1135 2604 adiuncta
1178 2572 1328 2605 conditio
1375 2574 1419 2605 sit

771 2618 844 2648 sive
867 2618 1004 2651 omissa.
1046 2617 1201 2651 Eandem
1232 2618 1338 2651 habes
1363 2630 1419 2652 ra-

772 2663 899 2694 tionem
926 2662 1033 2706 Gorg.
1046 2675 1077 2706 p.
1089 2663 1418 2706 448.A.Xenopli.

772 2707 877 2741 Mem.
909 2708 949 2741 ΙΙ.
983 2711 1019 2749 l,
1045 2709 1077 2743 4.
1108 2710 1159 2745 15.
1188 2710 1248 2745 111.
1273 2712 1314 2751 9,
1340 2710 1419 2745 813.

772 2753 827 2787 lV.
854 2754 887 2795 ⁵2,
910 2753 964 2789 23.
992 2760 1025 2788 et
1050 2755 1201 2789 centenis
1224 2757 1298 2790 aliis
1324 2756 1418 2789 locis.
