1687 2969
382 192 626 231 GORGIAS.

656 193 699 231 P.
731 196 824 230 455.
855 196 948 230 456.
979 194 1037 231 ed.
1070 193 1125 232 St.

1352 195 1425 230 111

170 299 276 358 Cap.
307 301 390 343 XI.
451 304 492 342 Γ
492 303 577 342 ΟΡ
586 301 664 364 Εἰ
691 301 831 342 πάντα
861 315 906 353 γε
936 301 1098 354 εἰδείης,
1129 294 1162 341 ὦ
1191 300 1430 352 Σώκρατες,

86 381 173 416 οτι,
213 367 269 414 ὡς
304 364 404 416 ἔπος
443 367 594 416 εἰπεῖν,

81 426 152 484 ὑφ’
194 431 303 485 αὐτῇ
342 429 444 485 ἔχει·

640 365 806 415 ἁπάσας
832 367 907 414 τὰς
935 367 1134 420 δυνάμεις
1160 365 1432 418 συλλαβοῦσα

487 429 595 484 μέγα
634 430 678 471 δέ
721 442 788 472 σοι
826 433 1053 485 τεκμήριον
1090 430 1191 510 ἐρῶ·
1230 430 1431 478 πολλάκις
1458 431 1497 473 Β

81 496 164 549 γὰρ
190 497 271 550 ἤδη
300 494 430 550 ἔγωγε
457 511 560 550 μετα
588 503 665 537 του
703 496 893 550 αδελφοῢ
930 512 1001 537 και
1038 511 1140 549 μετα
1177 498 1264 537 τῶν
1292 498 1432 536 ἄλλων

83 562 239 614 ἰατρῶν
280 561 480 610 εἰςελθὼν
513 562 629 613 παρα
666 577 760 602 τινα
797 565 884 603 τῶν
922 563 1175 615 καμνόντων
1212 560 1306 615 οὐχὶ
1342 558 1431 602 ἐθέ-

82 629 212 667 λοντα
241 641 268 678 η
306 628 537 680 φάρμακον
573 629 684 667 πιεῖν
724 623 749 680 ἢ
774 629 913 680 τεμεῖν
954 623 978 678 ἢ
1016 631 1172 668 καῦσαι
1200 629 1433 679 παρασχεῖν

81 696 140 744 τῷ
169 691 312 744 ἰατρῷ,
343 693 395 733 οὐ
424 691 669 745 δυναμένου
697 698 775 732 τοῦ
804 692 951 744 ἰατροῦ
980 696 1131 741 πεῖσαι,
1164 690 1244 744 ἐγὼ
1273 689 1432 739 ἔπεισα,

83 757 162 797 οὐκ
189 759 294 810 ἄλλῃ
333 756 457 811 τέχνῃ
498 753 527 810 ἢ
565 763 614 810 τῇ
646 757 860 810 ῥητορικῇ.
906 755 1013 810 φημὶ
1041 754 1085 797 δὲ
1113 755 1184 796 καὶ
1223 757 1280 804 εἰς
1307 757 1433 797 πόλιν

83 817 182 863 ὅποι
223 822 368 875 βούλει
407 819 590 862 ἐλθόντα
626 821 852 875 ῥητορικὸν
892 822 1030 873 ἄνδρα
1070 820 1140 862 καὶ
1180 821 1351 873 ἰατρόν,
1398 821 1433 861 εἰ

152 940 219 983 ὑφ’
245 940 349 985 αὐτῇ
376 943 477 984 ἔχει·
509 943 620 986 μέγα
654 943 699 975 δέ
732 954 797 975 σοι
824 943 861 986 τ.]
897 944 1076 976 Bekkerus
1107 947 1184 986 post
1223 943 1288 984 ἔχει
1318 942 1432 985 posuit

82 988 220 1030 signum
245 988 519 1021 exclamationis.

148 1034 186 1064 B.
213 1038 359 1073 τεμεῖν
384 1032 404 1076 ἢ
428 1037 586 1065 καῦσαι
613 1033 880 1077 παρασχεῖν]
908 1038 1097 1075 παρασχεῖν
1122 1037 1245 1065 καῦσαι
1271 1031 1290 1075 ἦ
1318 1037 1432 1072 τεμεῖν

83 1078 186 1110 Vind.
209 1078 239 1111 6.

151 1121 248 1155 ὅποι
272 1121 438 1167 βούλει]
471 1124 529 1156 Sic
561 1125 640 1156 Par.
665 1124 742 1156 IW.
769 1124 870 1156 Vind.
896 1123 945 1165 6.,
978 1124 1068 1166 quod
1101 1124 1297 1156 coniecerat
1326 1123 1432 1155 Hein-

83 1235 126 1268 ad
163 1237 283 1268 urbem
320 1237 566 1278 pertinentium
613 1236 723 1268 muni-

81 1285 198 1313 menta
229 1292 406 1324 superesse
436 1286 636 1322 narrantur,
683 1281 724 1313 de

83 1337 150 1368 qua
175 1337 212 1358 re
236 1337 267 1359 v.
294 1327 422 1359 Ottfr.
446 1327 648 1359 Mueller.
680 1326 724 1358 ad

82 1372 208 1404 Lea-kii
242 1372 520 1415 Topographiam
556 1372 722 1404 Athenar.

82 1428 116 1459 p.
145 1416 212 1450 467
244 1428 350 1459 seqq.,
385 1418 421 1449 id
452 1417 588 1450 facilem
620 1417 723 1449 habet

82 1462 349 1504 explicationem
383 1473 427 1494 ex
450 1473 507 1503 eo,
541 1462 631 1505 quod
655 1473 723 1494 me-

83 1507 160 1539 dius
183 1518 300 1539 murus
325 1513 460 1549 postero
489 1512 649 1550 tempore,
673 1509 724 1539 in-

82 1557 213 1585 certum
251 1552 403 1594 quando,
441 1553 574 1585 dirutus
612 1557 645 1585 et
681 1552 724 1585 ad

83 1598 307 1630 instauranda
324 1599 517 1639 antiquiora
533 1603 565 1630 et
576 1597 724 1630 firmiora

85 1647 293 1675 commeatus
322 1643 494 1685 praesidia
527 1648 724 1675 consumtus

84 1693 145 1727 est,
170 1687 350 1720 ruderibus
381 1689 455 1720 eius
478 1688 585 1720 nullis
610 1698 725 1730 super-

84 1732 222 1765 stitibus
241 1733 328 1772 ideo,
354 1734 435 1775 quia
459 1734 598 1766 omnino
613 1735 724 1765 minus

85 1778 208 1810 habuit
253 1779 470 1810 firmamenti.
527 1778 594 1810 Sed
639 1778 725 1810 haec

85 1823 164 1856 data
194 1824 245 1856 rei
274 1823 496 1866 exponendae
528 1824 726 1866 opportuni-

85 1873 154 1901 tate
193 1879 294 1910 quam
343 1869 565 1909 brevissime,
609 1879 725 1911 quam·

84 1925 185 1956 quam
209 1925 250 1946 ea.
272 1914 416 1947 fortasse
445 1914 606 1946 nonnihil
635 1914 726 1946 vale-

85 1959 172 1991 bunt
202 1959 246 1991 ad
283 1959 454 1991 tollendas
485 1960 599 1991 varias
638 1961 726 1991 viro-

84 2015 159 2037 rum
197 2004 377 2036 doctorum
416 2004 645 2036 dubitationes
694 2010 726 2036 et

85 2050 352 2089 controversias,
383 2049 424 2080 de
448 2050 573 2090 quibus
597 2061 627 2080 v.
652 2050 726 2081 Va-

85 2095 227 2126 lesius
263 2094 307 2126 ad
343 2095 546 2136 Harpocrat.
580 2095 725 2127 Tiber.

88 2140 388 2172 Hemsterhus.
427 2139 594 2171 Anecdot.
626 2141 668 2171 T.
698 2140 724 2170 I.

85 2195 117 2227 p.
141 2183 208 2217 233
224 2196 316 2226 seqq.
341 2183 393 2216 ed.
419 2184 514 2216 Geel.
538 2185 726 2226 Wytten-

89 2229 211 2261 bach.
250 2231 292 2261 ad
334 2229 507 2262 Plutarch.
550 2230 603 2260 De
640 2229 725 2271 glor.

87 2275 212 2306 Athen.
247 2285 276 2306 c.
301 2272 330 2307 7.
363 2285 396 2315 p.
421 2273 497 2306 349.
528 2275 571 2305 D.
597 2275 724 2308 Leak.

88 2320 238 2361 Topogr.
264 2319 389 2350 Athen.
414 2330 445 2360 p.
469 2318 535 2351 467
560 2330 652 2360 seqq.
663 2319 726 2350 ibi-

88 2364 383 2405 queann.Ottfr.
400 2364 616 2404 Muelleri,
637 2364 727 2396 idem

89 2408 339 2440 Muellerus
372 2410 407 2440 in
432 2409 574 2450 Encycl.
604 2409 727 2441 Erschi

87 2458 122 2485 et
146 2454 292 2485 Gruberi
315 2454 373 2487 VI.
406 2465 437 2496 p.
462 2453 539 2486 223.
570 2459 603 2485 et
633 2455 725 2486 Diss.

90 2499 142 2530 De
179 2499 400 2530 munimentis
442 2499 653 2531 Athenarum
694 2509 726 2540 p.

87 2541 142 2575 20.
156 2544 187 2574 K
197 2555 212 2574 r
223 2553 328 2585 uege
339 2554 364 2574 r.
379 2543 474 2575 stud.
490 2544 650 2586 histor.p.
663 2543 727 2577 166

87 2598 181 2629 seqq.
207 2586 273 2620 174
298 2598 393 2629 seqq.

133 2634 170 2664 P.
203 2632 279 2665 456.
320 2632 364 2664 οἱ
404 2637 613 2666 νικῶντες
654 2632 726 2667 τὰς

89 2675 276 2720 γνώμας]
344 2677 460 2710 Νικᾶν
492 2678 553 2720 τὴν
584 2676 727 2720 γνώμην

89 2722 259 2763 dicuntur,
283 2732 426 2763 quorum
455 2724 625 2755 sententia
653 2724 727 2754 vin—

793 1237 849 1268 cit.
885 1236 1105 1278 Comparavit
1141 1236 1432 1268 Heindorfius

793 1281 965 1323 Aristoph.
998 1281 1111 1313 Nubb.
1144 1292 1175 1313 v.
1202 1280 1278 1314 432.
1304 1282 1431 1323 Vespp.

793 1337 824 1358 v.
851 1326 926 1359 594.

837 1372 920 1414 Cap.
944 1372 1005 1406 XI.
1054 1371 1112 1403 El
1137 1370 1274 1403 πάντα
1304 1383 1351 1413 γε
1375 1370 1431 1403 εἰ·

793 1416 1154 1459 δειἠς-ὲ’χει·-]
1180 1417 1333 1459 Intelligi
1357 1421 1431 1458 pot-

793 1467 845 1493 est
885 1473 902 1494 e
942 1463 1175 1504 superioribus
1217 1463 1270 1493 καὶ
1305 1463 1432 1500 μᾶλλον

794 1508 837 1538 ἔτι
865 1518 918 1538 οοι
942 1505 1174 1546 καταφαιί·οιν’
1208 1505 1252 1538 ἂν
1284 1506 1430 1548 τοιαύτη,

793 1552 882 1593 quod
921 1553 955 1583 in
1002 1552 1064 1584 hoc
1103 1553 1270 1584 sermonis
1308 1563 1432 1595 genere

793 1602 882 1629 recte
907 1598 1015 1628 omitti
1041 1599 1160 1639 potuit.
1192 1598 1268 1629 Nisi
1292 1598 1377 1629 forte
1402 1597 1437 1628 εί

792 1653 852 1684 pro
878 1644 1046 1674 utinam
1071 1644 1224 1684 accipere
1249 1643 1367 1681 malis,
1393 1642 1434 1674 de

794 1698 860 1728 quo
885 1698 951 1719 usu
975 1698 1006 1718 v.
1020 1688 1227 1719 Valcken.
1248 1687 1290 1719 ad
1304 1688 1432 1719 Phoen.

794 1743 825 1764 v.
849 1730 926 1765 761.
982 1732 1135 1764 Alteram
1165 1733 1332 1764 rationem
1365 1743 1435 1764 am-

793 1778 917 1819 plexus
971 1782 1022 1809 est
1076 1778 1320 1818 Bekkerus,
1376 1779 1434 1819 qui

793 1828 870 1864 post
895 1823 958 1863 ἔχει
982 1823 1199 1854 exclamandi
1223 1824 1360 1865 signum
1376 1834 1435 1865 po-

794 1869 881 1907 suit3
927 1868 1069 1899 alteram
1107 1869 1270 1910 praetulit
1305 1869 1435 1900 Hein-

795 1913 815 1944 d
827 1913 977 1952 orfius,
996 1914 1054 1954 qm'
1069 1913 1215 1952 dubitat,
1237 1924 1280 1945 an
1296 1913 1330 1945 εἰ
1344 1913 1434 1955 apud

794 1968 915 2000 prosae
946 1959 1111 1990 orationis
1142 1960 1324 2001 scriptores
1355 1969 1435 1990 nus-

795 2014 897 2044 quam
928 2003 1055 2035 habeat
1087 2004 1307 2036 exclamandi
1329 2005 1434 2046 signi-

794 2049 998 2081 ficationem.
1023 2049 1065 2080 cf.
1091 2050 1239 2080 Matth.
1265 2051 1294 2089 ἕ.
1311 2048 1388 2081 617.
1401 2049 1432 2084 4.

795 2094 874 2126 0011.
906 2095 936 2133 ἓ.
966 2093 1044 2126 513.
1106 2094 1264 2126 Ceterum
1297 2094 1338 2126 de
1368 2094 1433 2126 1130

797 2139 944 2180 Gorgiae
974 2139 1145 2171 sententia
1179 2140 1269 2171 conf.
1298 2139 1434 2171 Phileb.

795 2195 827 2225 p.
853 2183 906 2216 58.
919 2208 926 2223 ,
961 2183 1023 2215 ubi
1052 2184 1113 2215 ille
1136 2189 1294 2216 narratur
1323 2184 1434 2216 dicere

796 2230 1035 2268 consuevisse,
1072 2240 1118 2262 ως
1150 2227 1170 2270 ἡ
1202 2233 1262 2261 τοῦ
1295 2230 1435 2261 πείθειν

797 2271 881 2305 πολι
921 2272 1086 2328 διαφέροι
1129 2278 1251 2306 πασῶν
1288 2279 1432 2316 τεχνῶι·

796 2316 903 2350 πάντα
933 2317 999 2360 γὰρ
1026 2315 1086 2357 1‘q’
1120 2318 1223 2373 ἑαυτῇ
1256 2319 1359 2351 δοιλα
1392 2317 1433 2351 δι’

796 2363 966 2400 ἑκόντωι,
1001 2361 1068 2394 alst
1101 2361 1143 2395 οὗ
1169 2362 1224 2396 διὰ
1256 2365 1335 2406 βίας
1360 2377 1434 2397 ποι-

796 2413 864 2440 οῖτο
904 2409 958 2439 καὶ
999 2412 1119 2451 μακρῷ
1152 2407 1276 2452 ἀριστη
1312 2414 1435 2442 πασῶν

796 2456 850 2495 ειή
876 2456 942 2485 τῶν
967 2458 1103 2495 τεχνιῦν.

840 2499 878 2529 Β.
941 2498 1044 2537 μετὰ
1098 2502 1169 2531 τοῦ
1221 2497 1434 2542 ἅδελφου]

794 2544 838 2577 Η.
864 2554 892 2574 e.
917 2554 1011 2575 eum
1035 2544 1274 2585 Herodico,
1301 2545 1342 2577 de
1367 2556 1434 2587 quo

794 2599 826 2620 v.
849 2598 880 2630 p.
905 2586 982 2623 448.
1006 2589 1045 2621 B.

842 2632 862 2674 ἢ
887 2638 1032 2672 τεμεῖι
1065 2632 1086 2676 ἢ
1110 2638 1270 2666 καῦσαι
1302 2646 1432 2674 παρα-

797 2677 1270 2720 σχεῖν]Β101]11“101ᾶ1113
1295 2679 1337 2711 ad
1368 2680 1433 2712 Ae-

795 2723 905 2764 schyl.
935 2723 1057 2766 Agam.
1087 2735 1118 2756 v.
1143 2723 1219 2757 822.
1250 2724 1433 2767 legendum
