1687 2969
306 128 719 173 PHAEDRUS.
753 129 804 171 P.
837 130 917 170 230
949 128 1012 172 St.
1298 129 1374 171 101

39 252 108 291 σίν
121 264 186 299 τις
202 244 335 298 ἄλλος
352 245 547 305 ἁρμόσει,
566 244 728 307 ἑβδόμῃ
757 245 1063 302 δημιουργικὰς
1084 243 1111 300 ἢ
1130 243 1372 301 γεωργικός,

37 313 171 375 ὀγδόῃ
207 313 456 373 σοφιστικὸς
488 312 513 367 ἢ
549 312 861 370 δημοκοπικός,
902 312 1062 374 ὲννσὶτῃ
1101 312 1373 368 τυραννικός.

37 387 84 425 ἐν
117 380 170 435 δὴ
204 381 378 433 τούτοις
425 380 591 425 ἅπασιν
634 378 683 431 ὅς
721 384 801 436 μὲν
847 378 906 424 ἂν
952 383 1125 431 δικαίως
1170 377 1370 440 διαγάγῃ,

37 447 270 505 ἀμείνονος
303 453 461 505 μοίρας
493 447 832 504 μεταλαμβάνει,
871 446 919 498 ὃς
946 446 984 491 δ’
1024 445 1080 490 ἂν
1100 447 1373 502 ἀδίκως,χει’-

37 533 183 570 ρονος.
219 514 330 577 Cap.
367 513 550 559 XXIX.
589 519 665 567 Ιὶὶς
698 518 778 570 μὲν
806 513 890 570 γὰρ
914 512 964 558 τὸ
983 513 1108 563 αὐτό,
1144 512 1259 558 ὅθεν
1282 512 1373 567 ἥκει

36 581 62 636 ἡ
97 581 218 644 ψυχὴ
237 582 412 638 ἑκάστη,
444 582 523 627 οὐκ
542 581 793 641 ἀφικνεῖται
827 584 935 625 ἑτῶν
967 586 1157 638 μυρίων·
1193 580 1242 624 οὐ
1285 578 1369 638 γὰρ

34 652 274 695 πτεοοῦται
308 648 393 708 πρὸ
433 649 648 694 τοσούτου
679 648 861 707 χοόνου,
893 653 1009 703 rt71‘2v
1044 647 1070 702 ἡ
1097 650 1174 691 τοῦ
1194 650 1374 707 ᾳιῖοσο-

33 729 205 774 μετρικός.
256 732 340 764 Dein
367 730 608 774 δημιουργικὰς
634 730 653 772 ἢ
679 729 861 773 γεωωμκός
882 731 978 765 Rodl
1000 735 1034 763 et
1057 729 1174 770 reliqui
1200 739 1273 761 cum
1296 728 1373 760 Bas.

33 777 66 810 2-
91 788 152 819 pro
176 789 404 820 γεωμετοικος
428 792 444 818 η
473 776 727 819 δημιουρῑικός,
755 778 845 818 qnod
872 782 924 808 est
947 787 979 808 1η
1007 776 1080 809 ΑΜ,
1110 775 1186 808 Bas.
1214 774 1238 807 l
1259 773 1375 816 Sipph-

35 828 70 855 et
104 823 179 856 cod.
205 823 280 856 Par.
315 824 352 857 E.
387 824 455 856 Pro
487 823 718 866 δηιιοκοπικως
752 822 848 854 [ΞοιΗ.
885 827 919 855 et
946 821 1116 855 AHDGT
1150 821 1378 863 praebuerunt

35 868 229 909 δνμητικός
276 869 313 901 ld
347 879 452 922 nuper
478 874 704 911 susceperunt
737 868 904 900 'luricens
909 880 933 902 s
983 869 1019 900 Si
1055 867 1135 909 quid
1165 865 1375 904 mutandum,

35 914 230 955 δημοκόηος
254 916 459 957 scripserim.
509 916 590 948 Mox
616 913 761 957 ‹5117'737
788 925 847 956 pro
871 916 958 953 uilcr.
999 914 1100 957 διάγῃ
1129 913 1208 945 item
1234 912 1377 944 debetur

37 960 138 992 codd.
164 961 234 993 sere
260 962 425 996 omnibus
476 961 569 994 Idem
596 961 725 993 dictum
753 965 828 993 esto
855 960 897 991 de
921 959 1053 999 ivn-arry,
1080 970 1141 1001 pro
1164 969 1233 1000 quo
1255 957 1375 999 Steph.

36 1004 146 1047 ἐνάτη.

39 1053 89 1084 δὲ
114 1050 256 1088 τούτοις
279 1053 349 1086 κτλ..

125 1096 202 1130 οὐκ
232 1097 510 1142 ἀφικνεῖται]
546 1099 583 1132 V.

36 1143 111 1176 simi
137 1144 223 1177 libri.

33 1207 236 1239 sententiam
271 1207 460 1239 accuratius
499 1217 670 1249 cognove-

33 1253 111 1291 rint,
138 1253 275 1285 minime
302 1252 485 1295 ambigent.
534 1254 670 1295 Quippe

33 1299 67 1329 οἱ
92 1297 299 1340 θεομάντεις
329 1297 384 1328 καὶ
418 1299 453 1330 οἱ
475 1297 671 1340 χρησμῳιῖοὶ

34 1343 73 1376 ου’
101 1345 219 1385 σοφίᾳ,
244 1342 326 1376 ἀλλὰ
345 1342 444 1384 φύσει
462 1344 529 1376 τινὶ
545 1346 671 1376 ἐνθου-

34 1388 222 1431 σιάζουσιν,
249 1394 288 1422 ut
313 1394 365 1422 est
386 1392 528 1432 Apolog.
556 1401 588 1432 p.
610 1389 665 1424 22.
690 1414 693 1417 s

34 1436 74 1470 C.
101 1435 236 1468 Menon.
260 1447 293 1478 p.
317 1436 371 1470 99.
389 1436 427 1470 C.
453 1436 582 1469 Poe'tas
609 1446 668 1468 au-

35 1485 104 1514 tem
131 1481 222 1522 quod
247 1482 351 1514 etiam
382 1482 464 1514 infra
502 1484 576 1515 illos
602 1484 673 1514 col-

36 1528 184 1568 locavit,
224 1528 295 1559 eius
331 1528 380 1560 rei
406 1529 571 1560 rationem
598 1529 674 1570 ipse

37 1573 118 1605 satis
143 1573 277 1614 aperuit
302 1574 433 1606 verbis:
467 1572 487 1614 ἢ
511 1577 576 1605 τῶν
599 1572 675 1614 περὶ

36 1619 175 1661 μίμησίν
199 1630 252 1653 τις
267 1618 380 1656 ἄλλος.
431 1619 567 1661 Quippe
590 1622 676 1661 poe'-

37 1664 88 1696 sin
114 1664 214 1696 Plato
239 1666 372 1697 censuit
403 1666 566 1697 contineri
597 1665 674 1697 imi-

37 1709 128 1742 tandi
151 1709 297 1751 quadam
323 1711 481 1750 solertia,
516 1722 535 1743 e
561 1711 674 1743 furore

37 1755 143 1798 magis
168 1765 269 1797 quam
296 1757 418 1789 mentis
453 1757 673 1797 intelligentia

38 1801 197 1841 oriunda-3
224 1802 312 1834 unde
339 1813 411 1834 eam
440 1802 601 1834 indicavit
623 1803 672 1834 ni-

38 1848 80 1880 hil
104 1849 219 1880 valere
244 1848 285 1880 ad
311 1849 464 1881 veritatis
490 1853 590 1890 atque
612 1847 673 1880 ho-

39 1894 180 1926 nestatis
218 1894 382 1926 rationem
424 1898 518 1926 recte
564 1894 674 1935 perci·

40 1938 208 1981 piendam.
241 1950 271 1970 v.
307 1940 378 1972 libr.
411 1940 468 1973 ΙΙΙ.
504 1945 539 1972 et
563 1940 606 1972 X.
631 1940 674 1971 de

39 1986 188 2027 Republ.
205 1985 370 2028 imprimis
389 1996 420 2028 p.
442 1984 518 2020 598.
536 1986 674 2019 C.D.E.

40 2032 116 2063 coll.
146 2031 255 2074 Legg.
278 2031 319 2065 ll.
345 2042 377 2074 p.
403 2031 479 2067 068.
497 2032 536 2066 C.
554 2032 608 2067 lV.
643 2042 675 2074 p.

39 2077 117 2111 719.
144 2077 182 2109 C.

86 2122 129 2154 Ε.
167 2121 334 2165 ἑβδόμη
360 2122 679 2165 δημιουργικός

44 2167 64 2208 ἢ
117 2168 372 2212 γεωργικός]
435 2169 678 2202 Richterus

44 2214 97 2245 De
122 2213 210 2246 ldeis
241 2215 394 2248 Platonis
426 2226 457 2257 p.
495 2214 545 2249 19.
571 2225 678 2256 quum

46 2259 286 2304 δημιουργικὸν
335 2261 574 2303 explicas-isset
615 2271 676 2292 ar-

47 2304 239 2348 tificem‚
278 2307 410 2348 sibique
456 2306 680 2349 persuasisset

48 2350 92 2383 de
121 2351 222 2383 variis
260 2352 480 2385 scientiae
517 2352 678 2394 gradibus

49 2406 243 2429 sermonem
282 2398 420 2439 agitari,
463 2398 677 2431 retinendum

50 2442 181 2474 censuit
216 2442 304 2483 qnod
340 2445 441 2485 vulgo
488 2445 678 2485 legebatur,

48 2486 270 2530 γεωμετρικὸς
298 2487 318 2528 ἢ
341 2489 594 2533 δηιιιουργικός.
638 2492 684 2522 At

51 2534 195 2576 primum
237 2532 480 2577 δημιοιργικόν
517 2545 584 2568 non
623 2546 684 2568 ar-

52 2578 244 2619 tificem,
286 2579 347 2611 sed
381 2580 583 2632 opificem
617 2581 686 2623 sig-

52 2625 184 2665 nificat3
230 2623 352 2656 deinde
390 2625 445 2657 vix
481 2628 687 2668 assequaris,

52 2681 113 2703 cur
142 2674 360 2713 geometrae,
399 2680 498 2711 quem
539 2672 689 2714 philoso-

51 2715 134 2759 phus
159 2726 240 2749 sane
273 2726 395 2758 magno
419 2716 453 2748 in
477 2716 604 2751 honore
633 2717 690 2750 ha-

197 1006 285 1039 Tum
311 1008 344 1037 ἓν
369 1006 416 1048 δὴ
445 1009 572 1045 τοιίοις
593 1006 652 1041 «Ξή.
681 1007 779 1040 bodl.

812 1005 1053 1039 AEIJDNOT.
1082 1005 1191 1047 Volgo
1219 1007 1309 1037 erat:
1335 1004 1377 1035 ἐν

618 1097 659 1129 ου’
698 1101 932 1137 καθικνεῖται,
964 1097 1055 1138 qnod
1091 1096 1214 1129 habent
1243 1095 1378 1137 paucis-

740 1206 825 1246 buit,
851 1217 881 1240 v.
905 1206 948 1237 de
974 1205 1122 1247 Republ.
1152 1205 1208 1237 Vl.
1242 1216 1272 1245 p.
1302 1204 1381 1238 510·

740 1253 777 1286 C.
804 1263 890 1293 sqq..
916 1257 985 1283 tam
1014 1251 1144 1283 humilis
1171 1251 1264 1283 locus
1283 1251 1379 1282 attri-

739 1299 878 1338 buatur3
896 1297 1038 1338 denique
1054 1307 1121 1329 non
1138 1296 1179 1328 de
1196 1306 1259 1328 una
1271 1296 1379 1328 scien-

738 1345 785 1377 tia
811 1345 939 1384 agitur,
973 1343 1033 1375 sed
1059 1342 1138 1375 illud
1171 1343 1284 1384 potins
1317 1341 1378 1374 de-

739 1391 895 1427 claratur,
908 1389 1084 1431 quomodo
1096 1389 1196 1420 animi
1215 1397 1378 1420 asummo

738 1437 923 1478 sapientiae
949 1435 1083 1475 fastigio
1117 1435 1289 1476 paullatim
1316 1434 1378 1466 de-

742 1482 907 1515 scendant
930 1481 971 1513 ad
990 1482 1090 1513 imam
1109 1480 1378 1513 vitaehumanae

742 1528 943 1570 pravitatem
963 1532 996 1559 et
1011 1527 1265 1569 turpitudinem.
1289 1536 1379 1567 quae

742 1574 773 1605 iu
798 1574 864 1604 vita
884 1578 912 1614 t)
922 1573 1013 1605 rauui
1033 1573 1192 1606 cernitur.
1226 1572 1377 1614 Tyranni

742 1619 911 1657 ingenium
948 1623 983 1650 et
1013 1628 1127 1650 mores
1156 1619 1256 1650 Plato
1295 1618 1379 1648 vivi-

742 1664 795 1696 dis
829 1664 1000 1696 coloribus
1036 1663 1186 1706 depinxit
1220 1663 1380 1706 Reipubl.

743 1711 833 1743 wll.
868 1721 898 1752 p.
933 1710 1010 1744 562.
1049 1712 1086 1744 Α.
1112 1720 1184 1751 sqq.
1235 1710 1286 1742 Ab
1320 1712 1381 1744 hac.

740 1760 854 1789 autem
881 1755 1090 1798 turpitudine
1115 1756 1269 1798 proxime
1284 1758 1382 1791 abest

740 1801 757 1833 ὁ
779 1802 977 1845 σοφιστικὸς
996 1802 1015 1843 ἢ
1037 1801 1271 1844 δημοκοπικος
1295 1805 1383 1846 βίος.

740 1848 826 1882 Nam
853 1848 1025 1890 sophistae
1043 1849 1171 1889 pariter
1186 1853 1289 1889 atque
1303 1859 1381 1882 ora-

741 1899 835 1927 tores
860 1896 1040 1936 populares
1056 1894 1290 1936 (δημτιγωγοὶ)
1308 1897 1380 1938 ple-

742 1941 793 1972 bis
827 1951 944 1972 auram
982 1944 1121 1982 captant
1151 1941 1292 1982 eiusque
1322 1952 1381 1974 cu-

743 1986 943 2028 piditatibus
992 1987 1138 2028 turpiter
1183 1987 1380 2022 adulantur:

745 2032 788 2064 de
812 2043 880 2074 qua
905 2043 942 2064 re
959 2032 1036 2065 vide
1056 2032 1206 2065 Praesat.
1229 2033 1270 2064 ad
1289 2034 1381 2065 Gor-

744 2079 834 2119 giam
861 2089 893 2120 p.
920 2078 961 2113 19
985 2077 1187 2120 εᾳηΓΟιιοό
1211 2082 1293 2120 apte
1311 2079 1380 2120 sig-

745 2124 898 2156 nificatur
921 2134 996 2158 voc.
1019 2123 1253 2165 δημοκοπικός
1278 2135 1304 2155 s.
1322 2124 1382 2166 δη-

745 2168 919 2211 μοκόπος,
943 2169 1035 2210 quod
1061 2169 1104 2201 de
1129 2170 1258 2201 ambitu
1281 2180 1380 2202 usur-

747 2216 819 2258 pari
836 2215 1108 2248 demonstrarunt
1127 2215 1307 2250 Dorvill.
1334 2216 1379 2248 ad

747 2261 949 2293 Mariton.
976 2271 1010 2302 p.
1042 2259 1099 2295 58.
1123 2264 1158 2293 ct
1188 2261 1379 2305 Wytten-

748 2306 863 2338 bach.
881 2306 923 2338 ad
940 2305 1109 2340 Plutarch.
1129 2306 1203 2340 Vol.
1220 2307 1263 2340 ΙΙ.
1280 2318 1312 2350 p.
1325 2306 1379 2342 91.

750 2353 788 2386 D.
816 2351 990 2385 Animadr.
1021 2351 1094 2385 Vol.
1119 2352 1143 2385 Ι.
1169 2363 1202 2395 p.
1219 2353 1298 2389 509.
1326 2353 1379 2387 ed.

750 2398 844 2439 Lips.
889 2397 1040 2429 Debilius
1088 2402 1141 2430 est
1188 2398 1382 2440 δημοτικός.

747 2444 798 2475 De
837 2443 996 2475 universo
1034 2444 1178 2477 vitarum
1213 2444 1332 2478 ordine
1363 2456 1382 2478 a

749 2489 895 2521 Platone
944 2487 996 2521 hic
1040 2491 1228 2523 constituto
1274 2491 1383 2524 adhuc

751 2535 890 2567 multum
915 2535 1107 2578 ambigitur.

797 2579 873 2611 οὐκ
903 2579 1149 2620 ἀφικνεῖται
1178 2582 1281 2614 ἐτῶν
1310 2594 1385 2623 μυ-

755 2626 875 2669 ρίων]
913 2626 1025 2659 Etiam
1058 2628 1143 2660 libro
1167 2627 1210 2662 X.
1244 2629 1288 2660 de
1313 2629 1386 2661 Re-

756 2672 848 2713 publ.
872 2682 903 2714 p.
929 2671 1007 2707 614.
1035 2675 1072 2704 Α.
1098 2684 1170 2716 sqq.
1195 2674 1384 2706 animorum

759 2717 980 2760 migrationes
1010 2719 1163 2753 similiter
1188 2719 1387 2752 describun-

1405 662 1488 703 240
