<?xml version="1.0" encoding="UTF-8"?>
<!DOCTYPE html PUBLIC "-//W3C//DTD XHTML 1.0 Transitional//EN"
    "http://www.w3.org/TR/xhtml1/DTD/xhtml1-transitional.dtd">
<html xmlns="http://www.w3.org/1999/xhtml" xml:lang="en" lang="en">
 <head>
  <title>
</title>
<meta http-equiv="Content-Type" content="text/html;charset=utf-8" />
  <meta name='ocr-system' content='tesseract 3.04.00' />
  <meta name='ocr-capabilities' content='ocr_page ocr_carea ocr_par ocr_line ocrx_word'/>
</head>
<body>
  <div class='ocr_page' id='page_1' title='image "./n1operaomniarecens04platuoft/n1operaomniarecens04platuoft_0097.png"; bbox 0 0 1687 2969; ppageno 0'>
   <div class='ocr_carea' id='block_1_1' title="bbox 516 161 906 200">
    <p class='ocr_par' dir='ltr' id='par_1_1' title="bbox 516 161 906 200">
     <span class='ocr_line' id='line_1_1' title="bbox 516 161 906 200; baseline -0.005 0"><span class='ocrx_word' id='word_1_1' title='bbox 516 182 558 188; x_wconf 90' lang='lat'><strong>—</strong></span> <span class='ocrx_word' id='word_1_2' title='bbox 630 161 793 200; x_wconf 80' lang='lat' dir='ltr'>LXXXIII</span> <span class='ocrx_word' id='word_1_3' title='bbox 866 183 906 188; x_wconf 83' lang='lat'>-</span> 
     </span>
    </p>
   </div>
   <div class='ocr_carea' id='block_1_2' title="bbox 35 274 1404 2775">
    <p class='ocr_par' dir='ltr' id='par_1_2' title="bbox 35 274 1390 1468">
     <span class='ocr_line' id='line_1_2' title="bbox 35 274 1385 332; baseline -0.001 -13"><span class='ocrx_word' id='word_1_4' title='bbox 35 290 203 330; x_wconf 87' lang='lat' dir='ltr'>ramus,</span> <span class='ocrx_word' id='word_1_5' title='bbox 247 290 454 331; x_wconf 81' lang='lat' dir='ltr'><strong>quorsum</strong></span> <span class='ocrx_word' id='word_1_6' title='bbox 496 274 681 331; x_wconf 88' lang='lat' dir='ltr'>denique</span> <span class='ocrx_word' id='word_1_7' title='bbox 722 282 919 332; x_wconf 75' lang='lat' dir='ltr'><strong>spectent</strong></span> <span class='ocrx_word' id='word_1_8' title='bbox 963 291 1073 332; x_wconf 85' lang='lat' dir='ltr'>quae</span> <span class='ocrx_word' id='word_1_9' title='bbox 1111 277 1155 318; x_wconf 91' lang='lat' dir='ltr'>in</span> <span class='ocrx_word' id='word_1_10' title='bbox 1193 291 1244 318; x_wconf 83' lang='lat' dir='ltr'>ea</span> <span class='ocrx_word' id='word_1_11' title='bbox 1282 283 1385 318; x_wconf 85' lang='lat' dir='ltr'>sunt</span> 
     </span>
     <span class='ocr_line' id='line_1_3' title="bbox 38 333 1386 389; baseline -0.001 -13"><span class='ocrx_word' id='word_1_12' title='bbox 38 333 238 389; x_wconf 85' lang='lat' dir='ltr'>exposita</span> <span class='ocrx_word' id='word_1_13' title='bbox 265 338 309 374; x_wconf 91' lang='lat' dir='ltr'>et</span> <span class='ocrx_word' id='word_1_14' title='bbox 329 347 557 388; x_wconf 82' lang='lat' dir='ltr'>quamnam</span> <span class='ocrx_word' id='word_1_15' title='bbox 588 348 638 374; x_wconf 89' lang='lat' dir='ltr'>ea</span> <span class='ocrx_word' id='word_1_16' title='bbox 655 347 752 374; x_wconf 87' lang='lat' dir='ltr'>cum</span> <span class='ocrx_word' id='word_1_17' title='bbox 782 338 875 374; x_wconf 90' lang='lat' dir='ltr'>toto</span> <span class='ocrx_word' id='word_1_18' title='bbox 906 347 1034 389; x_wconf 88' lang='lat' dir='ltr'>opere</span> <span class='ocrx_word' id='word_1_19' title='bbox 1064 333 1253 375; x_wconf 87' lang='lat' dir='ltr'>habeant</span> <span class='ocrx_word' id='word_1_20' title='bbox 1282 348 1386 376; x_wconf 89' lang='lat' dir='ltr'>con-</span> 
     </span>
     <span class='ocr_line' id='line_1_4' title="bbox 36 390 1385 446; baseline 0 -14"><span class='ocrx_word' id='word_1_21' title='bbox 36 390 312 432; x_wconf 89' lang='lat' dir='ltr'>iunctionem.</span> <span class='ocrx_word' id='word_1_22' title='bbox 372 390 570 445; x_wconf 78' lang='lat' dir='ltr'><strong>Apparet</strong></span> <span class='ocrx_word' id='word_1_23' title='bbox 608 390 748 444; x_wconf 88' lang='lat' dir='ltr'>enim,</span> <span class='ocrx_word' id='word_1_24' title='bbox 782 390 958 446; x_wconf 76' lang='lat' dir='ltr'>opinor,</span> <span class='ocrx_word' id='word_1_25' title='bbox 1010 390 1262 444; x_wconf 74' lang='lat' dir='ltr'>clarissime,</span> <span class='ocrx_word' id='word_1_26' title='bbox 1295 397 1385 432; x_wconf 90' lang='lat' dir='ltr'>tam</span> 
     </span>
     <span class='ocr_line' id='line_1_5' title="bbox 35 445 1386 504; baseline 0 -15"><span class='ocrx_word' id='word_1_27' title='bbox 35 445 338 504; x_wconf 83' lang='lat' dir='ltr'>philosophiae</span> <span class='ocrx_word' id='word_1_28' title='bbox 371 461 501 501; x_wconf 89' lang='lat' dir='ltr'>quam</span> <span class='ocrx_word' id='word_1_29' title='bbox 541 446 782 489; x_wconf 81' lang='lat' dir='ltr'>rhetoricae</span> <span class='ocrx_word' id='word_1_30' title='bbox 822 447 868 488; x_wconf 92' lang='lat' dir='ltr'>in</span> <span class='ocrx_word' id='word_1_31' title='bbox 899 462 950 488; x_wconf 91' lang='lat' dir='ltr'>ea</span> <span class='ocrx_word' id='word_1_32' title='bbox 978 447 1040 488; x_wconf 85' lang='lat' dir='ltr'>ita</span> <span class='ocrx_word' id='word_1_33' title='bbox 1070 446 1261 489; x_wconf 80' lang='lat' dir='ltr'>habitam</span> <span class='ocrx_word' id='word_1_34' title='bbox 1291 462 1386 490; x_wconf 87' lang='lat' dir='ltr'>esse</span> 
     </span>
     <span class='ocr_line' id='line_1_6' title="bbox 36 503 1386 560; baseline 0 -14"><span class='ocrx_word' id='word_1_35' title='bbox 36 504 264 558; x_wconf 88' lang='lat' dir='ltr'>rationem,</span> <span class='ocrx_word' id='word_1_36' title='bbox 294 509 343 545; x_wconf 89' lang='lat' dir='ltr'>ut</span> <span class='ocrx_word' id='word_1_37' title='bbox 376 508 419 545; x_wconf 91' lang='lat' dir='ltr'>et</span> <span class='ocrx_word' id='word_1_38' title='bbox 447 503 561 545; x_wconf 89' lang='lat' dir='ltr'>illius</span> <span class='ocrx_word' id='word_1_39' title='bbox 591 504 754 545; x_wconf 88' lang='lat' dir='ltr'>fontem</span> <span class='ocrx_word' id='word_1_40' title='bbox 791 503 1039 560; x_wconf 88' lang='lat' dir='ltr'>primarium</span> <span class='ocrx_word' id='word_1_41' title='bbox 1068 503 1112 544; x_wconf 93' lang='lat' dir='ltr'>in</span> <span class='ocrx_word' id='word_1_42' title='bbox 1149 519 1291 546; x_wconf 90' lang='lat' dir='ltr'>rerum</span> <span class='ocrx_word' id='word_1_43' title='bbox 1322 504 1386 546; x_wconf 87' lang='lat' dir='ltr'>di-</span> 
     </span>
     <span class='ocr_line' id='line_1_7' title="bbox 36 559 1388 618; baseline -0.001 -14"><span class='ocrx_word' id='word_1_44' title='bbox 36 561 237 605; x_wconf 89' lang='lat' dir='ltr'>vinarum</span> <span class='ocrx_word' id='word_1_45' title='bbox 277 575 420 602; x_wconf 89' lang='lat' dir='ltr'>amore</span> <span class='ocrx_word' id='word_1_46' title='bbox 459 559 717 615; x_wconf 83' lang='lat' dir='ltr'>divinaeque</span> <span class='ocrx_word' id='word_1_47' title='bbox 755 561 950 603; x_wconf 85' lang='lat' dir='ltr'>veritatis</span> <span class='ocrx_word' id='word_1_48' title='bbox 998 559 1231 602; x_wconf 83' lang='lat' dir='ltr'>intuendae</span> <span class='ocrx_word' id='word_1_49' title='bbox 1282 576 1388 618; x_wconf 85' lang='lat' dir='ltr'>cog-</span> 
     </span>
     <span class='ocr_line' id='line_1_8' title="bbox 37 616 1388 672; baseline -0.001 -12"><span class='ocrx_word' id='word_1_50' title='bbox 37 616 371 672; x_wconf 88' lang='lat' dir='ltr'>noscendaeque</span> <span class='ocrx_word' id='word_1_51' title='bbox 404 616 609 659; x_wconf 77' lang='lat' dir='ltr'>facultate</span> <span class='ocrx_word' id='word_1_52' title='bbox 641 617 792 660; x_wconf 88' lang='lat' dir='ltr'>animis</span> <span class='ocrx_word' id='word_1_53' title='bbox 823 618 981 660; x_wconf 89' lang='lat' dir='ltr'>nostris</span> <span class='ocrx_word' id='word_1_54' title='bbox 1002 617 1208 659; x_wconf 85' lang='lat' dir='ltr'>divinitus</span> <span class='ocrx_word' id='word_1_55' title='bbox 1226 617 1388 660; x_wconf 85' lang='lat' dir='ltr'>tributa</span> 
     </span>
     <span class='ocr_line' id='line_1_9' title="bbox 39 673 1388 730; baseline 0 -14"><span class='ocrx_word' id='word_1_56' title='bbox 39 673 331 730; x_wconf 88' lang='lat' dir='ltr'>quaerendum</span> <span class='ocrx_word' id='word_1_57' title='bbox 363 689 456 716; x_wconf 89' lang='lat' dir='ltr'>esse</span> <span class='ocrx_word' id='word_1_58' title='bbox 487 673 717 729; x_wconf 86' lang='lat' dir='ltr'>doceatur,</span> <span class='ocrx_word' id='word_1_59' title='bbox 751 681 794 717; x_wconf 90' lang='lat' dir='ltr'>et</span> <span class='ocrx_word' id='word_1_60' title='bbox 823 675 951 717; x_wconf 90' lang='lat' dir='ltr'>huius</span> <span class='ocrx_word' id='word_1_61' title='bbox 982 675 1069 716; x_wconf 86' lang='lat' dir='ltr'>vim</span> <span class='ocrx_word' id='word_1_62' title='bbox 1099 689 1268 716; x_wconf 88' lang='lat' dir='ltr'>omnem</span> <span class='ocrx_word' id='word_1_63' title='bbox 1296 689 1388 716; x_wconf 89' lang='lat' dir='ltr'>ma-</span> 
     </span>
     <span class='ocr_line' id='line_1_10' title="bbox 37 730 1388 787; baseline 0 -14"><span class='ocrx_word' id='word_1_64' title='bbox 37 746 140 773; x_wconf 91' lang='lat' dir='ltr'>nare</span> <span class='ocrx_word' id='word_1_65' title='bbox 182 737 381 787; x_wconf 87' lang='lat' dir='ltr'>oportere</span> <span class='ocrx_word' id='word_1_66' title='bbox 433 730 753 774; x_wconf 83' lang='lat' dir='ltr'>demonstretur</span> <span class='ocrx_word' id='word_1_67' title='bbox 806 732 859 774; x_wconf 91' lang='lat' dir='ltr'>ab</span> <span class='ocrx_word' id='word_1_68' title='bbox 913 731 1043 773; x_wconf 90' lang='lat' dir='ltr'>animi</span> <span class='ocrx_word' id='word_1_69' title='bbox 1090 747 1234 773; x_wconf 91' lang='lat' dir='ltr'>rerum</span> <span class='ocrx_word' id='word_1_70' title='bbox 1289 745 1388 773; x_wconf 88' lang='lat' dir='ltr'>coe-</span> 
     </span>
     <span class='ocr_line' id='line_1_11' title="bbox 37 787 1390 845; baseline -0.001 -14"><span class='ocrx_word' id='word_1_71' title='bbox 37 788 210 831; x_wconf 87' lang='lat' dir='ltr'>lestium</span> <span class='ocrx_word' id='word_1_72' title='bbox 251 787 395 830; x_wconf 88' lang='lat' dir='ltr'>studio</span> <span class='ocrx_word' id='word_1_73' title='bbox 437 794 481 829; x_wconf 93' lang='lat' dir='ltr'>et</span> <span class='ocrx_word' id='word_1_74' title='bbox 519 789 783 845; x_wconf 75' lang='lat' dir='ltr'>cogitatione</span> <span class='ocrx_word' id='word_1_75' title='bbox 824 804 993 831; x_wconf 89' lang='lat' dir='ltr'>sursum</span> <span class='ocrx_word' id='word_1_76' title='bbox 1034 788 1137 830; x_wconf 87' lang='lat' dir='ltr'>elati</span> <span class='ocrx_word' id='word_1_77' title='bbox 1176 803 1390 845; x_wconf 88' lang='lat' dir='ltr'>generosa</span> 
     </span>
     <span class='ocr_line' id='line_1_12' title="bbox 38 843 1390 902; baseline -0.001 -14"><span class='ocrx_word' id='word_1_78' title='bbox 38 843 350 902; x_wconf 84' lang='lat' dir='ltr'>magnitudine.</span> <span class='ocrx_word' id='word_1_79' title='bbox 410 843 543 898; x_wconf 75' lang='lat' dir='ltr'>Quod</span> <span class='ocrx_word' id='word_1_80' title='bbox 573 846 610 887; x_wconf 86' lang='lat' dir='ltr'>si</span> <span class='ocrx_word' id='word_1_81' title='bbox 637 846 698 887; x_wconf 87' lang='lat' dir='ltr'>ita</span> <span class='ocrx_word' id='word_1_82' title='bbox 729 852 807 900; x_wconf 89' lang='lat' dir='ltr'>est,</span> <span class='ocrx_word' id='word_1_83' title='bbox 842 861 935 888; x_wconf 91' lang='lat' dir='ltr'>esse</span> <span class='ocrx_word' id='word_1_84' title='bbox 964 851 1107 887; x_wconf 86' lang='lat' dir='ltr'>autem</span> <span class='ocrx_word' id='word_1_85' title='bbox 1136 846 1220 899; x_wconf 84' lang='lat' dir='ltr'>ita,</span> <span class='ocrx_word' id='word_1_86' title='bbox 1253 845 1390 887; x_wconf 90' lang='lat' dir='ltr'>nemi-</span> 
     </span>
     <span class='ocr_line' id='line_1_13' title="bbox 39 901 1387 958; baseline 0 -15"><span class='ocrx_word' id='word_1_87' title='bbox 39 917 139 944; x_wconf 90' lang='lat' dir='ltr'>nem</span> <span class='ocrx_word' id='word_1_88' title='bbox 169 907 285 943; x_wconf 89' lang='lat' dir='ltr'>certe</span> <span class='ocrx_word' id='word_1_89' title='bbox 317 901 514 944; x_wconf 88' lang='lat' dir='ltr'>dubitare</span> <span class='ocrx_word' id='word_1_90' title='bbox 546 902 690 944; x_wconf 87' lang='lat' dir='ltr'>sinent</span> <span class='ocrx_word' id='word_1_91' title='bbox 720 918 772 944; x_wconf 86' lang='lat' dir='ltr'>ea</span> <span class='ocrx_word' id='word_1_92' title='bbox 803 918 913 958; x_wconf 85' lang='lat' dir='ltr'>quae</span> <span class='ocrx_word' id='word_1_93' title='bbox 943 903 1284 958; x_wconf 80' lang='lat' dir='ltr'>disputavimus,</span> <span class='ocrx_word' id='word_1_94' title='bbox 1322 902 1387 944; x_wconf 81' lang='lat' dir='ltr'>in-</span> 
     </span>
     <span class='ocr_line' id='line_1_14' title="bbox 37 958 1386 1015; baseline 0.001 -16"><span class='ocrx_word' id='word_1_95' title='bbox 37 958 248 1015; x_wconf 88' lang='lat' dir='ltr'>telligitur</span> <span class='ocrx_word' id='word_1_96' title='bbox 276 958 487 1014; x_wconf 87' lang='lat' dir='ltr'>profecto,</span> <span class='ocrx_word' id='word_1_97' title='bbox 519 958 565 999; x_wconf 85' lang='lat' dir='ltr'>id</span> <span class='ocrx_word' id='word_1_98' title='bbox 594 959 711 1014; x_wconf 91' lang='lat' dir='ltr'>quod</span> <span class='ocrx_word' id='word_1_99' title='bbox 742 961 923 1001; x_wconf 85' lang='lat' dir='ltr'>maxime</span> <span class='ocrx_word' id='word_1_100' title='bbox 945 959 1130 1015; x_wconf 81' lang='lat' dir='ltr'>intelligi</span> <span class='ocrx_word' id='word_1_101' title='bbox 1171 959 1386 1013; x_wconf 89' lang='lat' dir='ltr'>volumus,</span> 
     </span>
     <span class='ocr_line' id='line_1_15' title="bbox 39 1015 1389 1072; baseline -0.001 -15"><span class='ocrx_word' id='word_1_102' title='bbox 39 1015 268 1058; x_wconf 81' lang='lat' dir='ltr'>Platonem</span> <span class='ocrx_word' id='word_1_103' title='bbox 286 1017 331 1056; x_wconf 92' lang='lat' dir='ltr'>in</span> <span class='ocrx_word' id='word_1_104' title='bbox 359 1015 441 1057; x_wconf 90' lang='lat' dir='ltr'>hac</span> <span class='ocrx_word' id='word_1_105' title='bbox 469 1021 593 1071; x_wconf 89' lang='lat' dir='ltr'>parte</span> <span class='ocrx_word' id='word_1_106' title='bbox 629 1016 772 1072; x_wconf 86' lang='lat' dir='ltr'>operis</span> <span class='ocrx_word' id='word_1_107' title='bbox 803 1016 1029 1071; x_wconf 84' lang='lat' dir='ltr'>docuisse,</span> <span class='ocrx_word' id='word_1_108' title='bbox 1061 1031 1248 1058; x_wconf 88' lang='lat' dir='ltr'>amorem</span> <span class='ocrx_word' id='word_1_109' title='bbox 1280 1015 1389 1058; x_wconf 89' lang='lat' dir='ltr'>divi-</span> 
     </span>
     <span class='ocr_line' id='line_1_16' title="bbox 40 1071 1388 1129; baseline 0.001 -16"><span class='ocrx_word' id='word_1_110' title='bbox 40 1087 159 1125; x_wconf 78' lang='lat' dir='ltr'>num,</span> <span class='ocrx_word' id='word_1_111' title='bbox 188 1072 318 1129; x_wconf 87' lang='lat' dir='ltr'>longe</span> <span class='ocrx_word' id='word_1_112' title='bbox 334 1071 455 1113; x_wconf 88' lang='lat' dir='ltr'>illum</span> <span class='ocrx_word' id='word_1_113' title='bbox 484 1074 840 1129; x_wconf 81' lang='lat' dir='ltr'>praestantiorem</span> <span class='ocrx_word' id='word_1_114' title='bbox 860 1089 1002 1114; x_wconf 88' lang='lat' dir='ltr'>amore</span> <span class='ocrx_word' id='word_1_115' title='bbox 1032 1073 1214 1129; x_wconf 88' lang='lat' dir='ltr'>vulgari,</span> <span class='ocrx_word' id='word_1_116' title='bbox 1237 1078 1388 1129; x_wconf 82' lang='lat' dir='ltr'>utpote</span> 
     </span>
     <span class='ocr_line' id='line_1_17' title="bbox 40 1128 1388 1186; baseline 0 -15"><span class='ocrx_word' id='word_1_117' title='bbox 40 1135 86 1171; x_wconf 86' lang='lat' dir='ltr'>et</span> <span class='ocrx_word' id='word_1_118' title='bbox 111 1143 190 1184; x_wconf 90' lang='lat' dir='ltr'>per</span> <span class='ocrx_word' id='word_1_119' title='bbox 218 1144 263 1170; x_wconf 90' lang='lat' dir='ltr'>se</span> <span class='ocrx_word' id='word_1_120' title='bbox 294 1128 504 1170; x_wconf 89' lang='lat' dir='ltr'>deteriore</span> <span class='ocrx_word' id='word_1_121' title='bbox 533 1138 576 1170; x_wconf 89' lang='lat' dir='ltr'>et</span> <span class='ocrx_word' id='word_1_122' title='bbox 615 1130 899 1186; x_wconf 80' lang='lat' dir='ltr'>cupiditatum</span> <span class='ocrx_word' id='word_1_123' title='bbox 930 1129 1229 1186; x_wconf 85' lang='lat' dir='ltr'>depravationi</span> <span class='ocrx_word' id='word_1_124' title='bbox 1257 1130 1388 1172; x_wconf 89' lang='lat' dir='ltr'>vehe—</span> 
     </span>
     <span class='ocr_line' id='line_1_18' title="bbox 40 1185 1388 1243; baseline 0 -15"><span class='ocrx_word' id='word_1_125' title='bbox 40 1191 207 1228; x_wconf 85' lang='lat' dir='ltr'>menter</span> <span class='ocrx_word' id='word_1_126' title='bbox 224 1185 429 1239; x_wconf 83' lang='lat' dir='ltr'>obnoxio,</span> <span class='ocrx_word' id='word_1_127' title='bbox 454 1191 496 1226; x_wconf 89' lang='lat' dir='ltr'>et</span> <span class='ocrx_word' id='word_1_128' title='bbox 513 1185 812 1243; x_wconf 83' lang='lat' dir='ltr'>philosophiae</span> <span class='ocrx_word' id='word_1_129' title='bbox 837 1201 932 1228; x_wconf 87' lang='lat' dir='ltr'>esse</span> <span class='ocrx_word' id='word_1_130' title='bbox 957 1192 1194 1243; x_wconf 87' lang='lat' dir='ltr'>parentem,</span> <span class='ocrx_word' id='word_1_131' title='bbox 1227 1187 1388 1243; x_wconf 88' lang='lat' dir='ltr'>quippe</span> 
     </span>
     <span class='ocr_line' id='line_1_19' title="bbox 42 1241 1390 1302; baseline 0.001 -19"><span class='ocrx_word' id='word_1_132' title='bbox 42 1242 118 1298; x_wconf 92' lang='lat' dir='ltr'>qui</span> <span class='ocrx_word' id='word_1_133' title='bbox 156 1242 345 1283; x_wconf 89' lang='lat' dir='ltr'>animum</span> <span class='ocrx_word' id='word_1_134' title='bbox 374 1241 430 1283; x_wconf 90' lang='lat' dir='ltr'>ad</span> <span class='ocrx_word' id='word_1_135' title='bbox 468 1242 665 1284; x_wconf 89' lang='lat' dir='ltr'>idearum</span> <span class='ocrx_word' id='word_1_136' title='bbox 705 1242 896 1286; x_wconf 88' lang='lat' dir='ltr'>studium</span> <span class='ocrx_word' id='word_1_137' title='bbox 935 1249 1146 1300; x_wconf 88' lang='lat' dir='ltr'>perpetuo</span> <span class='ocrx_word' id='word_1_138' title='bbox 1184 1243 1390 1302; x_wconf 74' lang='lat' dir='ltr'>incendat</span> 
     </span>
     <span class='ocr_line' id='line_1_20' title="bbox 41 1299 1388 1357; baseline 0.001 -17"><span class='ocrx_word' id='word_1_139' title='bbox 41 1305 171 1354; x_wconf 89' lang='lat' dir='ltr'>atque</span> <span class='ocrx_word' id='word_1_140' title='bbox 202 1299 423 1356; x_wconf 87' lang='lat' dir='ltr'>generosis</span> <span class='ocrx_word' id='word_1_141' title='bbox 443 1299 657 1341; x_wconf 87' lang='lat' dir='ltr'>celsarum</span> <span class='ocrx_word' id='word_1_142' title='bbox 677 1306 719 1341; x_wconf 90' lang='lat' dir='ltr'>et</span> <span class='ocrx_word' id='word_1_143' title='bbox 738 1300 1065 1357; x_wconf 88' lang='lat' dir='ltr'>magnificarum</span> <span class='ocrx_word' id='word_1_144' title='bbox 1085 1315 1229 1342; x_wconf 88' lang='lat' dir='ltr'>rerum</span> <span class='ocrx_word' id='word_1_145' title='bbox 1252 1301 1388 1343; x_wconf 89' lang='lat' dir='ltr'>sensi-</span> 
     </span>
     <span class='ocr_line' id='line_1_21' title="bbox 41 1356 1390 1413; baseline 0.001 -16"><span class='ocrx_word' id='word_1_146' title='bbox 41 1356 124 1398; x_wconf 89' lang='lat' dir='ltr'>bus</span> <span class='ocrx_word' id='word_1_147' title='bbox 144 1361 187 1397; x_wconf 86' lang='lat' dir='ltr'>et</span> <span class='ocrx_word' id='word_1_148' title='bbox 205 1356 541 1412; x_wconf 84' lang='lat' dir='ltr'>cogitationibus</span> <span class='ocrx_word' id='word_1_149' title='bbox 564 1357 744 1413; x_wconf 88' lang='lat' dir='ltr'>repleat,</span> <span class='ocrx_word' id='word_1_150' title='bbox 769 1363 813 1399; x_wconf 89' lang='lat' dir='ltr'>et</span> <span class='ocrx_word' id='word_1_151' title='bbox 834 1372 962 1399; x_wconf 81' lang='lat' dir='ltr'>verae</span> <span class='ocrx_word' id='word_1_152' title='bbox 983 1357 1255 1413; x_wconf 87' lang='lat' dir='ltr'>eloquentiae</span> <span class='ocrx_word' id='word_1_153' title='bbox 1277 1358 1390 1400; x_wconf 81' lang='lat' dir='ltr'>exis-</span> 
     </span>
     <span class='ocr_line' id='line_1_22' title="bbox 40 1413 1390 1468; baseline 0.001 -14"><span class='ocrx_word' id='word_1_154' title='bbox 40 1418 133 1454; x_wconf 85' lang='lat' dir='ltr'>tere</span> <span class='ocrx_word' id='word_1_155' title='bbox 151 1413 330 1466; x_wconf 85' lang='lat' dir='ltr'>fontem,</span> <span class='ocrx_word' id='word_1_156' title='bbox 352 1428 405 1454; x_wconf 85' lang='lat' dir='ltr'>ex</span> <span class='ocrx_word' id='word_1_157' title='bbox 429 1429 514 1468; x_wconf 91' lang='lat' dir='ltr'>quo</span> <span class='ocrx_word' id='word_1_158' title='bbox 539 1429 627 1455; x_wconf 89' lang='lat' dir='ltr'>uno</span> <span class='ocrx_word' id='word_1_159' title='bbox 649 1414 787 1456; x_wconf 88' lang='lat' dir='ltr'>omnis</span> <span class='ocrx_word' id='word_1_160' title='bbox 809 1414 900 1456; x_wconf 89' lang='lat' dir='ltr'>eius</span> <span class='ocrx_word' id='word_1_161' title='bbox 932 1415 996 1456; x_wconf 89' lang='lat' dir='ltr'>vis</span> <span class='ocrx_word' id='word_1_162' title='bbox 1017 1429 1190 1456; x_wconf 87' lang='lat' dir='ltr'>manare</span> <span class='ocrx_word' id='word_1_163' title='bbox 1221 1414 1390 1456; x_wconf 81' lang='lat' dir='ltr'>debeat..</span> 
     </span>
    </p>

    <p class='ocr_par' dir='ltr' id='par_1_3' title="bbox 42 1469 1404 2775">
     <span class='ocr_line' id='line_1_23' title="bbox 155 1469 1391 1528; baseline 0.001 -17"><span class='ocrx_word' id='word_1_164' title='bbox 155 1470 240 1512; x_wconf 80' lang='lat' dir='ltr'>His</span> <span class='ocrx_word' id='word_1_165' title='bbox 278 1485 381 1512; x_wconf 90' lang='lat' dir='ltr'>vero</span> <span class='ocrx_word' id='word_1_166' title='bbox 420 1470 483 1511; x_wconf 88' lang='lat' dir='ltr'>ita</span> <span class='ocrx_word' id='word_1_167' title='bbox 523 1470 753 1527; x_wconf 82' lang='lat' dir='ltr'>disputatis</span> <span class='ocrx_word' id='word_1_168' title='bbox 792 1472 877 1512; x_wconf 89' lang='lat' dir='ltr'>iam</span> <span class='ocrx_word' id='word_1_169' title='bbox 921 1469 1224 1528; x_wconf 83' lang='lat' dir='ltr'>aggrediamur</span> <span class='ocrx_word' id='word_1_170' title='bbox 1264 1472 1391 1514; x_wconf 86' lang='lat' dir='ltr'>etiam</span> 
     </span>
     <span class='ocr_line' id='line_1_24' title="bbox 43 1526 1391 1584; baseline 0 -15"><span class='ocrx_word' id='word_1_171' title='bbox 43 1526 100 1569; x_wconf 88' lang='lat' dir='ltr'>ad</span> <span class='ocrx_word' id='word_1_172' title='bbox 138 1526 407 1569; x_wconf 83' lang='lat' dir='ltr'>lustrandam</span> <span class='ocrx_word' id='word_1_173' title='bbox 445 1529 730 1583; x_wconf 75' lang='lat' dir='ltr'>posteriorem</span> <span class='ocrx_word' id='word_1_174' title='bbox 770 1528 865 1570; x_wconf 88' lang='lat' dir='ltr'>libri</span> <span class='ocrx_word' id='word_1_175' title='bbox 907 1535 1096 1584; x_wconf 87' lang='lat' dir='ltr'>partem,</span> <span class='ocrx_word' id='word_1_176' title='bbox 1131 1544 1260 1584; x_wconf 87' lang='lat' dir='ltr'>quam</span> <span class='ocrx_word' id='word_1_177' title='bbox 1288 1529 1391 1570; x_wconf 86' lang='lat' dir='ltr'>item</span> 
     </span>
     <span class='ocr_line' id='line_1_25' title="bbox 42 1583 1392 1641; baseline 0.001 -17"><span class='ocrx_word' id='word_1_178' title='bbox 42 1584 194 1641; x_wconf 86' lang='lat' dir='ltr'>paucis</span> <span class='ocrx_word' id='word_1_179' title='bbox 237 1583 544 1626; x_wconf 88' lang='lat' dir='ltr'>dilucidavisse</span> <span class='ocrx_word' id='word_1_180' title='bbox 582 1585 760 1627; x_wconf 85' lang='lat' dir='ltr'>iuvabit.</span> <span class='ocrx_word' id='word_1_181' title='bbox 833 1584 1210 1637; x_wconf 77' lang='lat' dir='ltr'>Quemadmodum</span> <span class='ocrx_word' id='word_1_182' title='bbox 1249 1591 1392 1627; x_wconf 90' lang='lat' dir='ltr'>autem</span> 
     </span>
     <span class='ocr_line' id='line_1_26' title="bbox 43 1640 1394 1696; baseline 0.001 -15"><span class='ocrx_word' id='word_1_183' title='bbox 43 1642 89 1682; x_wconf 91' lang='lat' dir='ltr'>in</span> <span class='ocrx_word' id='word_1_184' title='bbox 151 1640 442 1696; x_wconf 88' lang='lat' dir='ltr'>superioribus</span> <span class='ocrx_word' id='word_1_185' title='bbox 493 1641 679 1683; x_wconf 85' lang='lat' dir='ltr'>vidimus</span> <span class='ocrx_word' id='word_1_186' title='bbox 737 1657 929 1683; x_wconf 87' lang='lat' dir='ltr'>amorem</span> <span class='ocrx_word' id='word_1_187' title='bbox 992 1641 1239 1683; x_wconf 88' lang='lat' dir='ltr'>divinum</span> <span class='ocrx_word' id='word_1_188' title='bbox 1296 1657 1394 1683; x_wconf 88' lang='lat' dir='ltr'>eum</span> 
     </span>
     <span class='ocr_line' id='line_1_27' title="bbox 45 1697 1393 1755; baseline 0.001 -17"><span class='ocrx_word' id='word_1_189' title='bbox 45 1697 301 1751; x_wconf 87' lang='lat' dir='ltr'>deformari,</span> <span class='ocrx_word' id='word_1_190' title='bbox 335 1697 408 1752; x_wconf 90' lang='lat' dir='ltr'>qui</span> <span class='ocrx_word' id='word_1_191' title='bbox 439 1698 626 1739; x_wconf 89' lang='lat' dir='ltr'>animum</span> <span class='ocrx_word' id='word_1_192' title='bbox 655 1705 867 1755; x_wconf 86' lang='lat' dir='ltr'>perpetuo</span> <span class='ocrx_word' id='word_1_193' title='bbox 898 1699 1175 1741; x_wconf 87' lang='lat' dir='ltr'>inenarrabili</span> <span class='ocrx_word' id='word_1_194' title='bbox 1205 1698 1393 1753; x_wconf 88' lang='lat' dir='ltr'>quodam</span> 
     </span>
     <span class='ocr_line' id='line_1_28' title="bbox 45 1753 1394 1798; baseline 0.001 -3"><span class='ocrx_word' id='word_1_195' title='bbox 45 1753 239 1796; x_wconf 89' lang='lat' dir='ltr'>idearum</span> <span class='ocrx_word' id='word_1_196' title='bbox 269 1754 359 1796; x_wconf 86' lang='lat' dir='ltr'>sive</span> <span class='ocrx_word' id='word_1_197' title='bbox 401 1753 573 1796; x_wconf 88' lang='lat' dir='ltr'>divinae</span> <span class='ocrx_word' id='word_1_198' title='bbox 602 1756 797 1798; x_wconf 86' lang='lat' dir='ltr'>veritatis</span> <span class='ocrx_word' id='word_1_199' title='bbox 828 1755 1042 1797; x_wconf 88' lang='lat' dir='ltr'>desiderio</span> <span class='ocrx_word' id='word_1_200' title='bbox 1073 1762 1245 1797; x_wconf 88' lang='lat' dir='ltr'>moveat</span> <span class='ocrx_word' id='word_1_201' title='bbox 1274 1755 1394 1797; x_wconf 87' lang='lat' dir='ltr'>ideo-</span> 
     </span>
     <span class='ocr_line' id='line_1_29' title="bbox 48 1811 1394 1869; baseline 0.001 -17"><span class='ocrx_word' id='word_1_202' title='bbox 48 1825 131 1867; x_wconf 90' lang='lat' dir='ltr'>que</span> <span class='ocrx_word' id='word_1_203' title='bbox 163 1826 188 1852; x_wconf 89' lang='lat' dir='ltr'>a</span> <span class='ocrx_word' id='word_1_204' title='bbox 217 1811 331 1852; x_wconf 88' lang='lat' dir='ltr'>vitae</span> <span class='ocrx_word' id='word_1_205' title='bbox 361 1812 599 1853; x_wconf 83' lang='lat' dir='ltr'>communis</span> <span class='ocrx_word' id='word_1_206' title='bbox 639 1812 879 1854; x_wconf 84' lang='lat' dir='ltr'>humilitate</span> <span class='ocrx_word' id='word_1_207' title='bbox 911 1827 962 1854; x_wconf 85' lang='lat' dir='ltr'>ac</span> <span class='ocrx_word' id='word_1_208' title='bbox 990 1812 1261 1869; x_wconf 86' lang='lat' dir='ltr'>turpitudine</span> <span class='ocrx_word' id='word_1_209' title='bbox 1292 1827 1394 1854; x_wconf 88' lang='lat' dir='ltr'>avo-</span> 
     </span>
     <span class='ocr_line' id='line_1_30' title="bbox 47 1866 1397 1924; baseline 0 -14"><span class='ocrx_word' id='word_1_210' title='bbox 47 1878 191 1910; x_wconf 86' lang='lat' dir='ltr'>catum</span> <span class='ocrx_word' id='word_1_211' title='bbox 230 1866 287 1909; x_wconf 90' lang='lat' dir='ltr'>ad</span> <span class='ocrx_word' id='word_1_212' title='bbox 324 1868 532 1910; x_wconf 89' lang='lat' dir='ltr'>maiorem</span> <span class='ocrx_word' id='word_1_213' title='bbox 562 1868 777 1924; x_wconf 88' lang='lat' dir='ltr'>quandam</span> <span class='ocrx_word' id='word_1_214' title='bbox 807 1869 1079 1911; x_wconf 87' lang='lat' dir='ltr'>altitudinem</span> <span class='ocrx_word' id='word_1_215' title='bbox 1108 1868 1323 1912; x_wconf 88' lang='lat' dir='ltr'>sentiendi</span> <span class='ocrx_word' id='word_1_216' title='bbox 1353 1875 1397 1910; x_wconf 90' lang='lat' dir='ltr'>et</span> 
     </span>
     <span class='ocr_line' id='line_1_31' title="bbox 49 1924 1397 1981; baseline 0 -14"><span class='ocrx_word' id='word_1_217' title='bbox 49 1924 273 1981; x_wconf 86' lang='lat' dir='ltr'>cogitandi</span> <span class='ocrx_word' id='word_1_218' title='bbox 311 1925 503 1979; x_wconf 77' lang='lat' dir='ltr'>attollat,</span> <span class='ocrx_word' id='word_1_219' title='bbox 550 1932 598 1967; x_wconf 90' lang='lat' dir='ltr'>ut</span> <span class='ocrx_word' id='word_1_220' title='bbox 638 1926 766 1968; x_wconf 82' lang='lat' dir='ltr'>etiam</span> <span class='ocrx_word' id='word_1_221' title='bbox 806 1926 1023 1968; x_wconf 87' lang='lat' dir='ltr'>rhetorica</span> <span class='ocrx_word' id='word_1_222' title='bbox 1060 1926 1173 1968; x_wconf 87' lang='lat' dir='ltr'>illius</span> <span class='ocrx_word' id='word_1_223' title='bbox 1224 1926 1397 1968; x_wconf 89' lang='lat' dir='ltr'>demum</span> 
     </span>
     <span class='ocr_line' id='line_1_32' title="bbox 48 1982 1398 2040; baseline 0.001 -18"><span class='ocrx_word' id='word_1_224' title='bbox 48 1987 170 2023; x_wconf 91' lang='lat' dir='ltr'>motu</span> <span class='ocrx_word' id='word_1_225' title='bbox 210 1987 339 2036; x_wconf 89' lang='lat' dir='ltr'>atque</span> <span class='ocrx_word' id='word_1_226' title='bbox 378 1982 534 2038; x_wconf 90' lang='lat' dir='ltr'>spiritu</span> <span class='ocrx_word' id='word_1_227' title='bbox 587 1989 791 2040; x_wconf 84' lang='lat' dir='ltr'>suscepto</span> <span class='ocrx_word' id='word_1_228' title='bbox 835 1984 921 2024; x_wconf 92' lang='lat' dir='ltr'>vim</span> <span class='ocrx_word' id='word_1_229' title='bbox 969 1984 1161 2025; x_wconf 82' lang='lat' dir='ltr'>nancisci</span> <span class='ocrx_word' id='word_1_230' title='bbox 1209 1983 1398 2038; x_wconf 88' lang='lat' dir='ltr'>aliquam</span> 
     </span>
     <span class='ocr_line' id='line_1_33' title="bbox 49 2037 1396 2095; baseline 0.001 -16"><span class='ocrx_word' id='word_1_231' title='bbox 49 2038 95 2079; x_wconf 90' lang='lat' dir='ltr'>in</span> <span class='ocrx_word' id='word_1_232' title='bbox 132 2037 317 2080; x_wconf 89' lang='lat' dir='ltr'>dicendo</span> <span class='ocrx_word' id='word_1_233' title='bbox 352 2038 511 2095; x_wconf 85' lang='lat' dir='ltr'>possit3</span> <span class='ocrx_word' id='word_1_234' title='bbox 549 2039 610 2080; x_wconf 91' lang='lat' dir='ltr'>ita</span> <span class='ocrx_word' id='word_1_235' title='bbox 645 2046 739 2082; x_wconf 90' lang='lat' dir='ltr'>toto</span> <span class='ocrx_word' id='word_1_236' title='bbox 778 2040 862 2082; x_wconf 91' lang='lat' dir='ltr'>hoc</span> <span class='ocrx_word' id='word_1_237' title='bbox 900 2040 1021 2094; x_wconf 75' lang='lat'>1000,</span> <span class='ocrx_word' id='word_1_238' title='bbox 1064 2040 1138 2095; x_wconf 91' lang='lat' dir='ltr'>qui</span> <span class='ocrx_word' id='word_1_239' title='bbox 1165 2039 1268 2081; x_wconf 86' lang='lat' dir='ltr'>inde</span> <span class='ocrx_word' id='word_1_240' title='bbox 1300 2055 1325 2081; x_wconf 87' lang='lat' dir='ltr'>a</span> <span class='ocrx_word' id='word_1_241' title='bbox 1353 2055 1396 2095; x_wconf 88' lang='lat' dir='ltr'>p.</span> 
     </span>
     <span class='ocr_line' id='line_1_34' title="bbox 51 2093 1399 2153; baseline 0 -16"><span class='ocrx_word' id='word_1_242' title='bbox 51 2095 147 2137; x_wconf 74' lang='lat'>257.</span> <span class='ocrx_word' id='word_1_243' title='bbox 187 2093 238 2137; x_wconf 88' lang='lat' dir='ltr'>C.</span> <span class='ocrx_word' id='word_1_244' title='bbox 267 2110 405 2151; x_wconf 89' lang='lat' dir='ltr'>usque</span> <span class='ocrx_word' id='word_1_245' title='bbox 436 2094 490 2136; x_wconf 91' lang='lat' dir='ltr'>ad</span> <span class='ocrx_word' id='word_1_246' title='bbox 519 2096 680 2138; x_wconf 83' lang='lat' dir='ltr'>exitum</span> <span class='ocrx_word' id='word_1_247' title='bbox 719 2096 928 2139; x_wconf 88' lang='lat' dir='ltr'>sermonis</span> <span class='ocrx_word' id='word_1_248' title='bbox 966 2097 1220 2153; x_wconf 77' lang='lat' dir='ltr'>explicatur,</span> <span class='ocrx_word' id='word_1_249' title='bbox 1252 2097 1399 2153; x_wconf 89' lang='lat' dir='ltr'>impri-</span> 
     </span>
     <span class='ocr_line' id='line_1_35' title="bbox 52 2150 1399 2210; baseline 0.001 -18"><span class='ocrx_word' id='word_1_250' title='bbox 52 2151 131 2193; x_wconf 91' lang='lat' dir='ltr'>mis</span> <span class='ocrx_word' id='word_1_251' title='bbox 172 2150 523 2195; x_wconf 88' lang='lat' dir='ltr'>dialecticae</span> <span class='ocrx_word' id='word_1_252' title='bbox 561 2154 665 2195; x_wconf 90' lang='lat' dir='ltr'>vim</span> <span class='ocrx_word' id='word_1_253' title='bbox 703 2160 755 2195; x_wconf 92' lang='lat' dir='ltr'>et</span> <span class='ocrx_word' id='word_1_254' title='bbox 783 2153 1194 2210; x_wconf 87' lang='lat' dir='ltr'>praestantiam</span> <span class='ocrx_word' id='word_1_255' title='bbox 1226 2152 1399 2195; x_wconf 81' lang='lat' dir='ltr'>ostendi</span> 
     </span>
     <span class='ocr_line' id='line_1_36' title="bbox 55 2208 1399 2264; baseline 0.002 -16"><span class='ocrx_word' id='word_1_256' title='bbox 55 2213 99 2248; x_wconf 89' lang='lat' dir='ltr'>et</span> <span class='ocrx_word' id='word_1_257' title='bbox 137 2208 182 2249; x_wconf 93' lang='lat' dir='ltr'>in</span> <span class='ocrx_word' id='word_1_258' title='bbox 223 2209 338 2250; x_wconf 88' lang='lat' dir='ltr'>clara</span> <span class='ocrx_word' id='word_1_259' title='bbox 373 2209 471 2251; x_wconf 89' lang='lat' dir='ltr'>luce</span> <span class='ocrx_word' id='word_1_260' title='bbox 514 2210 719 2252; x_wconf 90' lang='lat' dir='ltr'>collocari</span> <span class='ocrx_word' id='word_1_261' title='bbox 768 2211 1051 2264; x_wconf 74' lang='lat' dir='ltr'>arbitramur,</span> <span class='ocrx_word' id='word_1_262' title='bbox 1108 2210 1231 2252; x_wconf 88' lang='lat' dir='ltr'>cuius</span> <span class='ocrx_word' id='word_1_263' title='bbox 1282 2215 1399 2252; x_wconf 87' lang='lat' dir='ltr'>certe</span> 
     </span>
     <span class='ocr_line' id='line_1_37' title="bbox 55 2266 1400 2321; baseline 0.003 -17"><span class='ocrx_word' id='word_1_264' title='bbox 55 2268 207 2319; x_wconf 84' lang='lat' dir='ltr'>natura</span> <span class='ocrx_word' id='word_1_265' title='bbox 253 2270 383 2321; x_wconf 87' lang='lat' dir='ltr'>atque</span> <span class='ocrx_word' id='word_1_266' title='bbox 432 2266 570 2309; x_wconf 89' lang='lat' dir='ltr'>virtus</span> <span class='ocrx_word' id='word_1_267' title='bbox 620 2268 758 2310; x_wconf 89' lang='lat' dir='ltr'>omnis</span> <span class='ocrx_word' id='word_1_268' title='bbox 799 2267 860 2308; x_wconf 87' lang='lat' dir='ltr'>ita</span> <span class='ocrx_word' id='word_1_269' title='bbox 903 2267 1166 2320; x_wconf 85' lang='lat' dir='ltr'>illustratur,</span> <span class='ocrx_word' id='word_1_270' title='bbox 1218 2272 1268 2308; x_wconf 90' lang='lat' dir='ltr'>ut</span> <span class='ocrx_word' id='word_1_271' title='bbox 1306 2282 1400 2309; x_wconf 89' lang='lat' dir='ltr'>eam</span> 
     </span>
     <span class='ocr_line' id='line_1_38' title="bbox 56 2322 1400 2381; baseline 0.003 -20"><span class='ocrx_word' id='word_1_272' title='bbox 56 2334 184 2362; x_wconf 85' lang='lat' dir='ltr'>unam</span> <span class='ocrx_word' id='word_1_273' title='bbox 233 2323 438 2378; x_wconf 89' lang='lat' dir='ltr'>optimam</span> <span class='ocrx_word' id='word_1_274' title='bbox 487 2323 580 2365; x_wconf 91' lang='lat' dir='ltr'>veri</span> <span class='ocrx_word' id='word_1_275' title='bbox 617 2323 911 2381; x_wconf 85' lang='lat' dir='ltr'>intelligendi,</span> <span class='ocrx_word' id='word_1_276' title='bbox 953 2322 1246 2378; x_wconf 86' lang='lat' dir='ltr'>disquirendi,</span> <span class='ocrx_word' id='word_1_277' title='bbox 1286 2323 1400 2365; x_wconf 88' lang='lat' dir='ltr'>iudi-</span> 
     </span>
     <span class='ocr_line' id='line_1_39' title="bbox 58 2375 1400 2437; baseline 0.003 -20"><span class='ocrx_word' id='word_1_278' title='bbox 58 2375 200 2431; x_wconf 88' lang='lat' dir='ltr'>candi,</span> <span class='ocrx_word' id='word_1_279' title='bbox 255 2378 499 2435; x_wconf 83' lang='lat' dir='ltr'>explicandi</span> <span class='ocrx_word' id='word_1_280' title='bbox 548 2386 678 2436; x_wconf 89' lang='lat' dir='ltr'>atque</span> <span class='ocrx_word' id='word_1_281' title='bbox 717 2380 904 2422; x_wconf 91' lang='lat' dir='ltr'>docendi</span> <span class='ocrx_word' id='word_1_282' title='bbox 948 2386 1083 2422; x_wconf 90' lang='lat' dir='ltr'>artem</span> <span class='ocrx_word' id='word_1_283' title='bbox 1125 2396 1175 2423; x_wconf 88' lang='lat' dir='ltr'>ac</span> <span class='ocrx_word' id='word_1_284' title='bbox 1208 2380 1400 2437; x_wconf 89' lang='lat' dir='ltr'>discipli-</span> 
     </span>
     <span class='ocr_line' id='line_1_40' title="bbox 58 2437 1402 2493; baseline 0.003 -19"><span class='ocrx_word' id='word_1_285' title='bbox 58 2448 158 2475; x_wconf 89' lang='lat' dir='ltr'>nam</span> <span class='ocrx_word' id='word_1_286' title='bbox 189 2448 285 2476; x_wconf 83' lang='lat' dir='ltr'>esse</span> <span class='ocrx_word' id='word_1_287' title='bbox 315 2445 536 2492; x_wconf 87' lang='lat' dir='ltr'>appareat,</span> <span class='ocrx_word' id='word_1_288' title='bbox 568 2437 660 2480; x_wconf 87' lang='lat' dir='ltr'>sine</span> <span class='ocrx_word' id='word_1_289' title='bbox 691 2437 813 2480; x_wconf 92' lang='lat' dir='ltr'>cuius</span> <span class='ocrx_word' id='word_1_290' title='bbox 837 2452 918 2493; x_wconf 89' lang='lat' dir='ltr'>ope</span> <span class='ocrx_word' id='word_1_291' title='bbox 950 2452 1017 2480; x_wconf 86' lang='lat' dir='ltr'>ars</span> <span class='ocrx_word' id='word_1_292' title='bbox 1040 2437 1258 2480; x_wconf 88' lang='lat' dir='ltr'>rhetorica</span> <span class='ocrx_word' id='word_1_293' title='bbox 1283 2437 1402 2479; x_wconf 84' lang='lat' dir='ltr'>nulla</span> 
     </span>
     <span class='ocr_line' id='line_1_41' title="bbox 59 2489 1402 2551; baseline 0.003 -19"><span class='ocrx_word' id='word_1_294' title='bbox 59 2489 128 2532; x_wconf 85' lang='lat' dir='ltr'>sit.</span> <span class='ocrx_word' id='word_1_295' title='bbox 187 2489 258 2531; x_wconf 85' lang='lat' dir='ltr'>Ex</span> <span class='ocrx_word' id='word_1_296' title='bbox 300 2506 384 2546; x_wconf 90' lang='lat' dir='ltr'>quo</span> <span class='ocrx_word' id='word_1_297' title='bbox 424 2499 578 2549; x_wconf 89' lang='lat' dir='ltr'>sponte</span> <span class='ocrx_word' id='word_1_298' title='bbox 607 2494 864 2550; x_wconf 83' lang='lat' dir='ltr'>intelligitur</span> <span class='ocrx_word' id='word_1_299' title='bbox 902 2493 947 2534; x_wconf 91' lang='lat' dir='ltr'>in</span> <span class='ocrx_word' id='word_1_300' title='bbox 984 2493 1066 2535; x_wconf 90' lang='lat' dir='ltr'>hac</span> <span class='ocrx_word' id='word_1_301' title='bbox 1106 2495 1249 2551; x_wconf 83' lang='lat' dir='ltr'>operis</span> <span class='ocrx_word' id='word_1_302' title='bbox 1280 2500 1402 2551; x_wconf 87' lang='lat' dir='ltr'>parte</span> 
     </span>
     <span class='ocr_line' id='line_1_42' title="bbox 58 2545 1403 2607; baseline 0.003 -19"><span class='ocrx_word' id='word_1_303' title='bbox 58 2545 267 2602; x_wconf 75' lang='lat' dir='ltr'>imprimis</span> <span class='ocrx_word' id='word_1_304' title='bbox 291 2546 560 2592; x_wconf 89' lang='lat' dir='ltr'>dialecticam</span> <span class='ocrx_word' id='word_1_305' title='bbox 579 2550 780 2604; x_wconf 85' lang='lat' dir='ltr'>describi,</span> <span class='ocrx_word' id='word_1_306' title='bbox 813 2550 1173 2606; x_wconf 87' lang='lat' dir='ltr'>quemadmodum</span> <span class='ocrx_word' id='word_1_307' title='bbox 1205 2551 1250 2592; x_wconf 93' lang='lat' dir='ltr'>in</span> <span class='ocrx_word' id='word_1_308' title='bbox 1280 2557 1403 2607; x_wconf 85' lang='lat' dir='ltr'>parte</span> 
     </span>
     <span class='ocr_line' id='line_1_43' title="bbox 60 2603 1404 2664; baseline 0.004 -20"><span class='ocrx_word' id='word_1_309' title='bbox 60 2603 161 2645; x_wconf 88' lang='lat' dir='ltr'>libri</span> <span class='ocrx_word' id='word_1_310' title='bbox 208 2603 350 2659; x_wconf 90' lang='lat' dir='ltr'>priore</span> <span class='ocrx_word' id='word_1_311' title='bbox 395 2620 513 2648; x_wconf 88' lang='lat' dir='ltr'>amor</span> <span class='ocrx_word' id='word_1_312' title='bbox 559 2607 846 2664; x_wconf 89' lang='lat' dir='ltr'>philosophus</span> <span class='ocrx_word' id='word_1_313' title='bbox 893 2607 1133 2650; x_wconf 88' lang='lat' dir='ltr'>illustratus</span> <span class='ocrx_word' id='word_1_314' title='bbox 1175 2614 1252 2650; x_wconf 85' lang='lat' dir='ltr'>est.</span> <span class='ocrx_word' id='word_1_315' title='bbox 1320 2608 1404 2650; x_wconf 87' lang='lat' dir='ltr'>Est</span> 
     </span>
     <span class='ocr_line' id='line_1_44' title="bbox 63 2663 1401 2721; baseline 0.004 -21"><span class='ocrx_word' id='word_1_316' title='bbox 63 2664 207 2701; x_wconf 89' lang='lat' dir='ltr'>autem</span> <span class='ocrx_word' id='word_1_317' title='bbox 238 2674 393 2716; x_wconf 87' lang='lat' dir='ltr'>operae</span> <span class='ocrx_word' id='word_1_318' title='bbox 431 2663 617 2717; x_wconf 79' lang='lat' dir='ltr'>pretium</span> <span class='ocrx_word' id='word_1_319' title='bbox 656 2664 887 2721; x_wconf 86' lang='lat' dir='ltr'>diligenter</span> <span class='ocrx_word' id='word_1_320' title='bbox 924 2664 1282 2719; x_wconf 88' lang='lat' dir='ltr'>animadvertere,</span> <span class='ocrx_word' id='word_1_321' title='bbox 1316 2679 1401 2720; x_wconf 92' lang='lat' dir='ltr'>quo</span> 
     </span>
     <span class='ocr_line' id='line_1_45' title="bbox 63 2715 1403 2775; baseline 0.001 -17"><span class='ocrx_word' id='word_1_322' title='bbox 63 2715 247 2758; x_wconf 86' lang='lat' dir='ltr'>artificio</span> <span class='ocrx_word' id='word_1_323' title='bbox 295 2716 580 2775; x_wconf 86' lang='lat' dir='ltr'>philosophus</span> <span class='ocrx_word' id='word_1_324' title='bbox 629 2720 741 2762; x_wconf 84' lang='lat' dir='ltr'>hanc</span> <span class='ocrx_word' id='word_1_325' title='bbox 788 2736 876 2762; x_wconf 82' lang='lat' dir='ltr'>rem</span> <span class='ocrx_word' id='word_1_326' title='bbox 925 2721 1190 2763; x_wconf 83' lang='lat' dir='ltr'>tractaverit.</span> <span class='ocrx_word' id='word_1_327' title='bbox 1270 2719 1403 2774; x_wconf 79' lang='lat' dir='ltr'>Quod</span> 
     </span>
    </p>
   </div>
   <div class='ocr_carea' id='block_1_3' title="bbox 1113 2789 1201 2829">
    <p class='ocr_par' dir='ltr' id='par_1_4' title="bbox 1113 2789 1201 2829">
     <span class='ocr_line' id='line_1_46' title="bbox 1113 2789 1201 2829; baseline 0 -20"><span class='ocrx_word' id='word_1_328' title='bbox 1113 2789 1201 2829; x_wconf 98' lang='lat' dir='ltr'>F</span> 
     </span>
    </p>
   </div>
  </div>
 </body>
</html>
