1687 2969
738 122 779 126 —
853 103 981 142 CXXIV
1056 124 1095 127 -

251 233 330 259 nee
360 217 648 258 necessarium
681 216 826 270 duxit,
860 223 908 258 ut
939 217 992 258 de
1023 233 1072 258 ea
1101 215 1308 272 peculiari
1340 232 1473 272 opera
1503 217 1591 259 dis-

250 280 487 330 putaretur,
520 272 869 328 quandoquidem
897 275 966 316 vel
996 274 1088 315 sine
1119 272 1362 314 istiusmodi
1399 273 1592 330 disputa-

247 331 365 372 tione
395 331 663 387 propositum
692 345 817 372 suum
846 330 1016 385 assequi
1045 329 1207 371 liceret.
1266 329 1336 371 De
1362 345 1448 384 qua
1476 337 1592 372 utra-

250 403 334 442 que
362 403 407 428 re
428 387 502 429 ubi
522 387 651 429 fuerit
674 387 957 443 explicatum,
990 387 1148 429 certius
1174 385 1300 427 etiam
1318 394 1593 443 perspectum

248 444 300 484 iri
329 444 565 486 sententiae
596 457 768 486 nostrae
793 444 1020 485 veritatem
1044 441 1317 486 confidimus.
1377 446 1451 484 Non
1472 445 1595 497 potuit

249 501 381 557 igitur
419 501 560 555 Plato,
601 507 807 556 quantum
842 500 1016 555 quidem
1048 515 1126 541 nos
1169 499 1469 556 intelligimus,
1514 516 1594 556 pro

249 558 419 600 consilii
450 558 518 600 sui
546 558 712 599 ratione
739 557 782 598 in
814 557 1013 599 Phaedro
1058 556 1110 598 de
1150 554 1310 612 Lysiae
1349 556 1596 611 eloquentia

248 613 440 656 iudiciali
481 614 760 656 commentari
802 621 876 655 aut
914 614 1130 670 specimen
1160 613 1252 654 eius
1283 619 1327 654 et
1354 614 1595 669 exemplum

248 671 425 726 aliquod
464 671 525 712 ita
554 671 597 712 in
627 670 815 712 medium
846 670 1023 724 afferre,
1064 677 1115 711 ut
1153 670 1349 712 oratione
1387 671 1596 712 amatoria

247 730 410 769 factum
441 728 652 770 videmus.
682 726 839 769 Voluit
857 728 969 769 enim
994 726 1293 783 philosophus⁷
1312 733 1362 768 ut
1393 726 1594 780 vidimus,

247 785 292 826 in
333 785 417 826 hoc
457 800 586 841 opere
627 800 715 826 non
754 790 923 825 tantum
957 784 1246 839 eloquentiam
1292 790 1463 838 taxare,
1517 783 1596 826 sed

248 842 378 883 etiam
413 841 501 882 vim
543 848 586 882 et
622 841 862 882 ubertatem
893 840 1192 897 philosophiae
1224 840 1443 882 declarare
1474 847 1596 896 pate-

248 899 364 940 facto
394 913 560 940 summo
593 906 722 952 atque
750 897 901 938 ultimo
932 898 1023 939 eius
1054 899 1173 938 fonte
1203 897 1246 937 in
1279 897 1409 938 animi
1445 903 1598 938 natura

249 969 292 997 et
321 954 490 996 infinito
523 960 720 996 aeternae
762 953 1066 1010 pulcritudinis
1107 954 1197 995 sive
1228 952 1422 995 idearum
1451 969 1597 995 amore

248 1012 347 1065 sito,
379 1011 449 1053 cui
470 1011 644 1066 quidem
676 1011 810 1052 amori
828 1010 1123 1052 sollertissime
1147 1026 1335 1052 amorem
1359 1011 1596 1053 masculum

248 1068 470 1124 vulgarem
502 1084 524 1109 e
544 1068 719 1124 regione
738 1068 899 1123 posuit.
960 1066 1078 1120 Quid
1105 1067 1267 1123 igitur?
1299 1082 1484 1121 quanam
1501 1073 1598 1108 tan-

250 1124 347 1168 dem
380 1132 469 1167 arte
501 1125 773 1166 censebimus
801 1125 900 1166 libri
931 1131 1230 1180 argumentum
1269 1124 1400 1178 idque
1438 1124 1598 1180 princi-

248 1182 345 1239 pale
376 1181 599 1224 commode
630 1181 835 1222 illustrari
864 1182 1084 1237 potuisse,
1117 1181 1152 1223 si
1175 1182 1312 1222 oratio
1343 1181 1486 1235 aliqua
1503 1180 1597 1237 Ly-

250 1239 339 1282 siae
381 1238 593 1280 iudicialis
624 1238 680 1279 ad
710 1245 854 1293 partes
884 1244 1042 1279 vocata
1069 1244 1141 1278 aut
1158 1236 1366 1279 imitando
1394 1253 1600 1294 expressa

251 1295 398 1337 esset?
456 1295 673 1337 Nimirum
710 1294 934 1336 fatendum
964 1300 1028 1336 est
1058 1294 1230 1349 utiquc,
1273 1295 1499 1336 consilium
1529 1301 1597 1336 to-

250 1353 336 1394 tius
367 1352 465 1394 libri
495 1359 626 1407 atque
657 1351 896 1408 principale
927 1358 1225 1407 argumentum
1256 1351 1316 1392 ita
1345 1351 1518 1405 tulisse,
1550 1358 1599 1393 ut

251 1409 459 1451 amatoria
496 1409 641 1463 aliqua
679 1408 842 1465 Lysiae
890 1407 1142 1450 declamatio
1184 1407 1428 1450 adhibenda
1469 1414 1597 1450 esset.

253 1465 386 1519 Quod
416 1465 524 1507 adeo
556 1466 830 1507 manifestum
860 1473 1004 1506 extare
1035 1471 1252 1519 putamuS‚
1286 1471 1333 1506 ut
1355 1465 1598 1521 copiosiore

251 1523 312 1565 rei
353 1522 623 1578 expositione
659 1521 883 1564 videamur
923 1522 1096 1563 omnino
1135 1521 1417 1576 supersedere
1454 1537 1598 1578 posse.

253 1583 329 1621 Non
370 1580 490 1632 potuit
530 1580 645 1631 igitur
675 1579 799 1622 Plato
829 1579 873 1620 in
903 1577 1104 1620 Phaedro
1137 1579 1330 1620 oratione
1362 1578 1506 1633 aliqua
1534 1579 1599 1619 iu-

253 1636 397 1678 diciali
435 1636 597 1693 Lysiae
636 1636 700 1678 uti
747 1651 887 1690 neque
926 1635 1010 1691 ipsi
1050 1635 1209 1677 licebat
1254 1634 1468 1677 iudicialis
1519 1635 1601 1677 viri

252 1693 524 1748 eloquentiae
564 1693 772 1748 peculiari
812 1708 943 1748 opera
975 1707 1198 1734 censuram
1229 1707 1450 1748 peragere.
1511 1691 1601 1735 Sed

254 1750 444 1804 accedit⁷
477 1749 595 1804 quod
624 1751 662 1790 id
693 1764 740 1791 ne
773 1763 866 1803 opus
897 1751 1044 1800 quidem
1074 1749 1157 1804 ipsi
1188 1749 1291 1802 fuit,
1324 1764 1408 1803 quo
1440 1765 1600 1803 propo-

253 1808 382 1849 situm
422 1823 547 1849 suum
607 1814 910 1861 assequeretur
978 1806 1190 1860 simulque
1246 1812 1465 1859 tamquam
1523 1821 1601 1860 per

252 1870 507 1905 transennas
547 1863 817 1918 ostenderet,
860 1862 965 1917 quid
1006 1862 1059 1904 de
1103 1862 1217 1904 omni
1266 1861 1461 1917 Lysiana
1512 1862 1600 1903 elo-

254 1921 431 1975 quentia
485 1919 759 1962 sentiendum
822 1919 1052 1961 videretur.
1130 1918 1245 1961 Nam
1297 1919 1598 1974 disputationi,

255 1993 383 2032 quam
412 1976 466 2019 de
496 1976 712 2018 rhetorica
740 1976 942 2029 instituit,
973 1982 1089 2018 certe
1119 1975 1226 2016 nihil
1256 1975 1374 2018 aliud
1406 1982 1473 2017 est
1500 1992 1599 2031 pro-

255 2034 457 2089 positum,
498 2033 582 2075 nisi
611 2033 719 2086 hoc⁷
763 2040 808 2075 ut
837 2033 1096 2074 rhetoricam
1125 2031 1334 2075 doceatur
1363 2047 1466 2074 vera
1496 2033 1599 2074 artis

253 2090 383 2133 laude
421 2090 642 2148 indignam
688 2105 781 2132 esse
820 2096 1073 2146 propterea,
1126 2088 1244 2144 quod
1300 2089 1599 2145 philosophiae

254 2148 516 2190 sublimitate
547 2153 589 2188 et
618 2147 814 2189 ubertate
844 2147 1004 2202 pariter
1043 2152 1173 2200 atque
1205 2146 1432 2188 dialectica
1463 2145 1600 2188 subti-

253 2204 372 2246 litate
406 2211 562 2246 careat.
630 2205 729 2246 Hoc
756 2204 898 2258 ipsum
937 2209 1079 2244 autem
1109 2203 1279 2244 abunde
1311 2218 1362 2244 ex
1394 2202 1601 2244 amatoria

253 2262 326 2302 illa
371 2262 564 2303 oratione
594 2262 758 2318 Lysiae
786 2261 949 2302 tributa
979 2266 1108 2314 atque
1141 2274 1192 2299 ex
1223 2260 1274 2301 iis
1303 2259 1598 2314 cognoscitur,

255 2334 364 2372 quae
408 2318 500 2360 eius
534 2334 690 2361 caussa
721 2317 775 2359 de
806 2324 895 2358 arte
926 2316 1142 2358 rhetorica
1172 2316 1312 2370 deque
1343 2315 1517 2357 dicendi
1548 2331 1599 2357 ac

255 2374 438 2416 docendi
482 2375 609 2417 modo
649 2375 825 2430 copiose
866 2373 1146 2415 disseruntur.
1214 2373 1369 2427 Itaque
1410 2372 1599 2427 philoso-

252 2431 366 2486 phus
407 2447 510 2473 sane
552 2448 724 2487 sperare
773 2431 916 2487 potuit
954 2438 997 2471 et
1036 2429 1269 2483 confidere,
1302 2436 1456 2484 sponte
1499 2428 1599 2470 inde

258 2489 311 2530 ab
348 2489 545 2530 omnibus
592 2488 857 2530 intellectum
914 2487 988 2541 iri,
1025 2485 1129 2540 quid
1167 2485 1219 2528 de
1251 2485 1600 2529 celebratissimis

256 2545 340 2587 illis
381 2545 648 2587 orationibus
692 2545 966 2586 iudicialibus
1007 2542 1189 2584 iudicari
1220 2549 1463 2600 oporteret,
1493 2557 1600 2596 quas

257 2602 414 2658 Lysias
455 2603 680 2644 emisisset.
751 2602 923 2657 Nempe
963 2601 1005 2641 in
1046 2600 1110 2641 his
1153 2615 1326 2655 quoque
1356 2600 1440 2640 isto
1471 2597 1599 2646 modo

257 2659 387 2701 tacite
429 2658 691 2714 significavit
727 2658 1024 2714 philosophiae
1066 2657 1303 2700 ubertatem
1345 2662 1473 2710 atque
1515 2655 1600 2697 vim
