1687 2969
553 152 595 156 —-
667 131 844 170 LXXXVII

84 247 221 291 senda
251 248 324 300 sit⁷
355 247 456 302 quia
486 246 577 288 vita
609 252 739 300 atque
769 244 925 300 spiritu
955 251 1113 296 careat,
1148 260 1234 298 quo
1261 244 1427 286 animus

84 312 214 361 atque
252 319 372 347 mens
403 303 458 345 ad
496 303 718 346 scientiam
743 300 1067 357 adipiscendam
1098 315 1333 356 sanequam
1362 301 1427 343 in-

85 361 245 419 digeat.
305 360 407 414 Quo
447 359 621 416 quidem
658 359 832 401 nomine
871 358 998 400 unice
1028 357 1268 412 probantur
1298 364 1428 412 atque

81 418 322 461 laudantur
359 432 582 460 sermones
626 416 1007 471 philosophorum⁷
1057 414 1219 469 quippe
1263 415 1427 469 quibus

83 476 181 518 unis
210 475 394 517 maxime
424 474 470 516 id
501 473 728 527 efficiatur,
759 479 809 514 ut
840 473 884 514 in
907 470 1246 525 colloquentium
1276 471 1427 514 animis

83 533 290 590 gignatur
318 531 424 585 veri,
456 531 561 573 boni
590 536 633 572 et
662 529 801 585 pulcri
830 529 1012 572 scientia
1041 528 1141 570 viva
1170 534 1301 581 atque
1331 543 1428 583 per-

98 596 238 643 )etua,
269 604 400 643 quum
428 603 540 629 unus
561 587 814 629 dialecticus
845 586 880 629 is
911 585 982 639 sit,
1015 585 1088 640 qui
1118 584 1303 640 primum
1335 585 1429 639 qui-

85 606 183 688 ilem
211 645 550 700 uniuscuiusque
581 644 666 698 rei,
699 643 752 685 de
784 659 869 698 qua
904 641 1134 684 dicendum
1165 641 1235 694 sit,
1270 641 1357 683 vim
1387 648 1431 683 et

82 709 279 744 naturam
316 708 588 758 perspectam
627 701 812 751 habeat3
854 699 1009 742 deinde
1050 698 1241 753 quidque
1289 698 1432 753 possit

84 758 574 814 definiendoexplicare
604 775 655 800 ac
687 756 954 807 describere3
984 763 1077 798 tum
1107 755 1257 797 eadem
1277 769 1428 796 rursus

85 815 338 863 secundum*
365 831 525 872 genera
566 822 610 857 et
637 816 794 858 formas
833 822 934 870 apte
976 812 1170 854 dividere
1202 811 1427 861 didicerit3

85 873 271 929 denique
301 873 430 914 etiam
449 888 514 925 ea,
547 888 657 927 quae
689 872 874 914 dicenda
902 871 1002 924 sint,
1036 886 1114 925 pro
1135 885 1278 911 rerum
1308 869 1425 923 ipsa-

84 946 179 972 rum
216 930 426 972 varietate
462 929 592 971 variis
643 929 903 971 discentium
951 927 1101 969 animis
1148 933 1192 968 et
1238 925 1426 981 ingeniis

84 985 408 1029 accommodare
439 986 733 1036 consueverit3
765 1003 807 1042 p.
840 986 935 1027 277.
970 985 1021 1025 B.
1054 982 1104 1025 C.
1138 1009 1190 1013 -
1250 982 1427 1024 Etenim

85 1044 288 1099 scriptam
319 1043 557 1085 orationem
605 1043 710 1084 nihil
750 1042 867 1084 aliud
919 1057 1012 1084 esse
1061 1039 1306 1083 ostenditur
1343 1039 1426 1081 nisi

85 1116 333 1157 germanam
372 1099 601 1155 quamdam
641 1100 846 1142 orationis
887 1114 960 1141 ore
1002 1098 1195 1153 prolatae
1236 1112 1427 1139 sororem

87 1164 131 1199 et
167 1156 465 1199 adumbratam
502 1157 632 1198 huius
669 1157 900 1213 imaginem
942 1156 1004 1210 (p.
1046 1155 1142 1196 276.
1194 1155 1249 1195 A.
1299 1157 1430 1208 λόγος

84 1211 280 1271 ἀδελφὸς
309 1212 491 1268 γνήσιος
523 1220 566 1255 et
604 1213 785 1256 εἴδωλον
816 1215 894 1255 τοῦ
926 1216 1010 1254 τιῦν
1041 1210 1224 1254 εἰδότων
1245 1209 1428 1265 λόγου),

86 1286 195 1326 quae
249 1269 304 1312 ad
350 1270 696 1313 recordationem
746 1270 920 1326 quidem
968 1275 1012 1311 et
1061 1268 1117 1311 ad
1174 1282 1430 1325 generosam

86 1326 302 1384 quandam
341 1327 471 1369 animi
509 1327 841 1370 oblectationem
880 1327 1044 1379 valeat,
1088 1325 1166 1368 sed
1204 1325 1259 1367 ad.
1290 1325 1429 1367 scien-

87 1386 189 1427 tiam
217 1384 324 1426 nihil
353 1385 443 1426 fere
462 1385 616 1440 possit,
647 1391 696 1426 ut
724 1385 835 1427 vivis
854 1384 1124 1427 sermonibus
1157 1399 1181 1424 a
1203 1382 1431 1424 dialectico

86 1441 284 1497 usurpari
322 1441 460 1483 solitis
498 1442 750 1498 longissime
788 1440 1096 1497 postponenda
1126 1439 1347 1489 videatur3
1388 1455 1430 1494 p.

86 1499 182 1540 276.
219 1499 274 1540 Β.
304 1523 358 1529 —
389 1500 484 1540 277.
517 1497 566 1540 C.
628 1498 903 1554 Quamquam
940 1496 1182 1539 litterarum
1217 1497 1433 1551 scriptura

86 1571 175 1598 non
220 1555 350 1611 plane
408 1571 459 1598 ac
517 1556 770 1611 simpliciter
827 1554 1142 1598 contemnenda
1200 1553 1429 1595 iudicatur.

87 1612 344 1655 Laudabilis
375 1612 488 1654 enim
527 1619 728 1654 censetur
767 1628 886 1666 esse,
925 1612 961 1654 si
998 1627 1086 1652 non
1124 1609 1433 1666 persuadendi⁷

88 1669 166 1713 sed
194 1668 382 1711 docendi
411 1684 566 1711 caussa
595 1676 800 1725 suscepta
828 1676 872 1711 et
901 1684 1000 1711 cum
1022 1668 1218 1710 veritatis
1253 1667 1435 1709 scientia

91 1726 324 1769 coniuncta
354 1726 434 1779 sit,
464 1726 526 1767 ita
555 1732 604 1768 ut
633 1727 818 1782 scriptor
846 1731 1076 1781 perspecta
1106 1741 1249 1766 rerum
1280 1730 1435 1765 natura

89 1799 266 1827 caussas
308 1789 351 1825 et
387 1783 578 1825 rationes
617 1799 786 1837 eorum,
828 1799 938 1838 quae
966 1782 1121 1824 litteris
1151 1781 1434 1834 mandaverit,

88 1841 247 1883 idoneo
287 1839 416 1882 modo
451 1839 634 1882 reddere
665 1849 818 1895 queat3
858 1856 900 1895 p.
942 1841 1036 1881 277.
1076 1839 1128 1880 Ε.
1161 1865 1215 1869 -
1246 1840 1341 1880 278.
1383 1837 1433 1879 C.

91 1898 210 1952 Quin
249 1898 377 1939 etiam
408 1897 502 1951 ille,
543 1897 617 1952 qui
647 1898 717 1940 vel
745 1904 891 1940 orator
920 1897 989 1938 vel
1034 1903 1164 1951 poeta
1191 1895 1260 1937 vel
1289 1895 1436 1951 legum

91 1961 242 1997 auctor
262 1954 362 1996 talis
393 1954 598 2008 extiterit,
630 1961 679 1996 ut
710 1970 872 2008 eorum,
907 1969 1017 2009 quae
1048 1954 1093 1994 in
1123 1954 1288 1995 litteras
1321 1959 1436 1993 retu-

92 2012 206 2065 lerit,
236 2011 446 2053 rationem
477 2011 707 2053 afferre-et
737 2027 936 2053 caussam
966 2026 1092 2067 agere
1122 2011 1276 2066 possit,
1306 2010 1437 2065 longe

92 2068 464 2125 magnificentiore
503 2069 700 2123 nomine,
738 2084 868 2123 quam
908 2067 1027 2123 quod.
1066 2067 1119 2109 de
1151 2083 1268 2109 more
1298 2072 1436 2122 gerat,

94 2125 253 2182 dignus
293 2140 387 2168 esse
429 2125 609 2179 dicitur7
651 2126 711 2167 ita
748 2131 818 2179 ut7
861 2125 897 2167 si
936 2141 1024 2167 non
1067 2125 1346 2179 sapientis
1394 2130 1440 2163 at

95 2188 209 2224 certe
229 2182 384 2237 philo
399 2183 558 2238 sophi
577 2183 667 2224 sive
686 2183 767 2224 viri
789 2182 1027 2237 sapientiae
1071 2181 1253 2223 amantis
1309 2179 1439 2221 laude

95 2238 449 2281 condecorandus
478 2239 702 2289 videatur-3
733 2255 775 2295 p.
807 2241 902 2281 ⁶218.
935 2238 987 2280 C.
1011 2272 1019 2276 -

208 2295 332 2338 Haec
377 2296 511 2352 igitur
547 2304 612 2339 est
649 2312 815 2338 summa
844 2312 1014 2348 eorum,
1059 2309 1169 2349 quae
1200 2294 1441 2351 posteriore

96 2351 196 2393 libri
232 2358 355 2407 parte
395 2352 497 2398 sunt
536 2354 745 2410 exposita.
815 2352 939 2406 Quae
981 2352 1156 2406 quidem
1193 2352 1336 2394 onmia
1365 2352 1440 2393 ubi

99 2408 183 2449 iam
201 2423 286 2449 uno
306 2415 524 2464 tamquam
551 2411 707 2453 mentis
727 2411 882 2452 obtutu
913 2415 1180 2462 contuemur,
1210 2415 1326 2451 certe.
1355 2424 1442 2450 non

98 2463 270 2506 videtur
287 2466 375 2507 ullo
395 2467 524 2509 modo
544 2467 723 2509 dubium
742 2474 817 2508 aut
835 2472 1160 2509 controversum
1180 2482 1274 2508 esse
1294 2480 1440 2521 posse,

103 2536 291 2576 quonam
329 2537 379 2563 ea
418 2524 592 2566 vinculo
647 2540 745 2566 cum
794 2524 998 2565 universo
1051 2522 1215 2579 dialogi
1263 2537 1443 2578 corpore

101 2578 405 2621 contineantur
444 2586 488 2621 et
521 2580 627 2635 quid
665 2580 720 2622 ad
759 2580 869 2622 illud
906 2579 1219 2622 absolvendum
1256 2579 1442 2621 valeant.

101 2635 185 2678 Est
222 2635 334 2677 enim
375 2637 674 2692 manifestum,
723 2638 793 2679 hic
841 2637 899 2677 ita
939 2652 1033 2679 esse
1067 2636 1338 2689 institutum⁷
1380 2640 1442 2687 ut7

103 2692 204 2735 dum
240 2692 456 2734 rhetorica
489 2693 663 2736 inertiae
695 2694 988 2746 convincitur,
1029 2693 1279 2735 dialecticae
1308 2694 1444 2734 virtus
