1687 2969
470 180 542 217 AD
572 179 815 218 GORGIAM
843 179 1113 217 PLATONIS.
1407 181 1455 216 61

113 292 251 341 pediit,
289 305 338 329 ne
366 293 531 341 populus
560 292 601 329 in
629 292 813 340 suffragia
842 291 1080 337 mitteretur,
1117 295 1161 328 ut
1190 291 1333 329 scilicet
1362 290 1460 328 vita-

114 352 221 385 retur
265 347 479 387 im'ustitiae
530 349 692 386 dedecus
742 351 780 386 et
818 348 1038 396 ignominia,
1088 348 1184 385 conf.
1233 348 1410 396 Xenop
1422 347 1459 383 h.

115 404 267 441 Hellen.
306 405 338 451 I,
381 406 425 451 7,
467 408 633 443 9—16.
674 405 756 442 coll.
787 405 901 441 Mem.
932 405 1000 449 IV,
1037 408 1082 449 4,
1125 407 1159 440 2.
1191 408 1229 441 et
1267 404 1460 441 Platon.

114 461 275 510 Apolog.
306 461 449 499 Socrat.
479 476 514 511 p.
538 465 600 498 32.
631 462 673 498 Β.
705 461 743 498 C.
764 461 823 507 D„
853 473 928 511 quo
957 461 1038 497 loco
1069 460 1242 498 Socrates
1270 460 1351 509 ipse
1380 473 1462 497 rem

115 516 279 554 dilucide
309 518 478 566 exponit.
536 518 669 554 Habes
699 530 790 555 vero
827 517 902 553 iam
932 529 1082 553 omnem
1111 516 1337 553 indiciorum
1366 520 1461 554 tem-

113 573 216 622 poris
243 574 285 610 111
315 574 456 622 Gorgia
474 574 673 612 obviorum
701 573 930 611 varietatem
959 578 999 610 et
1018 572 1315 619 multitudinem,
1347 586 1462 623 quam

115 634 217 667 certe
245 634 394 668 tantam
433 643 515 667 esse
554 634 731 679 apparet,
773 634 816 667 ut
853 630 957 666 haud
995 642 1087 666 sane
1126 629 1265 666 mirum
1305 630 1461 675 accidat,

114 686 216 736 quod
245 686 319 725 viri
347 686 555 724 doctissimi
594 686 635 723 in
673 686 899 723 definiendis
939 685 1116 736 colloquii
1157 685 1393 735 temporibus
1422 686 1462 722 111

114 746 242 791 partes
272 743 365 780 adeo
395 742 566 781 diversas
597 742 785 788 abierunt,
815 746 859 780 ut
888 743 935 779 ad
963 742 1067 778 hunc
1096 755 1219 792 usque
1249 742 1349 779 diem
1370 742 1462 792 quid

112 799 269 836 tandem
296 799 352 836 rei
381 799 432 837 sit
460 800 629 836 nondum
665 800 907 848 exploratum
945 798 1145 835 habeatur.
1203 798 1462 835 Nihilominus

113 859 253 901 autem,
284 855 399 893 sicuti
427 856 503 892 iam
533 861 647 893 antea
676 855 904 901 censuimus,
935 868 1083 891 summo
1113 855 1350 903 dialogorum
1372 855 1462 892 arti-

112 911 174 948 fici
203 915 502 950 consentaneum
533 915 592 949 est
620 916 767 949 certum
787 911 942 962 aliquod
962 915 1113 960 tempus
1142 913 1189 948 ob
1220 912 1348 948 oculos
1379 924 1462 948 esse

113 971 327 1014 versatum,
370 968 432 1005 cui
460 981 611 1013 omnem
649 981 862 1006 sermonem
892 967 1250 1013 accommodaverit,
1291 969 1461 1018 quando-

113 1024 268 1074 quidem
296 1024 467 1075 alioquin
495 1025 541 1062 de
572 1024 664 1062 artis
693 1024 842 1072 legibus
874 1029 1002 1061 actum
1030 1024 1146 1070 foret,
1176 1037 1275 1074 quae
1305 1024 1345 1061 in
1375 1038 1462 1061 0011-

113 1081 236 1117 dendo
257 1080 327 1118 tali
346 1093 458 1130 opere
478 1081 689 1118 necessario
714 1081 974 1118 observandae
996 1080 1165 1118 fuerunt.
1205 1080 1462 1121 Quamobrem

113 1136 190 1173 iam
218 1138 374 1174 tandem
403 1138 580 1175 accedere
610 1137 740 1175 licebit
769 1138 815 1174 ad
845 1137 1110 1186 exponendam
1140 1150 1224 1174 eam
1254 1139 1301 1174 de
1321 1138 1463 1186 dialogi

114 1193 349 1242 temporibus
369 1193 610 1239 sententiam,
641 1206 718 1244 qua
737 1195 896 1243 probata
922 1206 1053 1230 omnes
1073 1193 1332 1240 difficultates,
1363 1207 1461 1244 quae

113 1249 185 1287 hac
213 1250 254 1286 in
283 1263 417 1287 caussa
444 1250 569 1287 locum
589 1251 730 1287 habere
750 1250 855 1288 visae
885 1254 986 1295 sunt,
1018 1263 1246 1288 evanescere
1266 1251 1459 1289 videntur.

197 1306 380 1344 Fatemur
419 1310 549 1344 autem
587 1311 718 1356 aperte
756 1319 825 1343 nos
864 1306 1085 1343 etiamnunc
1123 1306 1235 1344 unice
1273 1320 1340 1356 pro
1369 1321 1462 1345 vera

112 1363 272 1410 probare
302 1363 772 1401 Schleiermacheri
804 1366 842 1400 et
871 1363 1007 1400 Astii
1047 1363 1301 1410 sententiam,
1343 1364 1460 1414 quie

113 1418 194 1455 loco
229 1433 265 1468 p.
297 1420 388 1457 473.
419 1420 485 1465 E.‚
523 1419 591 1456 ubi
630 1419 796 1457 Socratis
836 1423 1070 1456 memoratur
1109 1419 1309 1469 epistasia,
1350 1421 1461 1457 colle-

113 1479 254 1522 gerunt
270 1488 484 1513 sermonem
502 1475 549 1513 iis
570 1475 806 1524 temporibus
825 1488 907 1513 esse
929 1476 1164 1524 adaptatum,
1187 1477 1462 1527 quaeAthenis

114 1531 264 1581 Olymp.
296 1535 358 1578 93,
391 1536 426 1569 4.
448 1546 500 1565 =
518 1535 597 1569 405
631 1545 662 1569 a.
693 1532 779 1570 Chr.
811 1536 946 1569 exorta
975 1536 1095 1579 erant,
1129 1532 1184 1570 ita
1213 1538 1258 1570 ut
1287 1534 1334 1570 ad
1374 1547 1462 1570 eum

112 1587 354 1636 potissimum
391 1601 518 1625 rerum
555 1592 698 1625 statum
737 1594 775 1626 et
805 1588 1060 1626 conditionem
1097 1594 1352 1638 respectetur,
1394 1590 1461 1640 qui

112 1648 196 1681 tum
224 1644 265 1681 111
295 1644 426 1682 Attica
452 1644 647 1693 republica
686 1645 844 1694 eiusque
881 1645 1213 1683 administratione
1252 1646 1461 1684 obtinebat.

113 1700 231 1738 Cuius
260 1701 475 1739 sententiae
503 1706 657 1739 nostrae
688 1713 840 1738 caussas
871 1704 910 1738 et
929 1702 1096 1739 rationes
1125 1702 1196 1739 has
1219 1702 1462 1751 potissimum

113 1757 310 1794 habemus.
368 1757 540 1794 Primum
578 1757 679 1794 enim
709 1757 819 1795 Plato
859 1758 930 1794 hoc
968 1762 1120 1807 tempus
1160 1763 1240 1796 tam
1280 1759 1379 1796 clare
1419 1772 1462 1796 ac

113 1813 312 1862 perspicue
339 1813 536 1860 indicavit,
566 1818 621 1860 ut,
651 1814 681 1850 si
703 1813 817 1850 aliam
835 1826 964 1851 rerum
989 1814 1243 1852 conditionem
1265 1817 1312 1853 ob
1333 1816 1461 1853 0011108

113 1869 331 1916 habuisset,
380 1870 617 1919 ineptissime
656 1870 851 1919 scripsisse
899 1870 1177 1908 existimandus
1216 1876 1315 1909 esset
1363 1885 1461 1922 quae

113 1938 148 1974 p.
180 1928 271 1963 473.
301 1926 346 1963 E.
377 1927 424 1964 de
454 1926 620 1964 Socratis
649 1940 807 1964 munere
846 1927 1036 1965 senatorio
1075 1927 1253 1976 prodidit.
1312 1929 1461 1966 Deinde

113 1994 243 2019 omnes
272 1982 519 2021 difficultates
549 1983 851 2031 chronologicae,
883 1996 980 2034 quae
1009 1983 1114 2021 Visae
1144 1988 1252 2030 sunt,
1282 1985 1354 2022 hac
1384 1998 1461 2022 una

112 2038 261 2076 ratione
288 2052 445 2088 prorsus
474 2039 673 2085 tolluntur,
704 2039 735 2076 si
766 2052 958 2077 sermones
988 2044 1072 2078 tum
1101 2053 1286 2089 ponamus
1310 2042 1461 2079 habitos

113 2107 207 2132 esse.
264 2095 442 2146 Denique
481 2096 597 2133 etiam
633 2095 804 2134 universi
843 2095 931 2133 libri
961 2101 1248 2144 argumentum,
1290 2099 1391 2148 quod
1421 2098 1461 2134 in

112 2151 282 2188 taxanda
309 2151 521 2189 recentiore
551 2152 772 2202 eloquentia
807 2155 846 2190 et
885 2158 965 2190 arte
995 2153 1150 2201 politica
1178 2159 1373 2200 versatur,
1414 2154 1461 2191 iis

113 2207 266 2244 demum
294 2207 531 2257 temporibus
568 2208 723 2246 videtur
752 2208 966 2255 convenire,
998 2209 1138 2259 quibus
1166 2210 1337 2248 novitiae
1368 2211 1462 2248 artis

114 2275 157 2299 ac
186 2263 409 2312 disciplinae
438 2264 498 2303 vis
526 2264 739 2313 perniciosa
778 2264 855 2301 iam
883 2264 923 2301 in
952 2266 1154 2314 propatulo
1191 2270 1292 2313 erat,
1332 2267 1388 2304 ita
1418 2272 1462 2305 ut

113 2319 160 2355 de
188 2319 270 2356 eius
299 2320 499 2359 effectibus
528 2334 605 2357 non
635 2320 798 2370 amplius
828 2320 995 2358 dubitari
1025 2325 1172 2370 posset,
1203 2323 1304 2373 quod
1333 2323 1460 2372 ipsum

113 2375 279 2412 maxime
307 2376 406 2414 bello
435 2377 758 2426 Peloponnesiaco
796 2377 842 2414 ad
871 2378 986 2414 finem
1016 2382 1199 2426 vergente
1228 2378 1283 2417 ita
1312 2379 1460 2417 accidit.

113 2431 172 2468 De
202 2431 341 2481 quibus
369 2434 483 2470 rebus
512 2433 664 2472 iuvabit
692 2432 824 2470 ordine
844 2433 1022 2482 deinceps
1052 2447 1096 2471 eo
1125 2435 1236 2472 modo
1256 2436 1459 2485 explicare,

115 2491 159 2524 ut
187 2487 279 2537 quid
308 2488 354 2526 de
383 2488 544 2537 singulis
573 2489 794 2535 sentiamus,
827 2488 964 2526 clarius
994 2489 1244 2539 intelligatur.

196 2543 404 2581 Censemus
452 2545 571 2593 igitur
608 2550 697 2583 ante
745 2545 873 2582 omnia
917 2545 1208 2593 diligentissime
1256 2560 1339 2584 esse
1379 2547 1460 2584 ani-

114 2600 450 2647 madvertendum,
486 2602 587 2652 quod
615 2601 743 2639 nescio
772 2614 847 2651 quo
876 2602 986 2638 modo
1017 2615 1040 2639 a
1068 2603 1201 2641 multis
1230 2616 1354 2652 nuper
1382 2617 1459 2640 11011

113 2655 207 2693 satis
237 2656 545 2694 animadversum
573 2662 644 2704 est,
675 2658 869 2695 Socratem
898 2671 932 2706 p.
955 2659 1046 2695 473.
1077 2660 1121 2696 E.
1152 2659 1207 2697 ita
1235 2660 1457 2709 loquentem

111 2711 259 2758 induci,
298 2717 342 2750 ut
380 2726 462 2751 sese
502 2726 601 2751 anno
640 2713 812 2764 proxime
852 2714 1047 2763 superiore
1084 2715 1258 2766 prytanis
1297 2728 1455 2753 munere
