1687 2969
474 197 716 236 GORGIAS.

110 308 241 360 δῆλον
277 302 405 356 εἶναι,
446 305 528 359 ἐγὼ
566 306 602 347 δ’
643 304 916 358 ἐπανερωτῶ·

747 198 790 235 P.
822 200 914 235 454.
947 199 1005 236 ed.
1038 199 1092 237 St.

1377 202 1452 236 105

958 303 1061 359 ὅπερ
1098 306 1180 360 γὰρ
1209 304 1338 359 λέγω,
1378 313 1455 348 τοῦ

111 370 203 425 ἑξῆς
231 369 354 413 ἕνεκα
381 372 660 423 περαίνεσθαι
687 372 762 412 τὸν
789 371 921 423 λόγον
950 370 1104 424 ἐρωτῶ,
1136 372 1188 412 οὐ
1217 379 1297 413 σοῦ
1320 370 1454 422 ἕνεκα,

109 437 195 477 ἄλλ’
227 437 298 478 ἵνα
326 436 382 490 μὴ
411 436 649 490 ἐθιζώμεθα
683 435 975 484 ὑπονοοῦντες
1011 437 1298 489 προαρπάζειν
1335 437 1454 490 αλλή-

65 504 194 543 -λων
222 501 272 542 τὰ
299 503 529 556 λεγόμενα.
570 501 675 542 α’λλὰ
707 500 760 542 σὺ
789 501 839 542 τὰ
869 505 1032 542 σαυτοῦ
1060 501 1165 541 κατὰ
1193 500 1271 555 τὴν
1299 501 1455 543 ὑπόθε-

108 576 184 622 σινξ
206 563 322 616 ὅπως
349 566 403 607 ἂν
433 567 568 621 βούλῃ
596 567 808 620 περαίνῃς.

108 632 245 680 δοκεῖς
272 635 423 682 ποιεῖν,
454 627 487 673 ὦ
517 632 753 683 Σώκρατες.

436 700 576 746 καλεῖς
633 712 672 738 τι
723 696 1037 750 μεμαθηκέναι;

519 761 840 804 πεπιστευκέναι
852 780 862 810 ,·

108 828 302 879 Πότερον
341 823 422 868 οὖν
449 827 607 868 ταύτὸν
647 828 767 869 δοκεῖ
803 837 870 867 σοι
900 824 1009 868 εἶναι
1051 827 1345 881 μεμαθηκέναι
1386 828 1456 869 καὶ
1485 821 1526 863 D

111 698 378 750 σκεψώμεθα.

107 764 203 803 ΣΩ.
281 763 331 803 Τί
390 760 455 812 δέ,·

867 568 992 607 ΓΟΡ.
1026 565 1110 606 Καὶ
1138 566 1282 619 ὀρθῶς
1310 566 1355 620 γέ
1385 583 1457 621 μοι

812 633 914 672 ΣΩ.
942 627 1040 672 ”Im
1068 630 1120 684 δὴ
1149 631 1220 672 καὶ
1247 632 1342 673 τόδε
1372 631 1455 673 ἐπι-

1120 698 1246 738 ΓΟΡ.
1312 699 1455 738 Καλώ.

938 763 1063 803 ΓΟΡ.
1108 758 1287 815 ’Ἐγωγε
1355 764 1455 803 ΣΩ.

105 891 438 942 πεπιστευκέναι,
467 891 538 933 καὶ
567 892 752 965 μάθησις
780 908 850 933 και
879 893 1029 941 πίστις,
1058 893 1084 946 ἢ
1113 895 1214 934 ἄλλο
1236 909 1297 942 τις
1331 896 1371 934 Γ
1372 895 1455 934 ΟΡ

111 958 266 1011 Οἴομαι
303 957 380 1011 μὲν
419 955 568 1011 ἔγωγε,

618 959 650 998 ὠ
688 958 936 1010 Σώκρατες,
976 960 1091 999 α’λλο.

104 1022 187 1076 γὰρ
216 1023 314 1064 οἴει·
351 1023 507 1076 γνώσει
535 1022 579 1064 δε
609 1022 796 1064 ἐνθένδε.
827 1024 862 1064 εἰ
889 1024 971 1076 γάρ
999 1025 1061 1071 τίς
1089 1033 1132 1063 σε
1163 1021 1324 1075 ἔροιτο,

1158 960 1259 998 ΣΩ.
1304 960 1457 1006 Καλῶς

1365 1023 1373 1033 ,
1362 1015 1454 1075 ΑΩ,

102 1201 168 1223 nec
191 1194 305 1223 tamen
328 1190 405 1223 ideo
430 1190 646 1222 abiiciendus
671 1195 739 1230 est,
771 1191 968 1232 praesertim
1000 1201 1103 1232 quum
1128 1201 1207 1222 eum
1232 1190 1329 1223 codd.
1354 1191 1456 1232 longe

105 1236 245 1278 plurimi
269 1240 301 1268 et
325 1236 612 1278 praestantissimi
636 1237 761 1278 quique
786 1236 865 1267 libri
890 1240 1058 1268 tueantur.

173 1305 244 1335 ἵνα
267 1302 318 1347 μὴ
344 1302 589 1346 θαυμάζῃς]
615 1301 810 1344 θαυμάζοιε·
836 1302 950 1335 Clark.
977 1303 1082 1334 Coisl.
1108 1303 1184 1335 Par.
1210 1303 1310 1335 BCI.
1337 1306 1370 1335 et
1395 1303 1458 1334 alii

105 1349 219 1390 pauci.
243 1349 343 1381 male.

389 1349 519 1380 Vitium
545 1354 655 1380 ortum
680 1360 723 1380 ex
747 1349 915 1380 itacismo.

974 1349 1064 1380 Dein
1089 1352 1169 1380 vett.
1194 1348 1288 1380 editt.
1313 1347 1377 1380 ἐὰν
1402 1350 1455 1380 καὶ

104 1391 230 1436 ὀλίγον.
277 1394 346 1426 Sed
376 1394 431 1425 καὶ
461 1404 551 1425 unus
576 1395 654 1426 Par.
677 1395 703 1425 Ι.
735 1394 823 1426 tueri
846 1393 998 1433 videtur,
1030 1395 1134 1425 ceteri
1166 1394 1253 1425 illud
1284 1395 1455 1437 ignorant,

104 1443 141 1471 ut
164 1440 325 1471 miremur
348 1439 521 1471 exstitisse
545 1449 655 1481 nuper
679 1440 738 1481 qui
763 1439 873 1472 denuo
898 1443 1108 1471 revocarent.

172 1507 215 1538 D.
245 1505 401 1545 Οἱόμαι
426 1506 506 1545 μὲν
531 1505 679 1549 ἔγωγε]
711 1501 812 1545 Οἶμαι
838 1508 913 1538 Par.
940 1507 964 1538 Ι.

107 1653 263 1685 citatiore
295 1652 408 1684 dicas:
440 1653 559 1684 Damit
591 1652 639 1685 du
670 1652 748 1684 clich

107 1698 188 1729 aber
210 1698 302 1729 ‘nicht
325 1703 407 1730 etwa
430 1697 617 1737 wunderst,
652 1708 748 1729 wenn

106 1742 158 1774 ich
181 1743 258 1775 diclz
283 1743 369 1775 auch
394 1742 473 1775 bald
501 1743 651 1775 naclzker
674 1743 747 1775 wie-

107 1788 167 1820 der
183 1799 241 1819 um
264 1799 299 1820 so
315 1794 415 1820 etwas
430 1788 546 1830 fraqe,
571 1799 640 1819 was
657 1788 747 1820 deut-

107 1832 171 1865 lich
185 1844 226 1864 zu
243 1833 315 1864 sein
332 1833 467 1873 scheint,
492 1833 565 1865 und
579 1833 631 1864 ich
640 1833 748 1875 fraqe

108 1877 191 1910 doch
216 1878 298 1910 noch
324 1878 460 1910 damah
470 1896 523 1909 ——.
549 1878 663 1919 Denn⁷
688 1879 748 1910 wie

104 1928 230 1964 9esayt,
254 1923 307 1955 ich
321 1923 429 1965 fraqe
446 1923 665 1965 deryleicken,
690 1934 747 1955 um

106 1968 168 2000 der
193 1967 360 2010 Ordmmy
391 1968 480 2000 nach
511 1968 564 2000 die
590 1968 683 2000 Rode
707 1980 747 2000 zu

106 2013 205 2045 Ende
234 2024 276 2044 zu
307 2013 465 2054 brin‘qen,
503 2013 594 2045 ‘nicht
624 2013 745 2045 deince-

106 2068 216 2099 weye‘n
239 2062 302 2090 etc.
337 2058 442 2090 Vides
465 2064 636 2100 postrema
661 2059 747 2091 haec

107 2103 279 2135 continere
316 2103 436 2144 utique
476 2103 635 2145 apodosis
673 2115 747 2135 sen-

107 2148 260 2188 tentiam,
285 2148 345 2180 sed
368 2158 388 2179 a
405 2149 515 2180 forma
529 2152 563 2180 et
577 2153 747 2180 structura

108 2193 181 2224 eius
206 2193 421 2234 aliquantum
446 2193 649 2235 discrepare.
695 2194 746 2225 Cf.

107 2238 256 2270 Matth.
282 2238 340 2270 Gr.
359 2239 437 2270 mai.
462 2249 492 2280 p.
511 2237 609 2271 1257.
634 2239 747 2270 Habet

108 2288 221 2314 autem
269 2283 354 2314 haec
402 2284 510 2315 oratio
556 2285 746 2315 ubertatem

107 2327 279 2368 quandam
323 2338 344 2359 a
381 2328 544 2360 familiari
591 2339 746 2360 sermone

108 2372 248 2404 minime
279 2372 439 2404 alienam.
486 2375 625 2405 Poterat
656 2374 746 2405 enim

107 2417 309 2459 simpliciter
338 2418 407 2449 dici
439 2419 505 2450 hoc
529 2418 645 2449 modo:
684 2417 747 2450 ἐὰν

107 2480 152 2485 ——
176 2461 332 2493 τοιοῦτόν
366 2465 398 2494 τί
428 2473 465 2494 σε
497 2460 688 2504 ἀνέρωμαι,
727 2462 745 2494 δ

110 2506 210 2538 δοκεῖ
240 2496 345 2549 δῆλον
374 2503 481 2545 εἶναι,
520 2519 630 2560 neque
661 2519 746 2550 opus

108 2555 180 2583 erat
216 2551 281 2583 hoc
316 2552 564 2592 additamento,
607 2551 673 2595 ἐγώ
716 2551 744 2585 δ’

107 2595 324 2637 ἐπανερωτῶ.
371 2597 499 2629 Eadem
534 2597 747 2630 abundantia

106 2640 289 2673 verborum
318 2642 354 2673 in
386 2643 429 2674 iis
462 2643 627 2682 cernitur,
659 2654 746 2684 quae

107 2687 262 2728 proxime
296 2691 501 2728 sequuntur,
541 2688 746 2729 quibuscum

107 2741 284 2774 compares
313 2731 396 2773 illa,
432 2743 518 2774 quae
551 2734 746 2765 notavimus

816 1652 859 1684 ad
883 1663 915 1695 p.
939 1651 1016 1685 452.
1041 1653 1098 1692 Ε.,
1132 1653 1161 1683 si
1186 1653 1271 1684 forte
1303 1652 1457 1684 offendas

816 1699 852 1729 in
877 1709 928 1737 eo,
953 1698 1043 1739 quod
1067 1702 1145 1740 post
1169 1701 1228 1729 τοῦ
1249 1697 1328 1740 ἑξῆς
1355 1698 1457 1729 ἕνεκα

819 1744 1049 1782 περαίνεσθαι
1096 1741 1156 1774 τὸν
1194 1741 1298 1785 λόγοι·
1340 1753 1457 1774 rursus

819 1789 962 1820 infertur
987 1786 1054 1819 ἀλλ’
1090 1789 1146 1819 ἵνα
1177 1786 1222 1830 μὴ
1253 1786 1457 1829 ἐθιζώμεθα

818 1846 845 1864 κ.
873 1846 896 1864 τ.
922 1831 1330 1866 λ..-ὑπονοοῦι’τες
1357 1845 1455 1874 προ-

817 1877 1045 1919 αρπάζειν.
1094 1880 1198 1910 Recte
1245 1878 1458 1910 Heindor-

817 1924 920 1955 fius:
967 1922 1132 1955 ὑπονοῶν
1165 1922 1384 1964 προαρπάζει
1421 1921 1458 1955 τὰ

816 1967 982 2010 λεγόμενα
1006 1972 1066 2000 τοῦ
1082 1967 1204 2009 ἑτέρου
1231 1969 1323 2010 qui,
1349 1979 1458 2010 quae

817 2013 865 2046 ab
922 2014 1066 2046 altero
1122 2014 1352 2054 dicuntur,
1406 2024 1458 2045 ex

817 2070 931 2091 mera
954 2060 1212 2091 coniectura
1245 2063 1286 2091 et
1321 2059 1458 2100 suspi-

817 2105 946 2135 cione
1000 2105 1317 2145 interpretans
1373 2114 1457 2135 non

817 2154 1059 2190 exspectat,
1085 2149 1178 2180 dum
1204 2149 1317 2180 alter
1341 2159 1457 2180 accu-

816 2199 905 2225 rate
959 2195 1132 2235 riteque
1185 2194 1456 2226 sententiam

816 2250 930 2271 suam
990 2239 1308 2280 explicaverit.
1376 2240 1459 2271 Post

815 2282 898 2315 ἀλλὰ
933 2294 950 2315 e
982 2284 1214 2326 superioribus
1247 2284 1358 2316 solum
1401 2285 1458 2316 ἵνα

815 2333 959 2370 repetas.

839 2415 968 2450 Offffle
995 2415 1046 2459 δὴ
1070 2420 1137 2450 καὶ
1165 2417 1262 2451 τόδε
1287 2418 1454 2451 ἐπισκε-

817 2461 931 2505 ψώμ]
968 2463 1115 2496 Schol.
1148 2461 1303 2505 ’Ἀρχεται
1341 2463 1454 2496 ἐντεῦ-

818 2510 884 2540 θεν
912 2505 970 2550 τὴι·
1006 2506 1119 2540 πειθώ
1145 2507 1296 2550 διαιρεῖν
1331 2509 1383 2542 εἵς
1422 2521 1455 2540 τε

816 2551 877 2595 τὴν
902 2552 1119 2596 mozevzcm'yv
1148 2555 1203 2585 καὶ
1236 2554 1287 2587 εἰς
1320 2552 1381 2595 τὴν
1405 2553 1454 2585 δι-

816 2598 1033 2640 δασκαλικην.
1077 2600 1145 2630 ἐστι
1176 2598 1215 2630 δὲ
1247 2610 1347 2639 προςι
1338 2600 1454 2629 θεῖναι

816 2644 871 2674 καὶ
898 2643 959 2686 τὴι
977 2642 1044 2676 ἀπὸ
1064 2647 1131 2676 τῶι
1148 2647 1276 2676 κοιπιῦι
1294 2644 1453 2680 ὲννοιων,

815 2685 895 2719 οἷον
922 2686 970 2721 Τὰ
996 2702 1040 2720 τι)
1065 2688 1158 2722 αὐτῶ
1190 2689 1249 2720 ἴσα
1274 2688 1327 2720 καὶ
1354 2685 1453 2731 αλλή-

814 2734 883 2767 λοις
909 2734 978 2767 ἰ’σ.α
