1687 2969
197 190 272 227 142

741 188 998 228 PLATONIS

194 293 258 337 ὅτι,
298 297 320 336 ὃ
364 295 609 349 κομμωτικὴ
648 297 754 350 πρὸς
790 298 1104 351 γυμναστικήν,
1152 304 1277 339 τοῦτο
1318 296 1541 351 σοφιστικὴ

193 363 300 413 πρὸς
326 363 637 415 νομοθετικήν,
679 362 749 403 καὶ
779 360 843 403 ὅτι
872 364 895 403 ὃ
934 362 1163 416 ὀψοποιικὴ
1202 361 1308 415 πρὸς
1337 363 1540 415 ἰατρικήν,

193 433 320 467 τοῦτο
360 426 560 480 ῥητορικὴ
600 427 706 478 πρὸς
744 428 1032 481 δικαιοσύνην.

832 493 901 533 ἅτε
932 493 967 533 δ’
998 492 1121 545 ἐγγὺς
1150 495 1300 542 ὄντων,
1330 491 1541 544 φύρονται

193 491 379 545 διέστηκε
408 491 485 545 μὲν
515 491 625 532 οὕτω
655 493 800 542 φύσει·

1086 428 1189 480 ὅπερ
1239 427 1380 479 μέντοι
1418 426 1538 480 λέγω,

265 622 478 667 ῥητορικὴ
512 625 619 665 πρὸς
647 624 953 668 δικαιοσύνην]
979 626 1054 657 Par.
1082 626 1108 656 Ι.
1132 625 1222 657 Flor.
1248 637 1279 656 x.
1306 636 1380 657 011111
1406 625 1485 656 Bas.
1509 624 1540 656 2.

194 670 249 701 hic
275 680 409 711 quoque
433 670 561 702 habent
586 670 790 713 δικαστικήι·.
818 681 848 701 v.
874 681 905 712 p.
930 669 1007 703 464.
1033 671 1069 702 B.
1097 672 1134 702 C.

240 715 439 757 διέστηκε
464 716 543 754 μὲν
567 716 675 747 οὕτω
703 716 752 758 qm]

193 761 305 802 Vulgo
332 760 508 801 διέστηκεν
532 760 622 793 οὕτω
650 771 685 801 φ.
712 762 800 792 Dein
826 760 926 792 Vind.
954 760 983 792 1.
1009 760 1038 793 6.
1066 759 1121 792 ἅτε
1148 758 1189 802 δὴ
1215 758 1326 803 ἐγγύς.

462 806 563 839 Vind.
588 805 618 837 2.
644 806 675 837 6.
699 806 789 837 Flor.
815 817 843 837 a.
870 805 900 837 b.
928 817 952 836 0.
980 805 1010 836 d.
1037 817 1066 837 0.
1092 817 1134 839 m.

353 849 466 883 Verba
494 851 655 890 noestam}
689 852 743 882 καὶ
782 848 926 893 ῥήτορες
961 850 1083 882 (10311111
1108 851 1143 882 111
1168 850 1317 882 Vindob.
1342 851 1371 883 6.

194 818 230 836 τα
237 804 295 837 dm}
321 806 435 837 Clark.

195 854 304 882 ταῦτα.

238 963 276 995 C.
309 961 414 1004 ὅπερ
442 962 586 1002 μέντοι
619 963 740 1005 λέγω,
776 962 829 994 δι-

193 1008 346 1050 έστηκε
394 1009 471 1047 μὲν
513 1007 623 1040 οὕτω
677 1007 830 1050 muffet]

193 1054 506 1093 Heindorfius,
539 1055 597 1095 qui
622 1054 721 1093 haee,
745 1052 829 1093 ὅπερ

191 1099 305 1137 μέντοι
331 1098 426 1140 λέγω,
453 1099 555 1130 refert
571 1099 612 1130 ad
628 1099 690 1130 illa
706 1110 737 1141 p.
755 1097 830 1130 464.

192 1145 229 1176 B.
255 1144 305 1182 C„
347 1145 520 1186 complura
550 1144 607 1175 hie
639 1143 703 1175 sibi
736 1144 831 1174 visus

192 1193 243 1220 est
266 1190 455 1231 repperisse
488 1189 632 1231 vestigia
656 1188 831 1220 mutilatae

191 1235 366 1269 orationis.
414 1235 441 1266 B
452 1245 474 1266 u
486 1239 498 1266 t
508 1239 520 1265 t
529 1246 559 1265 1n
570 1240 592 1266 'a
602 1245 623 1265 11
634 1245 655 1265 11
666 1245 688 1265 11
697 1245 711 1265 3
745 1233 829 1265 diffi-

191 1280 353 1312 cultatem
385 1280 435 1311 sie
469 1279 634 1311 removeri
657 1290 756 1321 posse
782 1290 830 1310 ar-

195 1325 346 1365 bitratur,
371 1323 500 1364 3187100
523 1324 636 1364 μέντοι
661 1324 745 1366 λέγω
762 1335 829 1356 11011

192 1371 234 1403 ad
270 1380 503 1412 praegressam
543 1370 728 1401 orationem
767 1374 831 1401 tra-

192 1416 308 1454 hatur,
347 1415 404 1447 sed
436 1415 478 1447 ad
510 1426 549 1446 ea
579 1416 670 1457 ipsa,
706 1415 830 1455 quibus

191 1460 379 1502 praefixum
403 1464 470 1500 est,
504 1459 655 1502 διέστηκε
680 1459 744 1498 μὲιν
769 1458 828 1491 σι’(-

192 1517 247 1543 τω,
273 1507 320 1537 ita
343 1510 381 1537 ut
404 1510 480 1547 post
504 1504 591 1548 Myso
617 1505 831 1547 intelligatur

193 1549 292 1583 τοῦτο’
316 1551 419 1582 ἐστιν.
476 1551 594 1592 ltaque
618 1549 760 1592 probata
785 1550 829 1582 le-

192 1596 303 1628 vtione
348 1596 398 1628 ed.
444 1596 522 1629 Bas.
561 1594 592 1627 2.
642 1595 828 1637 &ademptam

191 1652 329 1673 3011311111
343 1642 447 1672 totius
464 1641 532 1672 loci
556 1640 741 1672 declaravit
760 1641 828 1672 sic:

194 1687 257 1718 Ita
292 1691 436 1717 tamen
466 1685 545 1718 1100
579 1685 741 1717 dietum
769 1696 829 1717 vo-

191 1732 248 1771 lo,
273 1735 317 1763 ut
341 1735 501 1763 natura
526 1731 699 1772 quidem
724 1731 829 1762 illae

192 1780 308 1809 artes
334 1777 450 1809 hunc
485 1777 526 1808 in
560 1775 726 1807 modum
751 1776 829 1806 dif-

192 1823 362 1861 ferant,
410 1821 481 1853 sed
525 1826 665 1853 tamen
705 1832 828 1862 quum

191 1868 464 1909 propinquae
497 1867 584 1898 311)1
617 1871 657 1898 01
688 1866 828 1898 finiti-

190 1923 276 1944 mae
310 1912 416 1952 sint,
453 1911 653 1944 rhetores
687 1911 829 1953 sophi-

191 1962 368 1999 staeque
402 1956 547 1989 eodem
587 1957 629 1987 in
661 1956 756 1988 loco
790 1961 830 1988 et

191 2003 306 2034 circa
368 2002 514 2034 eadem
576 2002 827 2043 (occupati)

190 2047 525 2079 confundantur.
570 2046 737 2088 Equidem
762 2047 825 2077 ista

190 2092 274 2134 ὅπερ
294 2092 404 2131 μέντοι
417 2092 502 2134 λέγω
515 2091 690 2123 referenda
706 2102 825 2123 censeo

191 2138 233 2169 ad
258 2139 410 2179 proxime
434 2137 682 2179 praecedentia,
707 2137 824 2168 simili-

189 2188 239 2214 ter
263 2187 300 2214 ut
324 2183 410 2214 solet
432 2182 578 2214 formula
601 2181 713 2222 ὥςπερ
743 2181 826 2223 λέγω

190 2232 222 2259 et
246 2226 331 2269 ὅπερ
359 2227 441 2269 λέγω
466 2229 634 2269 usurpari,
658 2226 717 2258 ubi
736 2237 829 2268 prae-

190 2284 307 2314 gressa
330 2276 538 2315 repetuntur.
560 2283 590 2304 v.
616 2272 658 2304 ad
683 2272 828 2314 Apolog.

189 2318 281 2350 Soet.
305 2329 336 2360 p.
361 2317 414 2350 21.
440 2318 479 2349 A.
511 2321 544 2349 et
580 2328 665 2359 quae
696 2319 829 2349 notavit

191 2363 442 2394 Boeckhius
472 2363 615 2394 praefat.
648 2363 689 2394 ad
721 2363 829 2394 Simo-

190 2418 285 2446 nem,
324 2418 422 2449 quem
459 2407 570 2446 finxit,
603 2407 764 2439 Socratic.
797 2418 827 2449 p.

190 2453 315 2484 XXIV.
342 2454 514 2484 Doenerat
529 2456 640 2484 autem
659 2454 827 2492 Socrates,

190 2497 361 2539 quodnam
377 2501 466 2529 esset
490 2497 607 2529 harum
624 2499 745 2529 artium
762 2497 827 2528 dis-

191 2544 319 2575 crimen
360 2546 392 2574 et
431 2553 598 2583 quaenam
642 2543 729 2574 inter
770 2553 827 2574 eas

191 2587 414 2621 intercederet
437 2588 644 2619 coniunctio.
709 2589 827 2628 Itaque

190 2644 281 2665 nunc
322 2637 473 2665 extrema
511 2632 595 2664 haec
642 2633 674 2663 in
713 2634 827 2664 animo

191 2679 340 2710 retinens
380 2681 480 2718 atque
519 2678 670 2709 oratione
718 2689 826 2719 perse-

191 2735 297 2764 quens
335 2722 534 2765 diligentius
572 2723 619 2753 ita
659 2722 826 2764 loquitur:

780 716 837 747 Sic
851 716 926 746 Par.
944 716 968 746 Ι.
984 716 1073 747 Flor.
1093 727 1125 746 x.
1141 715 1191 746 ed.
1210 716 1285 747 Bas.
1303 713 1333 747 2.
1352 714 1538 756 &dammam

1366 761 1429 791 Pro
1456 761 1533 800 περ)

1173 806 1263 847 Aug.
1290 806 1429 836 Meerm.
1458 806 1535 845 περὶ

1429 850 1540 881 Eiecit

902 962 1012 1003 quod
1059 967 1207 994 autem
1262 973 1346 994 111111
1360 972 1378 994 0
1434 962 1505 993 dix
1519 963 1539 1002 i,

902 1008 1082 1039 eandem
1120 1019 1163 1040 es
1177 1019 1219 1039 se
1267 1008 1539 1050 sophistices

900 1053 950 1085 ad
973 1054 1115 1096 legum
1147 1053 1428 1085 ferendarum
1461 1054 1540 1084 301-

901 1100 1061 1130 entiam
1086 1099 1274 1139 itemque
1293 1099 1539 1130 rhetorices

901 1143 950 1175 ad
1005 1143 1289 1185 disciplinam
1353 1144 1395 1174 iu
1408 1143 1539 1175 dicia-

900 1190 1003 1220 riam
1028 1189 1171 1220 ration
1184 1199 1252 1229 em,
1279 1199 1386 1241 qua-*e
1411 1189 1537 1220 inter-

901 1234 1027 1265 cedat
1065 1235 1152 1266 arti
1196 1234 1360 1265 fueatr
1352 1234 1408 1265 101
1448 1244 1538 1265 011111

899 1280 1172 1321 gymnastica
1219 1283 1292 1310 aut
1333 1290 1407 1320 coq
1420 1280 1538 1310 uina-

900 1325 990 1356 liae
1022 1335 1109 1356 011111
1142 1323 1330 1376 medica,
1370 1324 1411 1355 id
1446 1325 1538 1365 qui

900 1369 989 1401 dem
1029 1369 1121 1401 (113(
1132 1370 1262 1401 rimen
1305 1369 1536 1400 tenendum

900 1419 967 1446 cst
1006 1416 1056 1446 ab
1097 1415 1191 1456 ipsa
1240 1419 1401 1446 natura
1442 1425 1538 1447 esse

900 1460 1211 1498 constitutum3
1245 1460 1317 1491 sed
1349 1471 1369 1501 q
1381 1460 1451 1491 uia
1475 1464 1537 1491 etc.

900 1506 1066 1547 Apparet,
1112 1506 1249 1546 opinor,
1297 1504 1339 1536 ad
1384 1503 1539 1547 διέστηκιρ

899 1554 1072 1591 tamquam
1112 1551 1302 1582 subiectum
1341 1561 1358 1582 e
1390 1551 1541 1592 superio-

898 1595 993 1627 ribus
1018 1606 1091 1627 0330
1106 1595 1323 1637 cogitandum
1347 1593 1445 1633 αὐτά,
1460 1596 1493 1627 11.
1511 1605 1539 1627 e.

899 1641 934 1672 is
944 1645 983 1672 ta
993 1652 1009 1672 e
1035 1645 1125 1672 arte
1136 1652 1168 1680 s,
1194 1651 1280 1681 quae
1304 1641 1391 1672 inter
1409 1651 1444 1672 se
1460 1646 1537 1672 sunt

898 1690 1074 1727 cognatae.
1123 1686 1222 1725 Quod
1247 1686 1275 1717 si
1307 1686 1360 1717 eui
1386 1685 1540 1717 videatur

899 1731 1082 1770 difficilius,
1107 1730 1202 1763 nullo
1228 1732 1364 1773 negotio
1389 1742 1457 1762 rem
1483 1742 1538 1762 ex-

898 1776 1013 1818 pedies
1037 1786 1097 1818 pro
1114 1775 1132 1806 ‹3‘
1142 1788 1204 1816 περ
1232 1775 1409 1808 scribendo
1431 1774 1537 1816 ἅπερ,

899 1821 989 1862 quod
1021 1832 1102 1853 sane
1143 1831 1202 1863 pro
1244 1832 1322 1853 vero
1361 1821 1539 1853 habemus.

898 1868 1016 1908 Itaque
1054 1866 1220 1898 hactenus
1253 1866 1387 1907 quidem
1425 1868 1538 1898 omnia

898 1912 932 1942 in
980 1911 1137 1953 expedito
1183 1916 1272 1943 sunt.
1338 1912 1411 1943 Iam
1457 1923 1537 1943 vero

897 1968 996 1988 nemo
1026 1967 1094 1988 non
1138 1960 1313 1998 exspectet
1350 1956 1436 1988 hanc
1469 1957 1537 1989 fere

897 2001 1084 2033 subiectum
1111 2002 1151 2032 iri
1187 2003 1388 2033 sententiam
1401 2013 1408 2032 :
1457 2002 1479 2033 S
1491 2013 1508 2033 e
1518 2002 1536 2033 (1
1570 1999 1574 2002 ’

897 2047 998 2088 quia
1021 2047 1099 2078 hae
1125 2051 1243 2079 artes
1268 2048 1381 2078 inter
1406 2057 1447 2079 se
1479 2058 1537 2079 00-

896 2096 1056 2134 gnatae
1083 2096 1194 2132 sunt,
1219 2092 1385 2124 idcirco
1411 2103 1536 2134 saepe

897 2136 1235 2169 confunduntur
1321 2137 1536 2179 neglecto

899 2183 1156 2214 discrimine
1193 2193 1211 2213 a
1246 2186 1406 2214 natura
1442 2192 1535 2214 con—

900 2239 915 2259 s
925 2228 957 2258 ti
968 2232 1070 2259 tuto.
1123 2228 1209 2258 Nam
1248 2227 1337 2268 quod
1378 2228 1535 2259 Socrates

897 2273 937 2305 de
961 2273 1051 2304 veris
1077 2272 1206 2303 artibus
1238 2271 1371 2303 dixerat
1404 2283 1434 2313 p.
1459 2272 1534 2305 464.

898 2319 935 2349 B.
961 2318 1009 2357 C„
1047 2328 1103 2348 eas
1127 2322 1262 2358 propter
1285 2318 1534 2359 cognationem,

897 2374 964 2404 qua
994 2363 1249 2401 contineantur,
1289 2362 1377 2394 inter
1409 2374 1444 2394 se
1476 2363 1537 2394 mi-

897 2408 981 2439 sceri
998 2433 1005 2448 ‚
1029 2407 1117 2438 idem
1143 2408 1359 2438 manifestum
1385 2412 1435 2439 est
1459 2419 1534 2439 011111

896 2463 986 2484 nunc
1026 2453 1128 2484 etiam
1160 2452 1200 2484 de
1239 2452 1373 2484 illarum
1413 2453 1534 2484 artium

896 2497 1086 2529 simulacris
1111 2497 1279 2529 affirmare
1291 2523 1298 2537 ,
1330 2499 1393 2529 ho(-
1420 2502 1470 2529 est
1494 2498 1534 2529 de

896 2543 1059 2574 rhetorice
1079 2545 1111 2572 ct
1128 2543 1321 2584 sophistice,
1339 2554 1422 2584 quas
1445 2543 1534 2574 solas

895 2598 985 2619 nune
1010 2593 1173 2619 memorat
1182 2612 1189 2626 ‚
1221 2589 1301 2629 quia
1331 2589 1413 2619 artis
1446 2589 1535 2619 fuca-

897 2633 988 2664 ‘tricis
1014 2636 1047 2663 et
1069 2633 1288 2674 coquinariae
1323 2633 1424 2664 aliam
1458 2644 1531 2665 esse

896 2678 1062 2709 rationem
1087 2678 1120 2709 in
1147 2679 1310 2720 proximis
1331 2682 1382 2709 est
1396 2678 1531 2709 demon-

897 2727 1072 2755 straturus.
1122 2723 1187 2754 Sed
1214 2723 1305 2755 illam
1332 2724 1531 2755 sententiam
