1687 2969
238 187 316 222 342
777 185 1034 224 PLATONIS

236 307 320 332 των
350 291 512 345 ῥάβδον
541 289 647 345 ἔχων
674 293 840 343 δικάζει.
871 293 894 334 ὁ
923 293 967 334 δὲ
992 294 1147 342 ΝΙίνως
1175 292 1416 335 ἐπισκοπῶν
1443 295 1576 348 κάθη-

234 372 315 404 ται,
344 357 475 409 μόνοςΙ
504 355 609 411 ἔχων
636 365 824 411 χρυσοῦν
853 365 1078 411 σκῆπτρον,
1110 357 1166 407 ὥς
1195 354 1577 412 φησινὈδυσσεὺς

235 421 259 463 ὁ
279 416 478 476 Ὀμήρου
507 423 612 464 ἰδεῖν
643 419 775 464 αὐτὸν

369 488 549 540 χρύσεον
577 491 794 542 σκῆπτρον
823 485 992 541 ἔχοντα,
1032 489 1337 542 θεμιστεύοντα
1364 486 1576 529 νέκυσσιν.

362 548 470 606 Ἐγὼ
499 552 576 606 μὲν
605 549 698 601 οὖν,
741 548 773 594 ὦ
804 555 1063 603 Καλλίκλεις,
1093 554 1175 594 ὑπὸ
1204 554 1370 595 τούτων
1398 555 1484 593 τῶν
1510 554 1577 594 λό-

235 632 324 670 γων
343 616 579 671 πέπεισμαι,
609 619 678 659 καὶ
702 621 860 666 σκοπῶ,
891 616 1003 667 ὅπως
1031 619 1338 671 ἀποφανοῦμαι
1365 621 1426 675 τῷ
1455 624 1577 672 κριτῇ

235 682 291 730 ὡς
329 682 581 736 ὑγιεστάτην
608 683 687 737 τὴν
714 685 868 737 ψυχήν.
909 685 1068 736 χαίρειν
1097 680 1176 725 οὖν
1206 682 1331 732 ἐάσας
1358 683 1430 731 τὰς
1457 684 1578 737 τιμὰς

233 746 307 796 τὰς
335 750 420 788 τῶν
448 751 618 790 πολλῶν
645 746 915 801 ἀνθρώπων,
953 748 1032 802 τὴν
1060 749 1267 803 ἀλήθειαν
1295 751 1467 791 σκοπῶν
1494 763 1578 790 πει-

235 814 418 866 ράσομαι
455 816 513 869 τῷ
553 817 645 855 ὄντι
685 809 742 862 ὠς
771 814 824 855 ἂν
853 814 1044 867 δύνωμαι
1074 813 1286 867 βέλτιστος
1315 814 1376 855 ὣν
1404 814 1474 855 καὶ
1505 817 1579 867 ζῆν

234 879 318 927 καί,
349 878 518 920 ἐπειὸὰν
541 880 818 933 ἀποθνήσκω,
847 880 1152 934 ἀποθνήσκειν.
1180 883 1411 932 παρακαλῶ
1439 879 1483 921 δὲ
1511 880 1581 922 καὶ

301 1034 344 1068 D.
393 1036 558 1074 θεμιστ.
588 1034 687 1067 νέκυ
701 1046 719 1067 o
733 1045 772 1067 σι
786 1036 824 1078 ν]
853 1036 910 1068 Sic
926 1035 1042 1068 Clark.
1059 1036 1136 1068 Vat.
1153 1036 1239 1068 Ven.
1262 1036 1340 1068 ΞΣ.
1373 1036 1476 1068 Vind.
1495 1035 1526 1068 2.
1548 1035 1578 1070 7.

234 1080 311 1112 Par.
336 1081 377 1112 V.
409 1081 505 1112 Bodl.
538 1081 628 1123 Aug.
658 1082 796 1113 Meerm.
830 1081 956 1115 Euseb.
986 1082 1076 1113 Vett.
1109 1081 1203 1114 editt.
1237 1081 1366 1114 νέκυσι.
1412 1082 1580 1124 Exempla

234 1125 377 1158 Homeri
399 1126 528 1158 habent
551 1125 744 1164 νεκύεσσιν,
770 1126 831 1159 ubi
854 1126 1029 1169 praecedit
1052 1125 1278 1166 θεμιστεύων.

305 1213 356 1249 ὠς
388 1212 646 1258 ὑγιεστάτην
678 1216 752 1260 τὴν
783 1215 942 1259 ψυχήν]
980 1218 1062 1249 Post
1087 1215 1288 1260 ὑγιεστάτην
1321 1217 1426 1259 vulgo
1451 1216 1582 1248 addunt

236 1261 339 1302 ἔχων,
376 1261 466 1303 quod
502 1262 678 1294 omisimus
709 1273 787 1294 cum
821 1262 934 1295 Clark.
968 1263 1044 1297 Vat.
1071 1263 1174 1297 Coisl.
1201 1263 1301 1295 Vind.
1328 1262 1357 1295 1.
1382 1263 1412 1296 6.
1438 1261 1468 1294 7.
1504 1263 1582 1294 Par.

235 1307 263 1338 B
274 1306 299 1338 C
308 1307 336 1338 E
346 1307 373 1339 F
382 1308 398 1338 I
410 1307 465 1339 W.
489 1318 612 1339 novem
635 1308 801 1340 Florentt.

235 1464 431 1506 obloquitur
454 1464 705 1496 Boeckhius
730 1465 765 1496 in
786 1464 871 1496 Min.

235 1515 268 1541 et
298 1510 403 1552 Legg.
435 1520 466 1551 p.
500 1508 554 1541 ⁶29.
601 1510 689 1541 Nam
720 1516 759 1540 ut
788 1510 873 1541 haec

235 1555 346 1587 otiosa
386 1556 471 1594 sint,
511 1565 598 1596 quae
637 1554 775 1586 tandem
807 1556 873 1586 ista

235 1601 399 1632 severitas
430 1606 496 1639 est,
529 1611 615 1642 quae
646 1601 682 1631 in
713 1599 873 1632 fabulosa

234 1646 429 1678 narratione
450 1646 537 1677 nihil
555 1645 771 1677 tolerandum
796 1656 872 1677 cen-

235 1696 317 1730 seat,
342 1691 431 1732 quod
447 1692 616 1732 pertineat
635 1691 675 1722 ad
693 1692 874 1722 ornatum?

236 1736 303 1768 Sed
319 1747 362 1767 ne
387 1742 467 1768 sunt
491 1736 627 1777 quidem
650 1737 735 1767 haec
761 1747 876 1777 super-
908 1740 916 1743 ”

235 1792 398 1820 vacanea,
423 1792 509 1823 quae
534 1782 563 1812 si
588 1782 758 1820 abessent,
784 1783 876 1823 equi—

236 1826 311 1859 dem
357 1826 457 1858 valde
504 1828 644 1858 mirarer
694 1827 876 1868 abruptum

235 1874 329 1904 hunc
364 1873 572 1904 narrationis
609 1872 721 1903 finem.

237 1928 339 1960 quam
371 1918 460 1949 enim
493 1928 524 1959 p.
553 1916 630 1949 524.
661 1919 701 1949 Α.
734 1918 770 1948 in
801 1919 876 1949 uni-

235 1974 373 1995 versum
397 1963 587 1994 indicatum
612 1968 672 2001 est,
697 1973 783 2003 quae
809 1963 877 1994 sint

237 2019 379 2040 munera
418 2014 451 2040 et
490 2008 605 2040 officia
638 2007 788 2039 iudicum
827 2009 876 2039 in-

237 2055 402 2093 ferorum,
435 2053 514 2084 inde
547 2065 567 2085 a
598 2064 629 2094 p.
653 2052 730 2085 525.
754 2054 796 2085 D.
822 2063 877 2085 ac—

238 2100 390 2132 curatius
438 2098 660 2137 describitur,
708 2098 876 2140 quomodo

238 2144 519 2177 Rhadamanthus
558 2148 710 2175 versetur
747 2144 783 2175 in
821 2155 875 2175 ex-

239 2189 413 2231 plorandis
433 2189 691 2229 iudicandisque
707 2190 876 2221 manibus.
913 2220 916 2223 ,

240 2236 317 2275 Qua
340 2235 535 2266 narratione
555 2234 711 2266 absoluta
729 2235 877 2266 breviter

239 2280 374 2312 additur
421 2279 540 2311 eadem
582 2290 720 2321 prorsus
764 2281 877 2312 facere

238 2327 400 2363 Aeaeum,
425 2326 550 2366 quippe
571 2326 628 2366 qui
647 2325 810 2357 iudicium
836 2326 877 2357 de

238 2371 426 2412 Europaeis
446 2371 572 2412 pariter
595 2377 752 2402 exerceat
776 2377 877 2412 atque

238 2415 520 2448 Rhadamanthus
553 2415 592 2446 de
617 2416 720 2446 Asiae
744 2416 876 2447 incolis.

240 2461 330 2501 Quid
364 2461 494 2502 igitur?
532 2471 635 2501 quum
671 2461 790 2492 horum
828 2472 878 2492 se-

239 2507 418 2538 veritatem
449 2506 640 2537 accuratius
674 2505 876 2547 descriptam

238 2552 427 2590 videamus,
453 2551 596 2588 Minois,
621 2551 677 2582 oui
701 2551 878 2583 iudicandi

239 2596 409 2638 πρεσβεῖα
442 2595 646 2626 demandata
677 2601 772 2635 sunt,
803 2597 878 2628 nul-

237 2643 306 2674 lam
324 2641 470 2683 amplius
487 2640 560 2672 fieri
576 2642 783 2674 mentionem
809 2653 877 2673 non

238 2686 463 2718 mirabimur?
496 2686 568 2717 Imo
594 2696 672 2717 vero
699 2697 777 2718 cum
802 2688 876 2729 ipso

241 2732 384 2764 Platone
418 2732 502 2763 haec
533 2730 689 2763 addenda
712 2732 878 2765 iudicabi-

780 1874 877 1904 Post-
910 1875 913 1877 '

941 1475 1027 1496 mus.
1095 1464 1267 1496 Describit
1313 1469 1427 1496 autem
1472 1464 1582 1506 philo-

942 1510 1067 1551 sophus
1092 1509 1281 1541 secundum
1306 1510 1494 1540 Homerum
1518 1510 1582 1540 Mi-

940 1557 1017 1586 nois
1033 1555 1246 1586 maiestatem
1262 1560 1363 1595 atque
1381 1554 1582 1596 dignitatem

940 1601 1062 1642 paucis
1086 1599 1241 1641 quidem,
1274 1599 1331 1631 sed
1356 1600 1398 1631 iis
1422 1600 1583 1642 gravissi-

942 1646 1007 1677 mis
1038 1645 1171 1685 verbis,
1205 1655 1348 1676 narrans
1380 1656 1456 1676 eum
1481 1655 1582 1676 aureo

945 1696 1076 1732 sceptro
1085 1695 1237 1722 utentem
1247 1690 1398 1722 iustitiae
1408 1690 1581 1721 vindicem

946 1743 978 1768 et
1003 1736 1176 1768 custodem
1202 1735 1369 1775 assidere,
1403 1746 1507 1777 quum
1531 1746 1583 1767 ee-

944 1783 1008 1813 teri
1060 1782 1157 1823 virga
1203 1787 1352 1813 utantur.
1424 1781 1583 1812 Ceterum

945 1827 1074 1869 primus
1097 1827 1219 1858 vitium
1247 1826 1388 1865 sustuli,
1418 1826 1583 1868 pusillum

945 1872 1032 1904 illud
1069 1872 1222 1913 quidem,
1268 1871 1327 1903 sed
1365 1882 1430 1912 qno
1468 1877 1581 1903 tamen

946 1918 1053 1950 oratio
1078 1917 1251 1958 scriptoris
1272 1918 1394 1947 misere
1419 1916 1583 1948 deforma-

946 1963 1056 1994 batur.
1110 1962 1264 1993 Distinxi
1297 1962 1386 1992 enim
1418 1967 1494 2002 post
1525 1959 1583 1992 κά-

947 2009 1066 2049 θηται,
1100 2018 1204 2048 quum
1237 2007 1341 2048 vulgo
1376 2012 1452 2048 post
1481 2005 1584 2045 μόνουἿ

947 2064 1077 2085 comma
1105 2053 1297 2085 inferretur.
1344 2052 1382 2083 Id
1413 2052 1509 2084 taciti
1533 2063 1584 2083 se-

946 2099 1044 2140 quuti
1074 2103 1153 2129 sunt
1183 2098 1284 2129 etiam
1314 2098 1494 2129 novissimi
1517 2097 1585 2129 edi-

945 2150 1050 2176 tores.

992 2235 1033 2268 D.
1074 2231 1189 2265 ὅπως
1215 2230 1584 2271 ἀποφανοῦμαι-

948 2280 1022 2322 τὴν
1042 2276 1194 2320 ψυχήν]
1215 2277 1424 2320 quomodo
1445 2277 1585 2310 iudici

947 2326 1130 2356 animum
1152 2334 1284 2355 meum
1305 2333 1424 2364 quam
1450 2325 1584 2355 sanis-

947 2372 1101 2402 simum
1137 2369 1297 2410 possim
1329 2367 1583 2400 ostendere.

946 2417 1034 2447 Nam
1064 2416 1112 2446 ita
1142 2411 1392 2453 ἀποφανοῦμαι
1417 2414 1584 2454 accipien-

947 2461 1027 2492 dum
1051 2461 1085 2491 vi
1111 2458 1206 2490 verbi
1226 2458 1339 2490 medii.
1376 2458 1585 2500 Intelligitur

946 2517 1057 2544 nune,
1094 2505 1229 2546 opinor,
1272 2503 1360 2535 unde
1399 2508 1508 2535 ortum
1542 2504 1586 2534 sit

946 2551 1032 2583 illud
1048 2551 1134 2591 ἔχων
1157 2549 1261 2591 vulgo
1285 2554 1363 2581 ante
1387 2546 1448 2591 τὴν
1473 2547 1586 2590 ψυχήν

947 2598 1125 2628 intrusum.
1556 2595 1560 2598 ”

993 2685 1061 2718 τὰς
1097 2683 1176 2716 τῶν
1213 2682 1379 2715 πολλῶν
1408 2680 1583 2723 ἀνθρώ-

948 2743 971 2762 π
981 2743 1006 2762 ω
1020 2730 1050 2774 ν]
1077 2729 1168 2762 Cave
1183 2726 1391 2769 ἀνθρώπων
1407 2728 1583 2760 deleveris.
