1687 2969
559 136 779 176 -Lxxv
851 156 891 162 —

44 249 298 308 gravissima
330 264 477 306 pugna
506 255 549 291 et
577 249 813 302 contentio,
842 264 927 303 qua
956 249 1127 302 rationi,
1158 249 1248 291 sive
1279 249 1393 290 auri-

45 322 126 365 gae
150 322 301 349 currus
334 307 463 360 alati,
504 307 548 348 in
589 321 734 348 amore
765 305 912 348 divino
944 305 1125 348 colendo
1158 312 1287 360 atque
1320 313 1390 347 tu-

43 363 155 406 endo
187 379 284 405 cum
315 363 623 420 cupiditatibus
655 370 698 404 et
731 362 958 405 affectibus
1000 362 1391 405 vehementioribus

42 419 378 462 conflictandum
408 421 486 471 sit3
528 435 637 475 quae
676 436 777 475 pars
817 420 959 476 operis
996 419 1122 461 sicuti
1154 420 1390 461 orationem

41 476 172 519 habet
191 477 338 533 paullo
357 477 701 530 luxuriosiorem,
723 477 780 517 ita
802 478 931 518 etiam
951 476 1121 532 egregie
1141 484 1392 531 comparata

42 540 110 576 est
148 549 221 588 eo,
262 541 309 575 ut
347 534 458 576 clare
501 540 729 590 appareat,
780 542 941 589 quanto
990 533 1220 574 certamine
1259 548 1390 589 saepe

42 607 151 647 opus
194 591 275 645 sit,
325 597 374 632 ut
410 591 598 632 melioris
646 597 824 632 naturae
873 596 1049 632 nostrae
1104 589 1294 645 dignitas
1336 591 1389 632 ab

40 648 156 704 turpi
194 646 426 689 affectuum
465 654 507 689 et
548 646 834 703 cupiditatum
872 647 1113 688 humilitate
1143 653 1238 687 tuta
1268 662 1390 702 prae-

39 711 178 746 stetur
206 710 335 760 atque
365 719 387 746 e
415 720 563 761 pugna
593 704 868 761 gravissima,
911 719 1021 759 quae
1052 703 1135 758 ipsi
1166 703 1391 745 subeunda

37 761 109 815 sit,
132 761 289 803 victrix
318 760 528 815 discedat,
560 778 602 817 p.
635 762 731 803 253.
763 761 820 803 D.
843 786 899 792 —
920 762 1014 803 255.
1048 759 1098 802 C.
1129 760 1213 802 His
1246 767 1388 801 autem

40 818 247 874 expositis
290 818 418 860 etiam
455 819 522 860 vis
574 824 618 860 et
662 818 898 860 efficacitas
947 818 1210 869 illustratur,
1261 833 1389 872 quam

46 875 240 918 sincerus
281 875 354 917 ille
394 881 437 917 et
479 874 534 916 ad
575 874 723 916 divina
765 889 999 916 conversus
1031 890 1150 915 amor
1180 874 1224 915 in
1254 874 1388 915 nutri-

39 931 151 974 endo
197 939 325 986 atque
362 931 646 988 propagando
697 932 888 974 celsioris
950 931 1187 987 sapientiae
1243 930 1387 972 studio

39 989 165 1030 etiam
184 987 302 1044 apud
320 990 477 1031 amoris
499 989 642 1031 socios
665 995 707 1030 et
726 995 950 1031 consortes
978 988 1148 1030 habeat.
1175 1003 1210 1029 c.
1230 1004 1272 1042 p.
1291 988 1386 1028 255.

40 1044 262 1087 0.-256.
284 1046 342 1087 Α.
377 1052 507 1101 atque
536 1045 737 1088 laudibus
759 1045 1090 1101 elegantissimis
1114 1044 1390 1100 praedicatur

39 1117 187 1144 eorum
211 1103 421 1155 beatitas,
457 1103 531 1158 qui
568 1108 773 1158 superata
808 1104 849 1144 vi
880 1102 1129 1159 cupiditatis
1171 1101 1391 1157 sapienter

38 1159 151 1200 inter
191 1173 238 1201 se
277 1166 450 1213 ament,
474 1159 651 1215 'quippe
696 1160 769 1214 qui
815 1175 902 1210 non
940 1158 1069 1200 modo
1115 1159 1159 1199 in
1189 1158 1271 1199 hac
1302 1159 1391 1199 vita

38 1215 208 1257 mortali
245 1216 634 1271 praestantissimis
676 1216 913 1272 sapientiae
946 1231 996 1257 ac
1026 1215 1199 1257 virtutis
1240 1231 1390 1256 mune-

35 1272 155 1314 ribus
185 1273 421 1328 potiantur,
452 1288 601 1314 verum
643 1273 769 1314 etiam
809 1278 911 1329 post
946 1278 1128 1314 mortem
1171 1272 1285 1313 vitae
1325 1271 1389 1312 di-

36 1329 213 1371 vinioris
268 1329 410 1371 denuo
461 1330 693 1386 participes
752 1330 886 1371 futuri
926 1330 1034 1379 siut3
1094 1347 1134 1386 p.
1189 1331 1282 1373 256.
1332 1330 1388 1370 A.

35 1385 88 1428 B.
145 1385 238 1428 Iam
290 1402 391 1429 vero
442 1387 510 1429 his
551 1387 870 1444 elegantissime
925 1387 1151 1428 illustratis
1202 1385 1389 1440 denique

35 1443 163 1485 etiam
204 1443 258 1486 de
295 1443 390 1486 aliis
429 1444 585 1486 amoris
627 1444 860 1501 generibus
899 1444 1086 1486 breviter
1121 1443 1389 1485 admonetur.

33 1500 308 1542 Discernitur
347 1501 461 1543 enim
490 1501 676 1557 primum
714 1501 766 1543 ab
799 1508 944 1543 amore
974 1500 1236 1557 philosopho
1271 1516 1391 1542 amor

32 1556 128 1611 ille,
174 1558 248 1612 qui
277 1558 381 1600 licet
410 1573 507 1600 cum
538 1557 715 1600 honoris
745 1557 888 1600 studio
920 1558 1176 1600 coniunctus
1206 1557 1284 1611 sit,
1326 1562 1390 1599 ta-

32 1629 131 1655 men
170 1615 371 1670 quoniam
410 1632 434 1657 a
476 1630 679 1671 germano
729 1615 966 1670 sapientiae
1005 1614 1149 1656 studio
1191 1615 1247 1656 sit.
1288 1615 1390 1656 alie-

32 1671 150 1725 nior,
194 1671 364 1713 facilem
392 1671 562 1728 lapsum
592 1671 647 1713 ad
676 1671 943 1728 peccandum
976 1671 1146 1713 habeat.
1207 1670 1295 1724 Qui
1325 1678 1389 1713 ta-

34 1742 133 1769 men
173 1743 293 1770 amor
330 1728 546 1771 iudicatur
585 1744 672 1770 non
717 1729 892 1770 omnino
931 1727 1057 1769 laude
1103 1743 1180 1770 sua
1226 1743 1387 1775 carere,

31 1784 244 1839 siquidem
273 1786 532 1828 coniunctus
563 1785 620 1827 sit
650 1801 747 1827 cum
778 1785 983 1827 facultate
1015 1785 1208 1827 celsioris
1233 1785 1389 1826 amoris

32 1842 264 1896 aliquando
308 1842 597 1899 suscipiendi,
645 1857 754 1898 quae
787 1843 915 1884 etiam
960 1842 1249 1898 praemiorum
1290 1848 1391 1899 post

32 1905 212 1940 mortem
243 1899 651 1954 consequendorum
700 1915 822 1956 spem
870 1900 1026 1945 faciat:
1076 1915 1119 1954 p.
1179 1901 1274 1941 256.
1330 1899 1388 1940 D.

31 1955 85 1997 E.
170 1956 404 1998 Praeterea
452 1972 555 1998 vero
604 1957 733 1998 etiam
782 1957 835 1999 ab
882 1957 956 1998 illo
1008 1955 1281 2012 dignoscitur
1338 1971 1388 1998 ac

33 2013 274 2055 secernitur
309 2013 347 2055 is
395 2029 540 2068 amor,
606 2029 734 2069 quem
763 2014 922 2071 Lysias
954 2016 1146 2055 oratione
1178 2029 1257 2055 sua
1296 2013 1389 2054 lau-

41 2068 142 2112 dare
180 2085 267 2112 non
305 2069 621 2113 verecundatus
652 2077 732 2124 est,
773 2071 847 2126 qui
877 2070 1212 2112 familiaritatem
1242 2085 1388 2111 amore

34 2132 251 2169 carentem
283 2133 476 2170 sectetur
504 2128 834 2184 temperantiam
864 2134 1144 2184 praetexens,
1179 2134 1220 2169 et
1249 2127 1388 2168 illibe-

38 2182 247 2225 ralitatem
294 2191 338 2226 et
365 2185 679 2239 humilitatem,
731 2201 859 2240 quam
897 2184 1054 2240 vulgus
1104 2199 1183 2240 pro
1228 2184 1388 2225 virtute

35 2239 242 2296 venditet,
273 2241 484 2283 inanimis
507 2242 673 2298 gignat,
708 2248 754 2283 ut
788 2257 899 2294 eum,
933 2242 1007 2295 qui
1037 2241 1121 2297 ipsi
1148 2240 1386 2296 indulgeat,

36 2302 136 2352 post
161 2304 345 2340 mortem
367 2299 542 2341 fortuna
571 2314 724 2355 parum
745 2299 890 2340 fausta
920 2305 1116 2348 maneat3
1142 2314 1182 2354 p.
1216 2299 1311 2339 256.
1335 2297 1387 2338 Ε.

150 2353 274 2397 Haeo
302 2355 437 2412 igitur
466 2357 609 2397 omnia
641 2356 716 2398 ubi
748 2371 834 2398 uno
866 2362 1086 2409 tamquam
1124 2355 1280 2397 mentis
1313 2354 1390 2396 ob-

36 2408 127 2450 latu
168 2411 607 2466 consideraverimus,
661 2419 777 2455 certe
815 2428 942 2454 nemo
984 2412 1213 2467 quisquam
1260 2411 1387 2453 dubi-

35 2466 217 2520 taverit,
250 2469 354 2523 quin
385 2476 686 2526 argumentum
716 2470 843 2511 huius
884 2469 1092 2511 orationis
1133 2485 1221 2511 non
1261 2469 1387 2510 alior-

37 2537 135 2564 sum
175 2523 259 2565 nisi
297 2540 348 2567 eo
388 2527 627 2582 pertineat,
682 2534 731 2568 ut
776 2542 896 2568 amor
935 2525 1108 2568 divinus
1151 2541 1204 2568 ex
1242 2526 1387 2566 nativa

39 2580 279 2622 animorum
317 2582 361 2623 vi
401 2589 529 2638 atque
571 2583 717 2626 indole
751 2590 880 2637 atque
919 2583 1069 2625 mundi
1107 2582 1389 2639 intelligibilis

38 2651 89 2678 ac
120 2637 235 2679 vitae
266 2637 436 2681 divinae
467 2656 564 2682 cum
593 2640 752 2683 mundo
780 2640 863 2682 hoc
895 2639 1178 2696 adspectabili
1222 2647 1263 2681 et
1305 2639 1386 2682 vita

39 2694 209 2736 mortali
242 2709 357 2736 nexu
387 2701 430 2737 et
460 2697 735 2740 cohaerentia
767 2696 1010 2739 declaretur
1053 2712 1188 2752 eaque
1221 2696 1386 2738 ratione
