1687 2969
485 176 559 214 AD
589 175 831 215 GORGIAM
861 174 1070 213 PLATON
1070 175 1129 212 IS.
1429 175 1478 209 35

131 295 280 340 partem
309 290 437 328 vocari
466 290 506 327 in
526 288 851 339 disceptationem,
883 300 980 338 quae
1011 287 1058 324 ad
1078 286 1351 336 rempublicam
1379 285 1479 323 eius-

131 360 205 398 que
235 347 552 395 gubernationem
580 346 784 397 pertineat.
824 344 966 393 Agitur
985 344 1102 391 igitur
1132 345 1177 382 de
1207 356 1285 380 una
1313 343 1479 380 maxime

131 403 352 454 eloquentia
391 404 494 442 civili
532 407 571 442 et
599 403 773 453 politica,
814 401 899 438 aliis
938 401 1144 438 rhetorices
1180 400 1383 449 generibus
1413 413 1479 437 ex-

133 461 248 497 clusis
280 464 347 498 aut
366 461 504 499 leviter
532 464 683 498 tantum
714 458 1026 503 commemoratis,
1057 458 1095 494 id
1126 458 1226 508 quod
1256 472 1291 506 p.
1324 461 1414 495 500.
1434 457 1478 494 Ε.

130 539 186 543 -—
228 520 318 554 502.
357 518 404 555 D.
444 517 500 555 ita
546 517 629 554 fieri
676 515 1036 560 animadvertimus,
1087 527 1161 565 quo
1202 514 1317 551 simul
1356 514 1480 551 civilis

131 574 372 624 eloquentiae
403 587 489 610 eum
517 574 593 610 illis
614 572 787 621 cognatio
819 586 862 609 ac
883 572 1091 609 similitudo
1112 571 1359 618 significetur.
1400 572 1479 607 Nec

132 643 222 668 vero
252 630 291 666 id
320 630 480 679 scriptor
508 630 590 679 ipse
620 643 696 666 non
726 629 929 667 indicavit:
972 627 1268 677 prudentissime
1309 627 1410 665 enim
1442 628 1477 663 in

130 686 213 735 ipso
243 687 367 736 operis
396 687 557 724 introitu
579 686 758 734 Gorgiam
787 686 841 722 ita
869 686 1091 735 loquentem
1121 684 1285 729 induxit,
1316 691 1359 721 ut
1389 685 1481 721 artis

131 756 223 780 suae
261 757 374 780 usum
412 747 536 781 totum
575 743 653 780 fere
693 743 739 779 ad
780 742 933 790 negotia
974 741 1125 790 publica
1175 747 1213 778 et
1250 754 1310 777 res
1351 740 1482 778 civiles

130 799 358 847 restringat,
412 813 487 850 quo
526 800 626 837 facto
667 799 876 847 disputatio
918 798 1039 835 onmis
1080 798 1133 835 ita
1173 797 1388 846 peragitur,
1439 802 1482 834 ut

131 856 283 893 omnino
313 857 360 893 de
398 869 476 893 una
513 856 614 894 civili
647 855 866 905 eloquentia
905 868 1117 891 sermonem
1146 854 1226 891 fore
1255 867 1366 891 nemo
1404 867 1478 890 non

130 913 283 950 sentiat.
342 913 413 950 Cui
442 912 581 950 rationi
611 912 766 949 minime
798 913 1024 949 adversatur
1053 911 1159 957 illud,
1192 912 1292 961 quod
1323 911 1482 959 Gorgias

131 968 212 1017 ipso
250 969 410 1006 Platone
449 974 548 1007 teste
586 970 740 1006 Menon.
778 982 812 1017 p.
846 972 909 1005 95.
948 970 987 1005 U.
1038 967 1132 1004 alios
1173 968 1297 1004 ridere
1336 968 1483 1005 solebat

130 1025 339 1074 sophistas,
381 1025 447 1076 qui
477 1038 516 1062 se
547 1025 733 1063 virtutem
772 1025 979 1062 tradituros
1019 1024 1269 1074 hominesque
1309 1024 1481 1062 doctrina

130 1094 199 1119 sua
229 1082 346 1119 etiam
376 1083 423 1118 ad
454 1082 604 1120 civilem
635 1082 820 1119 virtutem
850 1081 1004 1118 idoneos
1034 1081 1248 1118 reddituros
1285 1094 1367 1117 esse
1398 1094 1481 1130 pro-

129 1138 356 1184 fitebantur3
389 1138 469 1187 ipse
500 1151 540 1175 se
561 1138 767 1187 discipulos
799 1136 948 1183 δεινοὺς
978 1135 1097 1187 λέγειν
1116 1138 1351 1185 gloriabatur
1371 1139 1481 1175 adeo-

130 1207 205 1245 que
243 1208 320 1232 non
360 1194 571 1244 sophistae,
612 1196 677 1232 sed
716 1195 881 1232 rhetoris
921 1194 1074 1231 nomine
1116 1194 1299 1243 appellari
1328 1194 1482 1232 volebat

127 1298 306 1340 qestaltem
336 1298 384 1330 sie
414 1298 528 1330 wz'brcle
559 1299 613 1331 die
640 1300 839 1340 Geyensittxe
870 1299 927 1331 cles
962 1298 1105 1331 Wissens
1129 1299 1201 1330 und
1224 1299 1281 1331 cles
1308 1299 1481 1337 Kbomens,

129 1344 190 1375 der
221 1343 361 1375 Tlteorz'e
384 1344 456 1376 und
485 1344 546 1376 der
570 1344 719 1384 Praxi-5,
744 1356 785 1376 :u
809 1345 901 1376 einer
925 1344 1063 1376 Einlieit
1086 1344 1297 1385 crzcsyleiclcen
1329 1345 1399 1376 and
1421 1356 1483 1376 :zw-

130 1388 374 1422 leba-nsvollsten
402 1389 589 1431 Thatiykeic
613 1390 822 1431 vereiw'yen:
847 1390 892 1422 sie
917 1389 1030 1421 wilrcle
1055 1389 1185 1421 enclliclt
1210 1390 1275 1421 [len
1303 1390 1480 1421 Menecleen

131 1434 185 1466 die
211 1433 524 1476 Grundbedinyuny
548 1434 641 1466 ihrer
659 1434 914 1476 Gle'iclcseligskeit
936 1435 1008 1466 und
1031 1434 1085 1466 die
1105 1434 1218 1474 Quelle
1243 1435 1326 1466 aller
1345 1435 1481 1467 wahren

133 1479 239 1511 Gezer
267 1479 410 1511 werden.
458 1479 534 1511 Das
561 1478 697 1511 Suclce‘n
727 1480 813 1512 nach
847 1480 956 1512 dieser
990 1480 1103 1512 Kunst
1134 1480 1234 1512 hilder
1262 1480 1316 1512 (lie
1351 1480 1481 1522 Haupt-

133 1524 279 1566 aufyabe
309 1525 366 1556 des
398 1524 540 1566 Dialoqs
572 1525 646 1566 (cles
678 1524 859 1567 Goryias),
894 1537 935 1557 zu
965 1526 1068 1557 deren
1100 1525 1238 1567 Lbszmy
1269 1525 1332 1557 alle
1367 1524 1481 1558 Seiten

132 1569 298 1601 desselben
322 1569 491 1611 beitrayen
514 1570 586 1601 und
609 1571 663 1602 ein
687 1582 721 1602 so
737 1571 940 1612 ‘corti-ejfliclt
956 1571 1193 1612 abyerundetes
1213 1571 1344 1602 Ganzes
1359 1571 1481 1613 hildem,

132 1615 249 1646 dessen
272 1614 415 1646 cimel-ne
434 1615 558 1655 Thalle,
575 1615 674 1656 jeder
698 1616 733 1647 in
758 1616 903 1647 auderer
927 1615 1040 1655 Weise,
1066 1615 1128 1647 alle
1155 1616 1320 1648 illamente
1343 1616 1400 1648 cles
1417 1616 1481 1648 Be-

129 1660 226 1702 9rt'ffs
242 1659 343 1701 jener
366 1660 636 1701 umfassendsten
667 1661 750 1692 aller
775 1661 906 1692 Kilnsce
939 1661 973 1692 ln
1005 1661 1097 1692 einer
1120 1661 1227 1692 melas
1257 1662 1400 1703 zcem'yer
1432 1662 1482 1693 als

129 1705 381 1747 yleiekyiiltiyen
405 1705 621 1748 Reilzenfolye
645 1705 853 1737 (larstellen.''
888 1707 979 1737 Haec
1004 1707 1110 1748 igitur
1133 1710 1184 1737 est
1207 1707 1272 1738 viri
1295 1707 1483 1738 acutissimi

133 1751 313 1790 sententia,
338 1760 441 1791 quam
466 1750 524 1782 ille
549 1752 651 1782 etiam
676 1751 774 1783 docta
790 1751 986 1793 sollertique
1011 1752 1241 1793 disputatione
1260 1752 1482 1784 callidissime

132 1795 174 1827 ad
199 1795 508 1828 verisimilitudinis
533 1797 681 1837 speciem
706 1797 896 1828 exornavit.
956 1797 1027 1829 Iam
1053 1807 1148 1836 vem,
1182 1798 1326 1828 aliorum
1351 1799 1481 1839 opinio-

133 1841 236 1872 nibus
260 1840 397 1873 silentio
428 1842 657 1882 transmissis,
689 1842 857 1883 reliquum
897 1846 965 1881 est,
1004 1847 1041 1873 ut
1076 1843 1177 1873 etiam
1218 1843 1479 1874 Susemihlii

120 1886 299 1922 rationem
325 1886 506 1918 afferamus
517 1887 560 1927 *).
608 1887 641 1918 Is
666 1898 745 1919 vero
781 1891 871 1919 totus
902 1888 972 1918 fere
1005 1888 1191 1919 assentitur
1221 1888 1479 1928 Reinharto,

133 1931 232 1964 cuius
257 1931 340 1963 adeo
365 1931 479 1963 verbis
505 1933 647 1964 servatis
657 1932 712 1972 **)
738 1932 865 1974 dialogi
896 1933 1090 1974 primariam
1117 1933 1320 1964 sententiam
1352 1934 1402 1965 ita
1427 1934 1481 1964 de-

133 1976 263 2009 clarat:
296 1976 402 2017 „Wz'r
425 1977 558 2009 werden
588 1977 695 2009 (Ialcer
726 1977 915 2009 scl'zwerlielz
929 1977 1067 2020 selden,
1099 1989 1195 2010 wenn
1225 1978 1288 2010 wir
1311 1978 1364 2011 die
1389 1978 1482 2010 Dar-

135 2021 276 2063 stellwny
298 2021 360 2053 cler
385 2021 597 2064 Philosophie
630 2022 679 2054 als
709 2023 769 2054 der
793 2022 1138 2064 etlzlsclt-politischen
1164 2023 1394 2055 Leheuskzmst
1414 2024 1483 2066 fiir

135 2066 200 2099 den
216 2066 431 2109 Mittelpunlct
453 2067 510 2099 des
536 2066 667 2099 Werlces
691 2067 875 2100 erlulc't'renl'
901 2069 1116 2109 Quamquam
1135 2073 1281 2100 ceterum
1307 2069 1347 2100 de
1371 2070 1481 2110 operis

136 2115 206 2144 arte
231 2116 265 2144 et
287 2112 533 2154 compositione
558 2123 647 2145 nova
671 2113 837 2154 quaedam
862 2113 1019 2154 protulit,
1052 2124 1138 2154 quae
1163 2119 1295 2153 tamen,
1321 2114 1482 2155 quoniam

135 2167 178 2190 ex
202 2157 283 2188 libri
308 2157 454 2189 consilio
478 2161 568 2189 recte
593 2157 728 2190 demum
753 2159 923 2190 aestimari
949 2164 1098 2199 possent,
1124 2160 1157 2189 in
1182 2161 1354 2199 praesenti
1379 2160 1481 2191 silen-

136 2203 183 2234 tio
208 2202 469 2234 transmittenda
494 2203 706 2235 arbitramur.
755 2205 872 2245 Itaque
897 2209 1016 2245 sponte
1048 2204 1114 2235 iam
1146 2204 1351 2246 intelligitur
1375 2206 1481 2236 maxi-

136 2258 225 2280 mam
250 2258 332 2279 sane
364 2249 457 2280 omni
487 2252 637 2290 tempore
667 2249 708 2281 de
734 2250 880 2291 Gorgiae
913 2248 1067 2280 consiliis
1100 2253 1131 2280 et
1162 2249 1350 2281 rationibus
1380 2251 1482 2282 exsti-

135 2292 217 2324 tisse
241 2294 441 2335 opinionum
464 2294 664 2325 varietatem
690 2298 790 2335 atque
816 2293 1078 2325 multitudinem.
1137 2294 1305 2326 Nimirum
1339 2306 1482 2327 caussae

136 2338 186 2369 rei
219 2339 327 2379 primo
358 2338 523 2380 adspectu
562 2340 644 2371 sat-is
675 2341 780 2371 mirae
808 2339 1051 2380 propemodum
1095 2343 1229 2380 apertae
1268 2344 1357 2372 sunt.
1412 2341 1484 2372 Alii

138 2383 228 2414 enim
269 2383 470 2415 arctioribus
510 2384 638 2415 finibus
680 2385 1021 2425 eircmnscripserunt
1057 2384 1252 2427 philosophi
1290 2386 1483 2426 consilium,

138 2437 243 2469 quum
267 2429 417 2469 patuerit
439 2429 545 2480 lgulto
569 2429 691 2469 latius;
727 2430 786 2461 aiii
817 2430 852 2460 in
877 2430 1082 2461 contrariam
1113 2430 1182 2461 fere
1216 2436 1343 2471 partem
1368 2441 1486 2473 pecca·

136 2476 226 2512 runt,
251 2476 284 2504 et
307 2483 394 2514 quae
418 2475 612 2506 accuratius
638 2474 831 2506 definienda
856 2478 967 2514 erant,
999 2475 1112 2506 minus
1136 2474 1273 2507 definite
1296 2481 1486 2518 posuerunt

137 2521 311 2559 totamque
343 2528 499 2550 caussam
530 2519 619 2551 iusto
650 2520 754 2551 latius
787 2519 1030 2559 extenderunt;
1063 2520 1122 2551 alii
1147 2520 1293 2562 denique
1318 2522 1420 2553 etiam
1446 2532 1485 2553 eo

137 2562 227 2604 lapsi
251 2566 345 2601 sunt,
380 2563 470 2604 quod
492 2564 631 2596 Platoni
665 2575 728 2596 sua
759 2564 978 2596 obtruserunt
1008 2566 1164 2605 inventa,
1197 2566 1238 2597 de
1262 2567 1387 2607 quibus
1411 2567 1484 2608 ipse

137 2607 362 2650 philosophus
396 2619 439 2639 ne
464 2610 651 2641 somniasse
685 2609 819 2651 quidem
854 2610 997 2641 videtur.
1057 2611 1273 2652 Quamquam
1306 2612 1403 2643 nulla
1434 2615 1487 2643 est

136 2655 227 2685 inter
250 2653 334 2685 istas
360 2653 549 2696 opiniones,
576 2665 663 2697 quae
687 2666 756 2686 non
780 2655 909 2696 aliquid
934 2655 1006 2686 veri
1032 2656 1217 2688 contineat.

174 2736 265 2801 29}
274 2738 377 2795 liggum
396 2737 471 2762 eius:
491 2737 542 2763 Die
554 2738 709 2769 yenetische
718 2738 932 2769 Entwickelzmy
946 2739 998 2764 der
1010 2739 1118 2764 Platon.
1140 2740 1243 2764 Philae.
1255 2740 1285 2764 T.
1295 2740 1315 2765 Ι.
1326 2747 1351 2770 p.
1362 2739 1488 2764 91—113.

267 2789 273 2795 .
348 2777 407 2802 seq.

1184 2804 1205 2839 3
1214 2807 1232 2827 ’ἦε
