1687 2969
773 139 813 145 -
887 121 1029 159 GXXXli
1100 140 1143 145 —

288 236 347 277 tio
378 240 630 291 argumento
661 241 703 275 et
733 233 911 276 consilio
951 233 1091 289 operis
1122 240 1209 274 tam
1239 233 1437 275 sollerter
1469 240 1622 275 attem-

286 299 461 347 perata,
503 296 550 331 ut
587 289 631 332 id
669 306 754 332 non
795 291 991 332 iuvenem
1029 290 1285 344 scriptorem
1328 297 1505 347 arguat,
1546 289 1623 335 sed

285 349 523 403 perfectum
561 346 830 404 dialogorum
874 346 1107 399 artificem,
1149 346 1289 401 qual-is
1320 346 1445 389 Plato
1476 350 1623 404 procul

285 405 417 448 dubio
449 404 682 446 maturiore
713 403 883 446 demum
923 409 1065 445 aetate
1098 403 1255 445 extitit.
1324 403 1439 445 Nam
1481 419 1622 446 rerum

283 463 328 502 in
368 461 607 517 posteriore
661 460 855 503 Socratis
907 459 1100 500 oratione
1140 465 1422 501 tractatarum
1468 460 1622 516 ingens

284 517 537 575 magnitudo
569 532 616 558 ac
650 517 888 559 sublimitas
917 516 999 558 sibi
1029 516 1180 570 utique
1212 515 1468 572 depoposcit
1495 517 1624 558 etiam

284 581 482 616 ornatum
520 574 748 615 verborum
789 587 839 615 ac
869 573 1178 615 sententiarum
1208 572 1625 630 magnificentiorem

283 638 325 673 et
368 629 640 688 grandiorem
676 629 907 671 dictionem
947 644 1076 684 quam
1116 629 1255 684 qualis
1305 630 1491 671 sermoni
1530 629 1624 671 vul-

283 689 376 744 gari
407 687 680 738 conveniret3
713 701 894 728 censura
913 701 1044 741 porro
1074 685 1294 728 rhetorum
1324 701 1375 728 ac
1405 686 1624 742 sophista-

282 760 375 786 rum
405 759 492 785 non
522 743 667 799 potuit
706 758 860 784 vacare
899 742 1185 785 cavillationis
1232 742 1419 797 quadam
1459 749 1501 784 et
1529 743 1625 784 irri-

283 801 415 842 sionis
433 800 691 851 acerbitate3
711 805 909 855 praterea
933 798 1428 854 philosophiaelaudatio
1445 806 1489 841 et
1500 814 1624 855 prae-

282 857 442 899 dicatio
481 863 699 910 tamquam
730 862 929 897 aeternae
966 855 1162 897 veritatis
1191 856 1421 912 magistrae
1454 863 1497 898 et
1526 856 1624 898 rhe-

281 915 514 955 toricorum
546 912 786 953 studiorum
815 912 1007 953 victricis
1037 912 1280 954 necessario
1313 914 1442 954 etiam
1474 912 1626 955 debuit

281 986 377 1011 cum
416 971 521 1011 artis
561 968 747 1024 quadam
789 975 920 1023 atque
958 968 1139 1010 rationis
1169 970 1485 1023 ostentatione,
1526 984 1625 1024 spe-

282 1028 402 1068 ciosa
425 1025 600 1081 quidem
632 1032 760 1078 certe,
791 1025 1026 1067 coniuncta
1047 1039 1155 1079 esse⁷
1175 1026 1430 1080 praesertim
1462 1026 1499 1068 si
1529 1026 1625 1082 phi-

279 1083 489 1139 losophus
520 1089 611 1124 tum
642 1082 827 1137 primum
858 1081 1179 1137 philosophiam
1209 1082 1252 1123 in
1279 1082 1519 1125 Academia
1547 1082 1624 1125 do-

280 1157 375 1182 cere
409 1141 675 1189 instituerat3
707 1138 894 1192 denique
933 1138 1058 1194 vigor
1096 1139 1304 1181 orationis
1344 1146 1388 1181 et
1425 1140 1626 1182 alacritas

280 1197 535 1238 insolentior
575 1210 753 1237 necesse
802 1195 885 1236 fuit
923 1200 972 1236 ut
1015 1210 1092 1250 per
1124 1196 1266 1237 omnia
1296 1195 1624 1250 diffunderetur,

282 1270 408 1308 quem
447 1259 490 1294 et
529 1252 716 1294 recentis
754 1252 923 1293 consilii
966 1253 1156 1307 gravitas
1202 1258 1245 1294 et
1274 1268 1413 1294 novae
1443 1253 1625 1295 rationis

280 1326 330 1352 ac
361 1309 615 1365 disciplinae
647 1308 838 1365 dignitas
868 1315 912 1350 et
942 1308 1282 1351 adversariarum
1302 1309 1488 1364 partium
1521 1324 1626 1351 con-

279 1368 430 1408 temtio
478 1366 592 1407 ultro
644 1365 898 1406 excitaverit
940 1371 1071 1419 atque
1115 1366 1302 1407 naturali
1339 1366 1469 1408 animi
1506 1373 1627 1408 motu

280 1423 484 1465 effecerit.
552 1422 708 1476 Itaque
743 1421 944 1479 congruit
971 1422 1167 1478 profecto
1198 1422 1457 1465 elocutionis
1487 1423 1626 1465 varie-

279 1487 345 1522 tas
386 1480 559 1536 egregie
601 1494 697 1521 cum
740 1494 884 1520 rerum
913 1484 1193 1520 tractatarum
1224 1480 1455 1533 varietate,
1485 1486 1534 1521 ut
1563 1479 1624 1521 al-

279 1544 372 1579 tera
412 1537 588 1577 alteram
626 1545 780 1591 sponte
822 1535 1027 1591 genuisse
1066 1535 1278 1577 videatur.
1337 1535 1390 1578 Id
1422 1535 1542 1592 quod
1572 1551 1625 1579 ex

279 1599 399 1649 parte
429 1593 555 1634 etiam
584 1592 842 1634 Hermias
872 1592 1107 1647 perspexit,
1136 1592 1209 1647 qui
1238 1594 1360 1648 p.63.
1384 1598 1426 1634 et
1456 1593 1522 1634 65.
1556 1593 1623 1636 ed.

279 1651 376 1692 Ast.
407 1649 644 1691 rectissime
659 1648 840 1702 censuit,
872 1649 1110 1690 orationem
1132 1649 1261 1691 rebus
1292 1649 1398 1704 ipsis
1416 1649 1460 1690 in
1480 1649 1624 1693 Phae-

279 1707 345 1749 dri
394 1721 522 1762 opere
569 1704 901 1762 prudentissime
952 1720 1046 1747 esse
1099 1712 1440 1760 attemperatam.
1526 1706 1625 1750 Nec

280 1780 384 1805 vero
424 1761 542 1804 istud
579 1763 750 1818 signum
798 1768 872 1802 aut
922 1768 1221 1818 argumentum
1256 1769 1459 1817 putamus
1502 1763 1623 1805 iuve-

278 1821 376 1861 nilis
422 1819 632 1872 inertiae,
691 1817 768 1860 sed
808 1818 1026 1873 perfectae
1072 1818 1177 1859 artis
1224 1819 1447 1860 maturiori
1488 1820 1622 1862 aetati

277 1876 504 1933 propriae,
541 1875 796 1929 praesertim
837 1890 969 1929 quum
1010 1873 1239 1916 Platonem
1280 1890 1359 1917 nec
1400 1875 1473 1917 illo
1514 1882 1622 1918 tem-

278 1926 383 1989 p‘ore
423 1932 585 1988 ingenii
624 1931 841 1985 animique
883 1931 1031 1986 vigore
1063 1930 1273 1973 defecisse
1304 1937 1391 1973 tam
1435 1931 1621 1989 Sympo-

279 1990 389 2031 sium
427 2004 514 2030 non
546 1988 608 2029 ita
636 1987 769 2028 multo
808 1993 909 2041 post
940 1986 1185 2029 Phaedrum
1215 1989 1260 2029 in
1291 1988 1429 2031 lucem
1459 1989 1622 2032 editum

281 2062 409 2101 quam
440 2045 523 2087 alia
573 2059 705 2099 opera
752 2044 879 2084 etiam
917 2044 1155 2098 posteriore
1210 2050 1403 2101 tempore
1458 2046 1622 2102 scripta

278 2101 610 2146 luculentissime
640 2106 949 2142 contestentur.

410 2159 568 2212 Itaque
629 2156 865 2199 dictionem
935 2156 1112 2211 quidem
1183 2157 1383 2199 Phaedro
1444 2157 1618 2213 propri-

279 2231 346 2257 am
409 2215 682 2270 exploratum
746 2212 952 2255 habemus
1018 2213 1126 2255 nihil
1201 2228 1380 2269 prorsus
1440 2213 1616 2268 referre,

280 2271 400 2326 quod
438 2272 597 2313 librum
636 2269 954 2312 adolescentiae
984 2270 1182 2312 Platonis
1215 2268 1494 2312 tribuendum
1525 2285 1619 2312 esse

278 2329 463 2369 evincat.
524 2326 611 2370 Sed
651 2327 735 2368 alia
766 2341 938 2381 quoque
968 2325 1155 2368 afferunt
1184 2333 1460 2383 argumenta,
1503 2326 1618 2368 unde

278 2384 322 2425 id
364 2384 589 2439 probabile
628 2383 723 2424 fieri
772 2381 1061 2433 contendunt3
1110 2398 1224 2437 quae
1276 2382 1452 2438 quidem
1491 2398 1618 2440 argu-

277 2447 424 2482 menta
461 2446 565 2482 sunt
603 2440 773 2496 generis
804 2439 1033 2481 dialectici.
1101 2439 1321 2481 Dictitant
1350 2440 1463 2481 enim
1493 2455 1619 2482 usum

278 2496 531 2538 dialecticae
551 2496 595 2536 in
624 2496 707 2537 hoc
738 2511 867 2551 opere
900 2501 1147 2552 expromtae
1176 2497 1350 2538 minime
1380 2511 1477 2538 eum
1507 2510 1615 2549 esse,

279 2568 405 2607 quem
460 2553 659 2594 Platonis
717 2552 771 2594 ad
816 2553 1019 2594 maiorem
1072 2551 1314 2594 disserendi
1367 2551 1617 2594 facultatem

278 2610 501 2651 exercitati
541 2608 812 2650 consuetudo
852 2609 1009 2650 referre
1049 2609 1197 2650 soleat.
1270 2610 1383 2651 Nam
1431 2608 1615 2663 primum

279 2666 451 2720 quidem
481 2665 787 2720 philosophum
820 2671 995 2707 monent
1025 2680 1150 2707 usum
1193 2680 1286 2708 esse
1327 2664 1476 2721 mytho
1526 2664 1616 2706 sive
