1687 2969
276 77 339 134 (34⁹
718 92 1119 138 PLATONIS

275 213 491 254 ἐπίπονον
526 203 667 253 οὖσαν
701 217 848 270 φέρειν
883 208 937 252 δι’

986 212 1140 254 ἐλπίδα
1186 211 1397 267 ἀγαθῶν.
1443 212 1542 257 τότε
1575 213 1629 268 δὴ

275 280 375 321 δέον
409 279 602 328 ἐκτίνειν,
632 274 898 333 μεταβαλών
932 274 1071 320 ἄλλον
1103 275 1301 335 ἄρχοντα
1336 285 1382 325 ὲν
1415 278 1631 336 αὐτῷκαὶ

275 342 545 401 προστάτην,
579 346 688 387 νοῦν
723 347 796 387 καὶ
829 342 1120 402 σωφροσύνην
1139 344 1238 388 ἀντ’
1279 351 1439 404 ἔρωτος
1455 350 1528 391 καὶ
1545 366 1632 405 μοι·

274 415 394 462 νίας,
438 408 573 461 ἄλλος
621 409 810 466 γεγονώς
853 412 1016 463 λέληθε
1050 410 1107 454 τὰ
1145 412 1344 458 παιδικά.
1380 418 1452 457 καὶ
1489 413 1513 459 ὁ
1548 418 1631 471 μὲν

274 475 417 522 αὐτὸν
447 477 581 535 χάριν
617 477 797 522 ἀπαιτεῖ
822 479 910 520 τῶν
929 475 1040 529 τότε,
1073 476 1417 536 ὑπομιμνήσκων
1437 480 1493 525 τὰ
1516 499 1631 540 προι-

269 548 443 602 χθέντα
479 547 553 588 καὶ
588 546 826 601 λεχθέντα,
873 542 930 595 ὡς
972 547 1032 600 τῷ
1079 544 1201 602 αὐτῷ
1240 547 1569 609 διαλεγόμενος·
1604 547 1628 593 ὁ

364 696 626 742 μεταβαλὼν
649 697 780 730 ἄλλον
804 699 1020 742 ἄρχοντα]
1057 699 1235 732 Bekkerus
1260 711 1300 733 ex
1326 699 1427 735 codd.
1452 701 1536 743 ΝΟ,
1561 713 1631 746 mg.

271 746 312 779 F.
338 756 367 780 c.
392 745 461 777 ΓΙ)
488 744 582 776 dedit
605 745 816 786 μεταλαβων,
842 745 937 786 quod
964 744 1089 778 habent
1115 746 1215 778 etiam
1242 746 1333 780 Flor.
1340 757 1372 788 g.
1384 747 1413 782 l».
1425 750 1464 782 θ.
1492 748 1629 784 Monac.

273 791 342 824 Sed
370 792 448 823 vide
474 789 557 833 infga

272 837 372 871 codd.
399 847 481 869 mss.
508 835 608 868 Bodl.
634 836 667 867 ἐν
692 835 814 868 αὐτῶι.

317 951 360 984 Ρ.
400 949 478 984 241.
540 949 801 991 μεταβαλων
848 948 917 980 α’λ-

273 999 348 1030 λον
379 1007 573 1039 αρχοντα
606 996 649 1026 ἐν
687 993 806 1027 αύτι)
846 994 917 1026 καὶ

268 1041 547 1096 προστάτηι]
581 1041 656 1074 Non
699 1052 801 1074 ausus
840 1051 915 1073 sum

268 1087 473 1134 μεταλαβὼν
521 1097 597 1119 cum
636 1087 842 1120 Bekkero
883 1091 918 1119 et

269 1135 399 1169 Astio
448 1143 632 1172 revocare,
688 1143 789 1174 quum
840 1133 915 1166 libri

269 1181 403 1225 plurimi
421 1184 456 1212 et
471 1179 592 1221 optimi
606 1179 777 1220 vulgatum
794 1183 915 1211 tuean-

267 1233 342 1267 tur,
383 1236 445 1258 nec
481 1225 553 1266 ipsa
595 1225 783 1258 sententiae
827 1225 913 1257 ratio

267 1272 412 1306 suadeat
436 1271 670 1304 mutationem.
718 1270 811 1304 Quid
843 1270 913 1302 dis-

268 1319 418 1352 criminis
450 1315 639 1349 intercedat
678 1316 765 1348 inter
804 1328 912 1358 μετα-

267 1364 405 1409 βάλλειν
436 1376 471 1394 τι
501 1366 536 1395 et
559 1360 840 1404 μεταλαμβάνειν
864 1374 910 1403 τι,

267 1411 397 1453 optime
443 1408 571 1441 definiri
615 1418 717 1450 posse
753 1412 911 1450 putamus

267 1468 310 1489 ex
335 1466 400 1488 usu
418 1455 591 1487 nominum
619 1454 911 1487 substantivorum

263 1499 439 1545 μεταβολή
465 1505 499 1532 et
523 1497 737 1542 μετάληψις,
763 1510 910 1541 quorum

264 1549 359 1591 prius
385 1546 609 1578 mutationem
647 1550 680 1577 et
705 1545 911 1578 vicissitudi-

264 1604 341 1626 nem
361 1593 458 1625 nobis
483 1593 537 1624 vel
564 1591 679 1622 insciis
704 1592 756 1623 Vel
783 1592 912 1633 impru-

266 1639 427 1672 dentibus
475 1637 686 1669 accidentem
741 1637 910 1679 designat,

264 1685 436 1728 posterius
453 1683 695 1723 mutationem,
721 1693 823 1724 quam
849 1693 911 1714 no-

265 1736 335 1763 stra
372 1734 494 1772 sponte
530 1728 671 1760 facimus
706 1733 740 1760 et
764 1728 912 1770 suscipi-

266 1787 351 1810 muS.
413 1776 464 1807 Ex
499 1784 569 1816 quo
604 1775 730 1806 clarum
767 1780 819 1806 est
852 1785 912 1809 με·

264 1820 493 1863 ταλαμβάκειν
523 1832 558 1851 τι
590 1820 636 1851 ita
662 1820 838 1861 usurpari,
875 1824 913 1851 ut

264 1868 442 1900 consilium
469 1864 682 1908 permutandi
712 1869 747 1897 et
773 1875 835 1906 pro
861 1866 911 1898 al-

262 1917 337 1945 tero
370 1911 518 1953 quodam
545 1910 699 1942 sumendi
730 1911 907 1951 indicetur,

262 1957 491 2000 μεταβάλλειν
522 1969 557 1988 τι
587 1960 702 1988 autem
740 1955 804 1988 dici
832 1966 906 1996 eos,

261 2004 317 2046 qui
351 2014 415 2035 non
448 2007 517 2035 tam
549 2001 690 2034 consilio
730 2001 762 2033 in
797 2002 907 2043 aliqua

261 2060 299 2082 re
333 2047 559 2091 permutanda
592 2051 774 2088 reguntur,
805 2057 905 2088 quam

262 2105 368 2128 coeco
384 2096 497 2136 aliquo
517 2103 597 2125 casu
616 2096 675 2125 aut
698 2093 907 2125 necessitate

260 2140 446 2173 ducuntur:
473 2139 564 2172 unde
583 2149 687 2180 saepe
712 2148 805 2171 mera
831 2149 906 2171 mu-

262 2186 356 2219 tandi
383 2185 582 2227 significatio
604 2183 767 2224 tenenda,
793 2185 908 2217 seiun-

261 2235 319 2264 cta
352 2231 528 2274 prudentis
561 2229 813 2263 deliberationis
845 2240 906 2262 no-

259 2277 364 2312 tione.
429 2276 532 2311 Quod
581 2276 717 2317 quidem
766 2285 907 2318 prorsus

263 2323 419 2365 congruit
466 2323 498 2354 in
538 2325 758 2362 amatorem,
801 2322 907 2364 qualis

260 2367 325 2401 hoc
361 2370 438 2400 loco
482 2367 690 2409 depingitur.
745 2368 778 2400 ls
818 2367 906 2400 enim

259 2416 420 2446 cessante
438 2413 469 2444 Vi
490 2412 695 2454 cupiditatis,
721 2423 823 2454 quum
848 2423 908 2445 an-

259 2464 316 2492 tea
341 2459 471 2491 amasio
509 2468 570 2490 suo
609 2457 651 2490 de
676 2458 792 2491 futuro
818 2459 908 2500 opti-

258 2515 312 2538 ma
347 2514 504 2546 quaeque
535 2504 746 2536 sanctissime
778 2504 908 2546 promi-

259 2551 381 2591 sisset,
405 2554 519 2583 tamen
543 2553 684 2591 repente
709 2550 795 2583 alius
826 2560 906 2582 eva-

259 2595 308 2628 dit
339 2605 380 2627 ac
412 2594 515 2627 veluti
551 2593 748 2636 imprudens
782 2595 905 2628 mentis

257 2641 467 2683 rationisque
510 2640 687 2681 imperium
727 2641 904 2684 amplecti·

256 2691 321 2721 tur.
348 2687 400 2720 De
424 2686 513 2728 Rep.
535 2685 590 2720 1v.
611 2684 734 2727 p.424.
751 2687 792 2719 C.
813 2684 905 2724 εἶδος

563 814 569 820 .
620 790 781 823 Ceterum
817 792 937 834 vulgo:
970 791 1026 822 καὶ
1059 790 1257 835 προστάτην
1291 794 1324 824 ἐι
1348 793 1458 825 ἑαιτιῖῖ
1473 819 1482 835 ‚
1518 795 1628 828 invitis

983 946 1050 991 γὰρ
1075 947 1193 980 καινὸν
1217 952 1385 991 μουσικῆς
1399 949 1631 992 μεταβάλλειν

983 993 1188 1037 εὐλαβητέον
1213 993 1256 1032 ὡς
1279 997 1313 1026 ἐν
1331 994 1397 1036 ὅλῳ
1414 995 1631 1029 κινδυνεύον-

985 1053 1047 1080 τα,
1088 1041 1167 1072 ubi„
1187 1040 1334 1082 simplex
1368 1043 1630 1084 permutationis

984 1086 1187 1119 temerariae
1211 1087 1305 1119 notio
1333 1087 1491 1130 tenenda,
1517 1093 1555 1121 ut
1578 1088 1631 1122 fa-

985 1132 1048 1164 cile
1073 1136 1252 1174 appareat,
1280 1143 1339 1165 cur
1355 1132 1631 1176 μεταλαμβοῖιειν

984 1177 1094 1209 minus
1113 1181 1228 1219 aptum
1249 1178 1302 1213 sit
1329 1179 1412 1213 lbid.
1424 1179 1494 1212 Vll.
1507 1191 1541 1223 p.
1550 1179 1628 1215 535.

983 1223 1024 1257 D.
1046 1222 1160 1263 χωλὸς
1182 1224 1218 1255 δὲ
1242 1224 1298 1256 καὶ
1321 1238 1338 1256 ο
1361 1224 1529 1258 ταιαντία
1547 1225 1631 1259 τού-

981 1280 1046 1301 του
1082 1269 1342 1312 μεταβεβληκὼς
1381 1284 1445 1312 την
1482 1271 1630 1314 φιλοπο-

980 1315 1072 1355 mata,
1105 1316 1161 1347 ubi
1195 1316 1276 1348 item
1305 1315 1347 1349 de
1372 1318 1628 1359 permutatione

980 1360 1129 1402 quadam
1179 1362 1288 1404 magis
1337 1361 1478 1396 fortuita
1525 1373 1627 1406 quam

981 1406 1173 1439 deliberato
1199 1408 1338 1440 consilio
1369 1413 1527 1451 suscepta
1552 1419 1628 1442 ser-

980 1462 1036 1485 mo
1063 1456 1126 1487 est.
1160 1453 1242 1486 lbid.
1266 1453 1310 1488 X.
1331 1465 1363 1496 p.
1381 1454 1460 1488 620.
1479 1457 1518 1489 Α.
1545 1454 1630 1488 ἰδεῖν

979 1498 1015 1530 δὲ
1046 1498 1102 1529 καὶ
1133 1497 1255 1531 κύκνον
1290 1499 1550 1541 μεταβάλλοντα
1583 1502 1628 1539 εἰς

978 1542 1201 1586 ἀνθρωπίνου
1243 1546 1325 1586 βίου
1374 1544 1522 1588 αἳρεσιν,
1569 1547 1628 1580 ubi

979 1589 1241 1632 μεταβάλλοντα
1268 1601 1329 1623 cur
1360 1591 1514 1633 dicatur,
1548 1592 1628 1627 inde

979 1639 1096 1678 patet,
1135 1638 1228 1678 quod
1262 1636 1305 1669 de
1349 1638 1528 1680 μεταβολῇ
1560 1642 1628 1671 τῶν

978 1685 1088 1713 κακῶν
1121 1683 1179 1714 καὶ
1203 1686 1268 1715 τῶν
1292 1681 1438 1725 ἀγαθῶν
1469 1684 1626 1726 disputa-

978 1731 1043 1761 tur.
1070 1727 1199 1760 Pllileb.
1227 1739 1259 1770 p.
1280 1728 1335 1762 51.
1354 1731 1392 1764 A.
1418 1728 1628 1772 πειράσομαι

977 1773 1177 1815 μεταβαλὼν
1200 1776 1378 1816 σημαίνειν
1403 1773 1484 1817 ἡμῖν
1502 1774 1624 1817 αὐτάς,

978 1818 1035 1850 ubi
1061 1828 1092 1850 V.
1112 1823 1226 1853 annot.
1245 1824 1353 1853 nostr.
1402 1820 1473 1853 Sed
1496 1822 1626 1864 optime

978 1874 1077 1896 usum
1104 1865 1263 1906 loquendi
1290 1866 1458 1898 illustrant
1485 1866 1626 1910 Euripi-

976 1909 1040 1942 dea
1065 1910 1107 1942 ab
1134 1910 1412 1944 Heindorfio
1441 1922 1624 1955 compara·

977 1959 1029 1987 ta:
1048 1955 1215 2012 Eurip.
1248 1956 1352 2000 lphig.
1380 1958 1454 1992 Aul.
1487 1968 1518 1991 V.
1544 1958 1624 1994 343.

976 1996 1056 2045 κᾷτ’
1067 2001 1156 2033 ἐπεὶ
1180 2015 1337 2044 κατεσχες
1361 2001 1491 2044 ἀρχάς,
1515 2017 1624 2047 μετα-

974 2037 1086 2087 βαλὼν
1116 2047 1242 2086 ἄλλους
1274 2047 1425 2090 τοόπους
1459 2049 1540 2086 Τοῖς
1567 2051 1625 2093 φί-

948 2096 952 2101 ’
975 2092 1083 2123 λοισιν
1107 2092 1223 2126 οὐκέτ
1258 2091 1356 2134 ησθα
1382 2097 1455 2130 τοῖς
1479 2095 1558 2139 πριν
1580 2094 1624 2134 ὥς

975 2137 1134 2181 πρόσθεν
1181 2139 1287 2181 φίλος.
1356 2140 1403 2172 lbi
1441 2140 1623 2174 Menelaus

977 2185 1223 2225 Agamemnoni
1273 2185 1458 2225 exprobrat
1504 2186 1622 2220 incoin-

976 2229 1134 2262 stantiam
1155 2234 1189 2262 et
1208 2231 1393 2271 levitatem,
1410 2235 1448 2263 ut
1465 2231 1622 2274 profecto

973 2273 1176 2318 μεταβαλών
1222 2277 1272 2309 rei
1320 2277 1384 2319 ipsi
1426 2278 1535 2310 multo
1578 2278 1621 2311 sit

975 2321 1233 2353 convenientius
1258 2326 1293 2354 et
1311 2322 1619 2365 accommodatius,

974 2376 1074 2414 quarn
1109 2348 1623 2421 μεταλαβων.1[)ἰά.ν.363’.

976 2408 1065 2457 κᾷθ’
1099 2411 1320 2456 ὑποστρέψας
1349 2413 1486 2456 λέλησαι
1513 2426 1620 2457 μετα-

974 2447 1087 2499 βαλὼν
1119 2457 1226 2496 ἄλλας
1255 2458 1408 2502 γραφάς,
1441 2470 1509 2502 quo
1543 2461 1619 2493 loco

975 2504 1057 2535 item
1091 2508 1232 2536 notatur
1265 2506 1490 2537 inconstantia
1533 2507 1618 2538 certi

973 2549 1102 2581 consilii
1128 2560 1261 2592 expers.
1297 2550 1368 2583 Sed
1392 2551 1474 2583 satis
1499 2560 1618 2584 exem-

973 2595 1105 2636 plorum
1123 2595 1154 2627 in
1181 2596 1360 2638 praesenti.
1407 2595 1528 2638 Longe
1553 2597 1619 2630 alia

972 2641 1060 2672 ratio
1105 2645 1158 2673 est
1197 2641 1292 2674 verbi
1331 2639 1617 2684 μεταλαμβάνειν.

971 2685 1108 2720 ΡοΙίῐίε.
1127 2696 1158 2729 p.
1174 2685 1251 2721 246.
1269 2686 1323 2720 ed.
1339 2686 1468 2720 Belum
1496 2686 1615 2720 διανα-
