1687 2969
213 183 292 217 294
758 181 966 220 PLATON
969 182 1018 219 IS

211 288 258 328 τὸ
288 288 377 328 δεῖν
405 289 627 341 γίγνεσθαι
657 289 996 342 μηχανοποιούς,
1027 289 1083 336 ὡς
1113 287 1239 329 οὐδὲν
1267 283 1397 329 τᾶλλά
1426 286 1558 328 ἐστιν·

212 352 358 400 ἱκανὸς
386 353 469 406 γὰρ
511 354 626 408 αὐτῷ
664 353 687 394 ὁ
724 355 859 406 λόγος.
901 353 1005 394 ἀλλὰ
1034 353 1087 393 σὺ
1117 353 1242 394 οὐδὲν
1271 346 1399 406 ἧττον
1428 353 1562 393 αὐτοῦ

211 421 494 468 καταφρονεῖς
544 418 613 458 καὶ
660 424 734 471 τῆς
771 417 918 471 τέχνης
956 424 1030 471 τῆς
1070 417 1258 465 ἐκείνου,
1310 417 1380 458 καὶ
1421 418 1478 466 ὡς
1518 415 1563 458 ἐν

215 481 367 522 ὀνείδει
396 481 676 530 ἅποκαλέσαις
705 483 758 523 ἂν
786 485 1103 536 μηχανοποιόν,
1133 482 1204 524 καὶ
1231 485 1289 537 τῷ
1319 482 1402 523 υἱεῖ
1429 483 1563 523 αὐτοῦ

213 543 298 587 οὔτ’
338 546 392 587 ἂν
430 548 582 588 δοῦναι
629 547 846 600 θυγατέρα
887 545 1073 596 ἐθέλοις,
1122 542 1209 589 οὔτ’
1249 547 1302 587 ἂν
1340 547 1467 595 αὐτὸς
1504 549 1562 602 τῷ

213 618 374 652 σαυτου
413 613 560 664 λαβεῖν
602 612 680 665 τὴν
721 611 897 653 ἐκείνου.
949 613 1086 653 καίτοι
1129 611 1169 662 ἐξ
1208 604 1269 653 ὧν
1305 611 1356 652 τὰ
1400 618 1563 652 σαυτοῦ

212 675 408 724 ἐπαινεῖς
439 678 521 717 τίνι
551 678 700 731 δικαίῳ
729 678 840 730 λόγῳ
864 683 941 717 τοῦ
964 691 1257 731 μηχανοποιου
1280 680 1564 729 καταφρονεῖς

214 741 282 781 καὶ
311 744 395 782 τῶν
434 744 574 782 ἄλλων
615 734 676 782 ὧν
704 746 788 783 νῦν
826 740 877 795 δὴ
920 740 1087 795 ε’λεγον;
1127 738 1205 783 οἷδ’
1248 738 1312 783 ότι
1351 742 1481 795 φαίης
1510 757 1563 782 αν

214 807 390 858 βελτίων
429 803 538 847 εἶναι
576 806 646 847 καὶ
686 806 730 848 ἐκ
771 807 1011 859 βελτιόνων.

1060 807 1107 847 τὸ
1148 807 1192 847 δὲ
1233 804 1400 859 βέλτιον
1444 807 1478 847 εἰ
1505 806 1562 861 μὴ

281 952 318 982 C
344 948 394 983 αὖ
408 963 477 983 του
504 962 664 991 καταφ
656 963 700 983 Jo
717 963 734 981 11
744 956 781 983 εἷ
790 950 817 994 s]
844 952 975 983 Vitiose
1001 951 1116 993 Steph.
1144 956 1386 993 καταφρονοῖκ.

281 993 361 1027 οὔτ
388 994 438 1028 ἂι
462 994 512 1028 αι’
525 995 593 1029 τὸς
620 1000 671 1038 τῷ
698 999 862 1028 σαυτοῦ
886 996 1058 1039 λαβεῑι]
1088 997 1200 1029 Verba
1219 1001 1262 1029 τῶ
1290 1000 1430 1036 σαυτοῦ,
1456 998 1559 1040 vulgo

214 1041 301 1072 male
332 1043 474 1081 omissa,
511 1042 660 1072 restituit
690 1042 868 1073 Bekkerus
893 1053 933 1073 ex
960 1043 1035 1073 I'ar.
1062 1043 1100 1073 V.
1112 1067 1119 1081 ‚
1151 1054 1214 1074 nos
1239 1042 1393 1074 dedimus
1417 1043 1519 1074 etiam
1544 1054 1562 1075 e

215 1087 303 1120 Flor.
330 1086 360 1117 b.

280 1133 322 1163 D.
347 1129 398 1173 μὴ
423 1129 494 1174 γὰρ
528 1135 652 1163 τοῦτο
678 1130 772 1170 μέν,
801 1130 841 1163 τὸ
869 1134 967 1174 ,ζῆν

213 1267 314 1307 quia
334 1269 479 1298 cetera
497 1266 617 1297 nihil
638 1266 741 1306 sint,
767 1266 799 1297 h.
821 1277 848 1297 e.

212 1322 260 1343 ne
307 1311 449 1343 flocci
497 1311 665 1352 quidem
720 1312 850 1343 aesti-

212 1356 377 1388 manda.
436 1357 582 1398 Egregie
607 1356 779 1388 hominem
803 1357 851 1388 ita

213 1401 344 1432 inducit
368 1400 656 1439 declamitantern,
681 1406 719 1432 ut
744 1403 784 1433 ab
804 1402 854 1432 in-

213 1447 334 1478 choata
359 1450 529 1478 structura
546 1446 685 1487 obliqua
704 1450 855 1478 transeat

213 1491 256 1523 ad
280 1495 405 1523 rectam
438 1492 643 1523 orationem:
676 1488 722 1525 ὥς
747 1489 854 1523 οὐδὲν

214 1530 313 1568 τᾶλλά
337 1536 445 1567 ἐστιι.
474 1538 510 1568 in
536 1547 602 1578 quo
627 1537 754 1568 frustra
776 1537 854 1568 hae-

213 1583 309 1613 rebat
343 1547 664 1621 Heindorfius‚
704 1583 761 1623 qui
776 1593 853 1636 pro

214 1625 290 1657 ἐστι
316 1627 509 1668 requirebat
545 1624 627 1658 ὅ1τα
658 1627 713 1658 vel
751 1622 853 1658 εἶιαι.

215 1690 256 1694 —-
290 1669 440 1705 ικανὸς
482 1669 559 1714 γὰο
601 1668 714 1703 αὐτῶ
753 1669 771 1702 0‘
813 1673 851 1709 λ,

215 1727 309 1748 nam
327 1717 452 1758 larga
469 1718 507 1748 ei
523 1707 703 1748 dicendi
721 1718 853 1758 copia.

259 1759 552 1795 α’ποκαλεσαις
589 1759 640 1793 ἂ1
671 1773 852 1803 μηχαιο-

215 1805 362 1849 ποιόν]
396 1817 469 1848 per
502 1811 759 1839 contemtum
791 1818 852 1848 ap-

213 1851 450 1893 pellitares
475 1862 564 1883 eum
588 1852 854 1884 machinato-

213 1907 307 1928 rem.
365 1897 452 1928 Nam
478 1894 666 1928 ἀποκαλεῖν
690 1896 852 1936 invidiae,

212 1942 459 1983 indignationis
485 1946 517 1973 et
535 1942 776 1974 contemtionis
795 1953 853 1973 no-

212 1987 340 2018 tionem
367 1986 563 2018 adiunctam
598 1986 723 2018 habere
756 1987 852 2019 solet.

214 2032 311 2063 Unde
331 2031 441 2063 lucem
460 2033 585 2073 accipit
600 2032 696 2063 locus
711 2032 850 2063 Theaet.

212 2088 242 2118 p.
270 2075 343 2109 168.
371 2077 411 2107 D.
428 2101 435 2115 ‚
461 2087 560 2118 quem
586 2077 786 2118 interpretes
812 2078 853 2109 si-

212 2122 317 2152 nistre
339 2126 553 2163 acceperunt.
578 2122 851 2163 Xenophont.

211 2167 382 2198 Hellenic.
407 2167 457 2206 ΙΙ,
481 2165 519 2206 3,

213 2209 395 2252 κόθορ1ό1
419 2222 467 2250 ue.
512 2191 730 2244 ’Memorabil
756 2213 789 2251 Ι,
821 2211 852 2252 2,

212 2256 252 2289 6:
282 2254 360 2288 zoes
385 2255 424 2287 δὲ
448 2255 686 2297 λααβτὶιοντας
705 2260 761 2299 τῆς
779 2255 852 2296 ὁμι-

213 2303 285 2334 aiae
310 2300 443 2339 μισθὸι
467 2299 747 2341 ἀνδραποδιστὰς
772 2302 851 2334 ἐαυ-

214 2349 281 2377 τῶ1
306 2343 529 2377 ἀπεκάλει.
568 2346 651 2377 Ibid.
677 2348 702 2385 1,
728 2346 765 2386 6,
791 2346 850 2379 13;

215 2389 350 2430 πόρνον
390 2389 497 2422 αὐτὸν
534 2388 850 2424 ἀποκαλοῦσιν.

213 2436 297 2467 Ibid.
324 2436 374 2475 ΙΙ,
399 2435 439 2473 2,
466 2437 502 2466 l.
535 2432 645 2467 οἶσθά
672 2449 764 2470 τινας
790 2449 850 2468 αν-

216 2460 384 2521 Horonon}
429 2477 637 2521 ἀχα1ί1στοις
688 2482 850 2521 καλουιιέ-

216 2538 315 2562 1015·
363 2544 407 2548 —
454 2524 738 2580 καταμεμαιιῖῗηκας
785 2527 852 2558 σι’111

214 2568 292 2604 τοὺς
318 2572 351 2602 τί
370 2574 552 2603 ποιοῦιτας
571 2568 605 2601 τὸ
623 2569 732 2610 ὅνοιια
751 2576 850 2604 τοῦτο

214 2613 438 2647 αποκαλο1
433 2625 533 2651 σιν
598 2601 703 2648 Plura
750 2618 850 2649 etiam

215 2660 303 2702 apud
320 2660 587 2692 Demosthenem
612 2664 644 2692 et
660 2661 850 2694 Lucianum

212 2706 372 2748 reperias.
415 2706 534 2747 Itaque
558 2705 588 2737 h.
615 2705 637 2738 1.
664 2708 849 2749 perspicui-

546 2165 607 2198 18:
641 2164 857 2199 ἀποκαλεῖ

410 1087 455 1118 Iis
481 1086 616 1118 omissis
641 1088 807 1118 sententia
832 1087 1038 1128 pervertitur
1063 1088 1212 1120 mirifice.

1000 1130 1168 1164 ὁπόσον
1202 1132 1246 1165 δὲ
1274 1132 1355 1175 χρ.]
1382 1132 1496 1175 Vulgo
1521 1144 1565 1175 μη

920 1266 998 1297 tatis
1029 1277 1152 1298 caussa
1177 1264 1223 1301 (ἇς
1248 1266 1287 1298 ε’11
1312 1264 1441 1299 ὀνείδει
1466 1266 1559 1299 addi-

919 1315 991 1343 tum
1017 1316 1076 1343 est.

965 1355 1008 1396 ἐξ
1048 1352 1105 1388 ὦν
1153 1354 1195 1387 τὰ
1238 1361 1408 1388 σαυτοῦ
1445 1356 1562 1389 ἐπαι-

928 1405 1014 1435 νεῖς
1049 1400 1109 1444 -—]
1143 1402 1186 1433 H.
1211 1412 1238 1433 e.
1266 1400 1301 1433 ἐκ
1329 1400 1459 1434 τούτων
1490 1402 1562 1444 (se-

924 1446 1108 1478 cundum
1146 1448 1207 1487 ea)
1252 1445 1272 1478 ἃ
1310 1446 1347 1478 τὰ
1390 1457 1418 1478 σ.
1452 1446 1564 1480 ἑπαιν.

924 1492 1013 1523 conf.
1041 1492 1266 1525 Matthiae.
1293 1494 1350 1526 Gr.
1377 1493 1406 1531 ἓ.
1431 1491 1507 1525 421.
1532 1498 1565 1525 et

924 1538 983 1578 qui
1023 1537 1234 1569 simillimum
1283 1538 1396 1569 locum
1440 1542 1565 1570 tractat

924 1582 1169 1613 Buttmann.
1201 1582 1243 1614 ad
1275 1583 1453 1615 Demosth.
1477 1583 1560 1615 Mid.

968 1672 1011 1705 D.
1036 1672 1223 1713 βελτίων
1247 1691 1290 1695 -
1310 1673 1378 1704 καὶ
1405 1672 1446 1704 ἐκ
1471 1674 1563 1714 βελ-

926 1715 1018 1747 τιόι»Ι
1031 1728 1056 1748 ω
1072 1716 1110 1759 11]
1157 1717 1214 1749 Sic
1246 1718 1369 1750 Graeci
1408 1718 1564 1759 frequen-

923 1766 982 1793 ter.
1013 1762 1081 1794 vid.
1107 1762 1348 1794 Markland.
1381 1763 1422 1794 ad
1448 1764 1564 1805 Lysid.

923 1817 955 1848 p.
982 1805 1058 1839 367.
1084 1807 1134 1838 ed.
1160 1808 1276 1839 Reisk.
1301 1808 1490 1850 Bergler.
1522 1809 1564 1841 ad

924 1852 1097 1893 Aristoph.
1125 1853 1252 1893 Equitt.
1278 1863 1309 1894 p.
1337 1852 1408 1885 186.
1436 1853 1564 1885 Hein-

923 1896 1028 1928 dorf.
1053 1897 1094 1927 ad
1121 1897 1262 1928 Phaedr.
1288 1908 1319 1939 p.
1344 1897 1423 1930 246.
1446 1899 1483 1929 B.

969 1940 1069 1973 ὄντα
1117 1939 1275 1975 ὁποῖός
1324 1954 1381 1976 τις
1423 1942 1462 1974 ἔτ
1478 1943 1562 1986 υχε]

923 1997 1046 2027 quum
1082 1987 1177 2027 quis
1212 1988 1270 2019 sit
1310 1987 1563 2028 qualiscun-

923 2042 1001 2072 que
1034 2032 1110 2071 sit,
1147 2043 1224 2074 may
1258 2043 1336 2063 man
1367 2038 1460 2087 ,1101138Ρ
1480 2034 1562 2074 sein,

922 2076 981 2107 wie
1014 2088 1095 2108 man
1127 2077 1201 2108 will.
1249 2078 1335 2109 Nam
1368 2078 1409 2109 ad
1441 2076 1561 2111 ὁποῖός

925 2133 970 2154 τις
996 2121 1088 2162 ἑτιχε
1113 2122 1258 2163 intellig.
1286 2119 1454 2154 (ι’1’11.ι’1’1τα
1478 2124 1562 2154 refe-

924 2166 1065 2198 rendum
1100 2167 1142 2199 ad
1179 2167 1370 2199 subiectum
1408 2167 1563 2200 indefini-

922 2214 993 2242 tum
1020 2209 1101 2249 τινά,
1128 2211 1217 2253 quod
1242 2211 1412 2243 infinitivo
1439 2211 1563 2254 σώζειν

922 2257 1130 2298 cogitatione
1170 2257 1359 2289 addendum
1400 2262 1467 2298 est,
1506 2259 1562 2290 vel

922 2303 1035 2343 potius
1058 2301 1118 2333 illo
1134 2303 1202 2334 iam
1222 2303 1430 2334 continetur:
1459 2314 1561 2344 quam

922 2351 1126 2378 structuram
1151 2348 1220 2378 iam
1245 2358 1346 2389 supra
1366 2348 1472 2389 attigi.
1500 2349 1561 2380 Ce-

921 2396 1028 2423 terum
1054 2393 1199 2423 aoristus
1223 2402 1282 2433 pro
1306 2394 1478 2434 praesenti
1503 2404 1561 2435 po-

921 2437 1005 2468 situs
1031 2441 1068 2467 ut
1092 2437 1233 2469 Theaet.
1258 2448 1289 2479 p.
1311 2436 1386 2470 179.
1405 2438 1453 2470 C:
1477 2436 1561 2470 dmi-

921 2483 1018 2512 λωτοι
1050 2480 1131 2524 γάρ,
1166 2481 1201 2513 εί
1232 2482 1372 2523 ἔτυχον,
1411 2482 1491 2514 εἰσί.
1518 2502 1560 2506 ——

921 2526 990 2558 καὶ
1017 2530 1097 2557 τῶν
1121 2524 1228 2558 ἄλλο)
1244 2539 1262 2557 11
1287 2531 1455 2568 τεχνῶν.
1498 2529 1560 2559 Ar-

919 2572 1004 2602 tium
1029 2582 1151 2603 nomen
1176 2576 1252 2613 post
1275 2572 1442 2604 artificum
1470 2579 1582 2605 eom-‘

920 2616 1198 2664 memorationem
1223 2617 1369 2649 illatum.

964 2659 1014 2704 μὴ
1039 2659 1138 2693 ἄλλο
1164 2674 1261 2693 τι-
1285 2665 1361 2694 τοῦ
1387 2660 1558 2706 σώζειν]

920 2717 968 2739 ne
993 2706 1099 2748 quid
1122 2725 1166 2731 —
1191 2707 1314 2740 aliud
1345 2707 1405 2741 sit
1436 2718 1560 2750 quam
