1687 2969
243 193 293 226 44
716 190 1071 227 PROLEGOMEN
1074 193 1109 227 A

240 302 459 339 hominibus
499 303 615 351 vulgo
662 303 810 341 dicatur
855 303 1048 340 iniuste
1088 316 1236 351 agere
1275 300 1460 351 (ἀδικεῖν).
1538 306 1584 342 Id

240 372 331 395 vero
360 359 415 396 ita
445 372 526 397 esse
565 359 687 408 ipsam
724 360 922 397 hominum
950 360 1071 397 vitam
1109 359 1263 405 testari,
1303 361 1583 410 philosophiam

240 419 381 452 temere
410 429 561 463 negare,
591 416 731 466 quippe
761 430 858 467 quae
889 430 909 452 a
940 415 1041 453 vitae
1071 429 1144 453 usu
1174 416 1317 463 aliena,
1350 418 1440 454 dum
1468 418 1583 454 meris

240 471 401 519 argutiis
431 473 628 520 indulgeat
656 477 695 510 et
723 474 895 521 garrulas
916 477 1004 520 agat
1024 485 1155 520 nugas,
1185 473 1307 521 ipsam
1327 486 1455 510 rerum
1483 474 1582 511 veri-

239 532 357 565 tatem
397 528 510 577 plane
549 534 743 577 pervertat
783 530 833 578 (p.
866 532 956 566 481.
989 529 1027 566 C.
1057 551 1113 555 —
1143 532 1234 565 486.
1266 528 1346 576 R),
1388 534 1432 568 ut
1471 529 1583 577 longe

238 585 508 633 praestabilius
537 586 586 623 sit
615 586 688 623 ista
718 585 979 634 philosophiae
1009 585 1136 623 studia
1165 585 1280 622 missa
1309 586 1433 624 faeere
1465 590 1581 636 atque

238 641 345 691 sequi
387 642 554 679 meliora.
632 642 738 681 Quae
779 643 951 679 Socrates
990 642 1192 690 tripliciter
1231 643 1414 680 confutat.
1482 643 1581 679 Nam

240 698 404 746 primum
442 699 594 749 quidem
634 699 818 744 ostendit,
858 698 1113 744 meliores,
1154 712 1248 748 quos
1278 698 1369 736 dicit
1397 699 1581 745 Callicles,

239 754 269 791 si
290 754 556 802 intelligantur
585 755 905 803 potentiores
937 758 982 791 et
1012 755 1313 800 validiores,
1345 768 1580 806 consequens

238 825 331 856 esse,
362 816 405 848 ut
434 812 573 859 leges
603 812 736 862 utique
767 813 974 848 secundum
995 816 1173 849 naturam
1193 811 1270 849 sint
1298 811 1409 858 latae,
1440 812 1580 862 quippe

237 881 334 917 quae
364 881 439 904 non
470 868 535 904 uni
558 872 623 905 aut
643 868 803 916 singulis
825 869 1047 913 debeantur,
1078 868 1144 904 sed
1170 867 1354 916 plurimis,
1384 869 1451 919 qui
1480 874 1580 906 certe

236 923 314 961 sint
351 924 512 972 singulis
551 924 613 961 vel
651 938 728 961 uno
777 924 990 962 validiores.
1059 925 1141 961 Iam
1179 937 1269 961 vero
1315 925 1456 962 multos
1494 924 1579 962 illos

237 984 352 1030 atque
381 981 562 1029 plurimos
593 981 646 1018 ait
675 982 730 1018 ita
758 981 919 1027 sentire,
960 985 1004 1018 ut
1040 984 1152 1029 turpe
1192 986 1372 1019 censeant
1411 995 1493 1019 esse
1522 981 1580 1018 in-

236 1036 335 1074 iuste
365 1050 477 1085 agere
507 1042 545 1075 et
575 1038 658 1074 aliis
688 1038 774 1087 plus
804 1038 876 1075 sibi
906 1037 1110 1083 vindicare,
1141 1038 1309 1087 adeoque
1339 1038 1435 1074 nihil
1465 1051 1510 1075 ea
1539 1051 1579 1075 re

235 1092 476 1131 inhonestius
516 1107 598 1131 esse
638 1095 881 1132 arbitrentur.
950 1095 1010 1130 Ex
1050 1107 1124 1144 quo
1155 1094 1335 1144 consequi
1371 1095 1579 1132 arbitratur

235 1163 311 1186 non
341 1151 450 1187 modo
489 1151 695 1187 seeundum
736 1151 876 1198 legem,
918 1151 983 1187 sed
1013 1151 1128 1188 etiam
1158 1151 1365 1187 seeundum
1403 1154 1580 1188 naturam

234 1220 314 1244 rem
344 1207 398 1244 ita
427 1221 467 1244 se
497 1208 658 1253 habere,
690 1212 734 1245 ut
763 1208 840 1245 suis
871 1207 1075 1244 commodis
1105 1206 1215 1244 unice
1246 1208 1398 1244 studere
1428 1212 1466 1244 et
1495 1207 1579 1244 aliis

234 1263 320 1312 plus
350 1264 490 1301 habere
529 1264 628 1301 velle
668 1268 779 1313 turpe
820 1264 1117 1301 existimandum
1147 1264 1196 1301 sit
1245 1264 1294 1312 (p.
1327 1267 1417 1300 486.
1448 1264 1491 1300 E.
1523 1286 1577 1290 —

236 1323 327 1357 489.
358 1319 427 1367 R).
459 1320 543 1360 Qua
565 1321 718 1371 «Quidem
739 1320 1068 1368 argumentatione
1092 1324 1265 1369 apertum
1285 1325 1342 1357 est
1363 1320 1578 1358 naturalem

234 1376 328 1424 legis
358 1377 511 1413 moralis
541 1377 724 1423 originem
763 1378 817 1414 ita
853 1377 1122 1422 demonstrari,
1162 1382 1207 1414 ut
1236 1377 1462 1425 cupiditates
1502 1377 1578 1414 sin-

234 1433 410 1481 gulorum
440 1434 701 1471 communibus
732 1434 899 1470 omnium
939 1434 1088 1470 iudiciis
1128 1446 1170 1470 ac
1198 1433 1395 1470 desideriis
1425 1433 1578 1470 omnino

233 1491 516 1539 posthabendas
555 1504 637 1527 esse
666 1491 835 1538 graviter
864 1491 1144 1527 admoneamur.
1214 1490 1298 1526 Hac
1336 1503 1426 1527 vero
1466 1503 1577 1537 argu-

234 1547 468 1584 mentatione
508 1547 682 1584 absoluta
722 1548 781 1585 vir
819 1547 970 1596 sapiens
1007 1546 1172 1584 Calliclis
1209 1546 1424 1595 opinionem
1463 1546 1578 1584 etiam

235 1603 310 1640 alia
340 1617 388 1640 ex
418 1608 526 1652 parte
556 1604 779 1652 impugnare
808 1604 988 1641 instituit.
1044 1604 1143 1639 Nam
1172 1602 1202 1639 si
1232 1603 1407 1639 meliores
1436 1602 1578 1641 intelli-

234 1660 347 1708 gendi
388 1660 464 1698 sint
501 1661 766 1709 prudentiores
806 1666 844 1698 et
882 1660 1101 1709 peritiores,
1141 1659 1253 1697 sicuti
1291 1660 1366 1696 iam
1405 1659 1579 1697 Callicles

233 1717 280 1753 ad
318 1717 454 1754 incitas
492 1718 668 1754 redactus
709 1717 862 1762 statuit,
903 1716 1177 1754 consectarium
1217 1729 1297 1753 esse
1337 1717 1461 1762 docet,
1501 1715 1578 1753 illis

233 1773 318 1822 plus
367 1787 449 1811 esse
498 1774 743 1811 tribuendum
781 1787 895 1824 quam
945 1773 1102 1819 ceteris,
1160 1773 1261 1822 quod
1307 1776 1435 1809 tamen
1474 1772 1577 1810 vitae

232 1830 321 1866 usui
349 1834 388 1868 et
416 1843 544 1867 rerum
574 1831 833 1880 experientiae
863 1835 1068 1879 repugnet,
1107 1834 1149 1866 ut
1178 1829 1344 1866 absurda
1372 1829 1460 1865 inde
1491 1842 1577 1865 con-

234 1886 342 1936 sequi
380 1887 627 1924 manifestum
666 1888 715 1924 sit
755 1888 804 1936 (p.
845 1890 936 1923 489.
977 1887 1015 1923 C.
1046 1908 1101 1911 —
1139 1890 1229 1922 490.
1270 1884 1342 1932 E..)
1400 1885 1577 1935 Denique

233 1942 400 1980 Calliclis
429 1943 621 1980 sententia
650 1944 765 1980 etiam
804 1944 874 1979 hae
902 1943 1050 1980 ratione
1079 1942 1336 1990 impugnatur.
1396 1941 1435 1979 Si
1475 1941 1577 1978 enim

233 1999 419 2045 meliores,
449 2000 486 2036 id
517 2001 617 2050 quod
646 2004 689 2037 ut
719 2000 876 2037 tertium
902 2000 1008 2048 ponit
1028 1999 1213 2044 Callicles,
1243 1998 1270 2034 ii
1298 1998 1576 2046 intelligantur,

233 2056 298 2106 qui
327 2069 454 2093 rerum
485 2056 653 2093 civilium
683 2057 760 2094 sint
789 2056 986 2105 peritiores
1015 2056 1206 2105 iidemque
1234 2055 1351 2092 fortes
1382 2059 1420 2092 et
1448 2054 1576 2102 gnavi,

233 2117 277 2150 ut
307 2112 390 2150 aliis
419 2113 605 2161 imperare
642 2118 804 2163 queant,
845 2118 945 2150 certe
986 2113 1031 2148 ab
1070 2112 1204 2148 iisdem
1244 2112 1359 2149 etiam
1398 2111 1481 2148 iure
1510 2124 1577 2148 ex-

233 2170 394 2218 spectari
424 2182 553 2218 posse,
594 2174 637 2207 ut
667 2170 737 2206 sibi
767 2169 859 2218 ipsis
888 2170 1076 2218 imperent
1114 2169 1274 2218 ideoque
1305 2167 1577 2216 cupiditatibus

233 2226 312 2262 suis
352 2226 597 2263 moderentur
626 2226 676 2275 (p.
708 2229 799 2263 491.
831 2225 905 2273 A.)
963 2225 1023 2262 Ibi
1062 2238 1152 2262 vero
1182 2225 1352 2262 Callicles
1380 2223 1578 2261 iracundia

232 2288 272 2319 et
309 2282 572 2330 indignatione
612 2283 889 2320 excandescens
930 2282 1108 2319 continuo
1155 2282 1201 2318 ad
1241 2281 1404 2318 alterum
1452 2286 1575 2318 trans-

231 2339 404 2386 greditur
431 2339 585 2376 vivendi
617 2339 831 2389 agendique
859 2338 1104 2387 primeipium,
1136 2350 1220 2374 cum
1250 2338 1444 2386 superiore
1473 2340 1575 2374 arcte

233 2395 386 2444 quidem
427 2396 688 2441 coniunctum,
740 2396 805 2432 sed
852 2395 1006 2444 propius
1046 2398 1174 2431 tamen
1224 2395 1270 2430 ad
1311 2394 1431 2442 ipsius
1470 2393 1573 2431 vitae

233 2451 421 2488 actionem
452 2459 728 2501 comparatum,
770 2457 811 2489 ut
849 2452 925 2488 iam
965 2452 1009 2487 ad
1040 2450 1302 2500 quaestionem
1332 2451 1575 2487 traducamur

232 2507 513 2555 gravissimam,
555 2522 602 2545 ex
633 2522 709 2558 qua
738 2522 815 2545 mia
843 2508 1008 2545 maxime
1037 2507 1140 2544 vitae
1170 2508 1267 2544 bene
1297 2507 1482 2556 beateque
1512 2507 1575 2543 de-

232 2565 378 2611 gendae
418 2565 514 2602 ratio
553 2565 673 2601 omnis
713 2565 968 2614 suspenditur.
1032 2563 1187 2600 Etenim
1225 2562 1498 2612 temperantiae
1538 2566 1576 2599 et

232 2621 502 2658 moderationis
531 2622 886 2659 commemoratione
925 2635 946 2658 a
976 2621 1129 2657 socrate
1168 2620 1268 2657 facta
1297 2619 1469 2656 Callicles
1498 2619 1573 2655 iam

233 2678 460 2715 contendere
509 2691 583 2714 non
634 2679 915 2716 verecundatur
961 2676 1190 2722 lubidinem,
1230 2674 1573 2724 intemperantiam,

232 2733 455 2771 indomitam
485 2734 636 2786 quidvis
667 2735 802 2782 agendi
842 2734 1054 2779 licentiam,
1094 2737 1217 2770 tutam
1245 2732 1350 2769 illam
1389 2734 1428 2769 et
1455 2744 1576 2780 poena
