1687 2969
188 413 226 455 Ε

272 102 295 141 (si
300 107 323 141 ὃ

760 101 1138 146 PLATONIS

269 222 344 262 καὶ
380 223 491 275 ὲρεῒυ
528 217 580 262 τὰ
619 220 691 263 ἰ’σα
729 223 826 276 περὶ
862 222 942 263 τοῦ
976 219 1036 276 μὴ
1072 221 1273 276 ἐρῶντος,
1309 219 1367 271 ὡς
1398 224 1461 266 δεῖ
1480 227 1626 278 ἐκείνῳ

265 288 533 342 χαρίζεσθαι
567 289 760 343 μᾶλλον,
806 291 940 342 λέγων
977 286 1044 330 ὅσ’

1097 281 1153 329 αὖ
1198 291 1284 344 ἔχει
1317 287 1495 343 ἀγαθοί.
1547 292 1628 334 νῦν

270 356 315 396 ὁὲ
350 352 417 405 δή,
454 372 485 395 ιι
523 354 776 411 Σώκρατες,
812 358 854 397 τί
888 353 1138 407 dnos-cavia,-

380 420 459 450 Vs)

367 446 473 462 buu--

598 420 604 432 ι
679 421 695 433 ‚1
743 425 752 439 ,
886 414 905 432 ‘5

548 423 638 465 021⁷.
675 425 841 483 ῃσύου,
876 439 907 463 ω

943 420 1144 477 μακάριε,
1182 419 1248 464 ὅτι
1271 418 1352 474 ἤδη
1371 424 1453 475 ἔπη
1473 426 1626 482 φθέγ-

267 504 424 542 γομαι,
470 485 566 530 ἀλλ’
609 487 752 532 οὐκέτι
787 489 1121 544 διθυράμβους,
1166 491 1239 531 καὶ
1276 491 1418 531 ταῦτα
1454 494 1628 548 ψέγωνς

266 551 345 596 ἐὰν
382 553 420 597 δ’
462 559 656 598 ἐπαινεῖν
692 553 771 598 τὸν
807 560 955 609 ἕτερον
992 553 1202 612 ἄρξωμαι,
1239 559 1282 599 τί
1314 573 1366 612 με
1397 556 1477 599 οἴει
1499 558 1627 610 ποιή-

266 637 381 673 (rent,-
417 615 490 677 ἆρ’

536 621 679 673 οἷσθ’,
728 620 795 665 ὅτι
838 620 924 665 ὑπο
958 624 1045 664 τῶν
1083 624 1311 681 Νυμφῶν,
1363 622 1434 674 αἶς
1475 641 1527 678 με
1573 623 1626 666 σὺ

265 686 513 746 προῦβαλες
545 694 590 732 ἐκ
625 693 851 747 προνοίας,
887 691 1039 749 σααῶς
1065 690 1374 744 ὲνῦουσιάσιυς
1412 693 1517 746 λέγω
1546 684 1627 734 οὖν

357 821 483 862 λέγων
521 817 584 851 (5¹0²
621 814 674 850 αὖ
706 820 796 860 ἔχει
830 817 997 861 ἀγαθά]
1036 819 1074 853 V.

1107 819 1209 862 λέγων
1235 815 1278 851 αὖ
1305 819 1361 852 ὁό’
1397 823 1463 861 ἔχει
1488 821 1623 864 ἀγαθά,

263 866 352 906 quod
380 868 434 899 vix
461 866 494 897 in
520 876 585 898 uno
612 867 765 898 alterove
791 865 867 899 cod.
895 871 1068 908 repertum
1094 870 1157 900 est.
1185 866 1285 898 Bodl.
1312 867 1435 908 aliique
1455 870 1620 900 nonnulli:

262 911 328 943 ‹S'cm
354 908 397 943 αὖ
406 937 413 944 .

352 957 392 990 E.
449 957 704 1000 προῦβαλες
744 957 783 987 ἐκ
824 956 1063 999 προνοίας]
1109 955 1221 988 Verba
1260 956 1294 986 ἐκ
1326 958 1490 1001 προνοίας
1521 959 1623 998 vulgo

266 1013 347 1036 rum
374 1014 468 1045 seqq.
496 1007 609 1044 οαᾳιῦς
631 1001 848 1035 ἑνθοι·σιαόω
873 1002 1052 1034 coniuncta
1078 1006 1172 1034 recte
1197 1001 1392 1044 Lennepius
1418 1004 1462 1036 ad
1488 1005 1622 1037 Phalar.

258 1093 368 1125 αὐτὸν
398 1094 572 1135 requirere
606 1104 644 1126 ac
680 1094 831 1135 flagitare
859 1093 906 1125 vi-

258 1140 411 1174 deantur.
460 1140 563 1172 Patet
594 1140 697 1181 igitur
731 1140 795 1171 hoc
819 1149 906 1180 quo-

257 1196 324 1226 que
349 1187 528 1227 exemplo,
554 1190 680 1226 quanta
711 1196 789 1217 cum
825 1195 905 1217 cau-

257 1232 349 1264 tione
374 1232 426 1263 vel
451 1232 590 1273 optimis
622 1231 714 1263 libris
740 1230 904 1263 utendum

256 1278 321 1317 sit,
355 1281 389 1309 et
426 1287 527 1318 quam
563 1276 654 1318 digni
691 1277 758 1308 sint
801 1277 902 1308 etiam

256 1323 330 1355 libri
364 1322 574 1363 deteriores,
610 1327 647 1354 ut
678 1323 827 1365 ipsorum
855 1323 903 1354 le-

255 1370 387 1400 ctiones
432 1368 611 1410 diligenter
647 1368 901 1410 perpendantur

255 1419 389 1446 etcum
422 1419 614 1446 ceterorum
647 1414 805 1446 codicum
839 1423 900 1445 au-

254 1460 413 1492 ctoritate
431 1460 690 1493 contendantur.
728 1459 812 1492 ham
832 1469 899 1500 quo

253 1506 377 1538 certius
421 1509 475 1537 est
514 1507 566 1538 vel
608 1506 759 1547 optimos
795 1506 897 1537 libros

252 1550 415 1584 exhibere
461 1551 560 1583 nobis
600 1551 898 1593 grammaticorum

248 1597 494 1636 recensiones,
537 1607 579 1629 eo
621 1597 751 1629 maiore
783 1598 899 1638 utique

247 1644 404 1675 cautione
436 1653 525 1684 opus
562 1647 636 1683 est,
670 1653 712 1675 ne
745 1644 808 1675 illis
843 1647 896 1675 te-

247 1698 341 1721 mere
355 1688 455 1721 fidem
475 1688 670 1722 habeamus,
709 1689 898 1720 Gramma-

245 1735 395 1767 ticorum
431 1734 680 1766 correctionem
722 1733 786 1766 hoc
818 1735 896 1767 loco

245 1781 359 1820 arguit
384 1780 486 1812 etiam
513 1779 607 1820 illud,
634 1780 725 1821 quod
755 1780 836 1814 Ven.
863 1783 894 1815 ὕ.

248 1825 318 1867 (Φ)
358 1836 378 1857 a
406 1836 450 1859 m.
483 1835 550 1857 rec.
583 1825 697 1856 αὐτοῦ
731 1826 894 1868 scriptum

245 1870 394 1910 exhibet,
421 1871 500 1904 Par.
519 1870 559 1904 F.
585 1876 699 1904 autem
726 1882 744 1903 a
775 1881 819 1905 m.
845 1882 895 1914 pr.

244 1916 326 1949 illud
352 1915 464 1949 habet.

290 2007 422 2049 λέγων
473 2005 529 2039 ἇ’σ’
571 2002 623 2039 αὖ
667 2008 754 2048 ἔχει
791 2007 892 2050 ἄγα-

243 2052 325 2096 θά]
355 2053 633 2086 constructionis
658 2054 744 2086 ratio
774 2054 891 2096 exige-

242 2099 302 2131 bat
334 2099 492 2141 λέγοντα,
539 2099 630 2141 quod
674 2099 888 2141 Stephan.

241 2145 449 2186 requirebat.
511 2147 555 2177 At
593 2146 682 2177 nulla
716 2155 802 2187 opus
837 2151 890 2178 est

242 2191 449 2231 mutatione,
475 2191 751 2233 quandoquidem
778 2191 888 2223 nomi—

241 2237 373 2268 nativus
397 2235 482 2268 κατὰ
510 2236 549 2268 τὸ
574 2236 758 2278 νοούμενον
783 2236 889 2268 subii-

241 2282 347 2320 citur,
379 2283 478 2323 quasi
512 2283 781 2324 praecessisset:
815 2283 888 2312 καί-

239 2339 297 2358 τοι
323 2327 433 2358 ἐδόκει
463 2339 524 2369 μοι
555 2332 682 2370 μεσοῦν
720 2327 775 2359 καὶ
800 2329 888 2370 ἐρεῖν

239 2385 269 2406 κ.
290 2385 319 2404 τ.
339 2373 368 2404 λ.
416 2373 717 2405 Celebratissimus
737 2373 801 2406 hoc
825 2383 887 2405 no-

239 2419 331 2451 mine
367 2421 421 2449 est
455 2419 549 2450 locus
581 2419 759 2452 Homeri
792 2418 886 2452 Iliad.

237 2462 283 2505 β’,
301 2462 380 2497 350.
406 2463 496 2506 φημὶ
517 2466 576 2506 μὲν
601 2460 662 2496 οὖν
687 2468 892 2497 κατανεῦσαι

238 2507 432 2551 ὑπερμενέα
466 2509 649 2552 Κρονίωνα
675 2530 717 2536 ——
737 2509 889 2551 Ἀστρά-

237 2567 288 2587 τιτ
305 2567 354 2586 ων
396 2555 569 2595 ἐπιδέξια,
611 2556 668 2588 ubi
705 2557 769 2589 iam
810 2557 890 2588 Eu-

238 2599 376 2632 stath.
420 2604 455 2632 et
491 2607 612 2642 postea
645 2602 802 2635 Clark.
836 2606 890 2635 at-

237 2656 303 2688 que
329 2645 588 2680 Valckenar.
629 2647 672 2679 ad
707 2647 888 2682 phoeniss,

237 2702 268 2726 v.
293 2691 373 2726 481.
410 2696 505 2725 recte
539 2697 698 2726 notarunt
724 2693 888 2727 anacolu-

974 1092 1089 1126 thiam.
1106 1092 1302 1135 Xenoph.
1319 1093 1445 1136 Cyrop.
1468 1095 1492 1129 l.
1511 1094 1544 1135 4,
1563 1094 1618 1129 26.

972 1139 1066 1175 τελος
1099 1139 1131 1171 d}
1164 1139 1221 1170 καὶ
1254 1137 1294 1179 ἦν
1325 1139 1394 1181 εἶχε
1420 1141 1544 1182 οτοὶἦν
1569 1144 1621 1173 ἐκ·

973 1184 1110 1216 δοντα
1136 1185 1259 1216 ὄοῦιιιί
1294 1198 1362 1216 -ιινι
1390 1185 1531 1229 (φαοὶ),
1559 1187 1617 1228 δι]-

971 1231 1068 1271 λῶν,
1104 1229 1161 1261 ὅτι
1186 1233 1312 1262 ἰοὗΊον
1335 1231 1484 1274 μάλιστα
1511 1246 1619 1272 ›Jona-

971 1275 1064 1317 ζετο,
1106 1276 1162 1308 ubi
1204 1278 1432 1310 nominativus
1464 1278 1617 1319 infertur,

972 1322 1114 1363 perinde
1142 1332 1185 1353 ac
1210 1323 1238 1353 si
1264 1333 1328 1354 non
1356 1324 1452 1365 φασί,
1477 1324 1537 1356 sed
1563 1325 1616 1355 λε’-

967 1379 1065 1410 γεται
1097 1367 1330 1409 praecederet.
1381 1373 1470 1411 Apte
1495 1374 1617 1402 contu-

969 1414 1064 1445 lisset
1098 1413 1335 1448 Heindorf.
1370 1415 1479 1457 Lege.
1512 1416 1554 1449 X.
1581 1426 1614 1456 p.

967 1458 1046 1493 855.
1074 1459 1111 1493 C.
1134 1458 1295 1500 ἀξιοῦμεν
1313 1478 1357 1483 —
1376 1460 1466 1502 ἡμᾶς
1490 1460 1615 1500 πρόιε·

968 1517 1028 1548 ρον
1060 1506 1241 1547 ἐπιχειρεῖν
1272 1506 1410 1537 πείθειν
1434 1506 1488 1537 καὶ
1514 1507 1545 1538 ὁι
1551 1506 1613 1539 dd-

968 1563 1066 1590 οκειι,
1093 1549 1135 1588 ὡς
1159 1550 1222 1581 εἰσὶ
1249 1553 1343 1592 θεοί,
1369 1551 1536 1595 τεκμήρια
1562 1553 1615 1584 λέ-

966 1608 1098 1639 *forts-‚-
1123 1594 1240 1636 ἱκαιά,
1268 1597 1294 1628 si
1320 1603 1414 1630 certa
1440 1599 1484 1630 ibi
1511 1599 1612 1631 lectio

965 1646 1077 1682 esset,
1111 1652 1200 1674 nunc
1225 1653 1244 1674 a
1270 1643 1368 1675 nobis
1400 1644 1497 1676 aliter
1529 1655 1612 1676 con-

965 1689 1097 1720 stituta.
1144 1687 1214 1719 Sed
1241 1692 1377 1729 poterat
1392 1689 1538 1722 adiicere
1563 1692 1613 1722 lo-

964 1744 1054 1774 cum,
1081 1734 1138 1774 qui
1163 1745 1194 1775 p.
1213 1733 1290 1767 270.
1318 1735 1358 1768 l).
1383 1735 1480 1767 huius
1505 1736 1612 1777 ipsius

964 1780 1038 1812 libri
1083 1780 1222 1821 legitur,
1267 1780 1322 1811 ubi
1371 1781 1421 1812 vir
1463 1782 1612 1822 optimus

964 1824 1102 1867 praeter·
1134 1825 1374 1857 necessitatem
1407 1824 1612 1869 ἀριθμησά-

961 1881 1062 1912 μενον
1088 1881 1107 1902 e
1132 1870 1268 1902 Galeno
1294 1872 1454 1913 suscepit.
1503 1872 1612 1904 Dissi-

964 1916 1052 1948 milia
1078 1915 1230 1948 cont'udit
1259 1918 1285 1947 A
1302 1918 1442 1959 stius,
1468 1919 1523 1959 qui
1548 1928 1611 1950 nec

963 1966 1161 1993 structurae
1184 1962 1351 1995 rationem
1377 1968 1471 1996 recte
1496 1963 1612 1996 decla-

961 2007 1071 2047 ravit,
1113 2007 1318 2040 illustratam
1367 2009 1458 2041 illam
1503 2019 1612 2051 nuper

961 2053 1062 2085 etiam
1098 2063 1116 2084 a
1156 2053 1373 2095 Poppone
1406 2054 1457 2087 De
1483 2055 1610 2087 Elocu-

958 2100 1050 2131 tione
1084 2097 1237 2138 Thucyd.
1263 2110 1294 2141 p.
1327 2101 1397 2133 117.
1434 2104 1468 2132 et
1504 2100 1611 2132 Krii-

958 2154 1066 2187 gero
1103 2144 1144 2176 ad
1182 2143 1337 2186 Thucyd.
1378 2145 1466 2179 vul.
1498 2156 1525 2179 c.
1553 2145 1607 2180 63.

959 2194 1046 2223 extr.
1096 2189 1232 2231 Quippe
1259 2191 1419 2223 Astius
1446 2193 1546 2233 λέγων
1565 2193 1612 2224 ait

958 2235 1142 2268 cohaerere
1176 2245 1251 2268 cum
1279 2236 1371 2278 ᾤμην
1395 2238 1503 2279 ἐρεῖν,
1540 2247 1607 2270 non

958 2292 1034 2314 cum
1059 2279 1122 2312 τὸν
1147 2280 1260 2323 λόγον.
1310 2282 1413 2316 Quod
1443 2282 1521 2324 quid
1548 2293 1607 2315 »a-

957 2328 1027 2360 lent
1059 2326 1101 2359 ad
1137 2327 1384 2368 expediendam
1411 2332 1607 2361 structurae

956 2371 1192 2409 insolentiam.
1233 2373 1379 2416 Oedipo?
1409 2374 1606 2407 coniectore

957 2429 1043 2460 opus
1069 2421 1131 2451 est.
1181 2417 1267 2450 Nam
1306 2430 1371 2461 ego
1401 2420 1428 2452 si
1451 2420 1529 2461 quid
1555 2420 1604 2451 vi-

958 2464 1047 2504 deo,
1083 2464 1135 2495 vel
1162 2463 1211 2495 sic
1242 2465 1383 2506 λέγοντα
1409 2466 1602 2507 requiritur.

956 2510 1116 2542 Ceterum
1143 2509 1298 2542 similiter
1321 2511 1430 2543 Latini
1457 2511 1603 2543 subinde

953 2556 1005 2587 usi
1040 2559 1118 2588 sunt
1147 2556 1380 2595 nominativo,
1407 2556 1451 2588 de
1477 2567 1543 2597 quo
1568 2567 1602 2591 v.

954 2600 1177 2634 Ruhnken.
1203 2601 1290 2636 Dict.
1317 2602 1348 2634 in
1366 2602 1506 2634 Terent.
1527 2602 1602 2634 He-

953 2646 1156 2688 cyr.111.1.
1178 2647 1209 2681 6.
1235 2647 1380 2680 Bremi
1405 2647 1447 2679 ad
1464 2647 1532 2681 Cic.
1551 2647 1602 2680 De

955 2692 1028 2725 Fin.
1051 2692 1093 2726 11.
1120 2692 1175 2726 33.
1202 2704 1234 2735 p.
1251 2692 1329 2728 244.
1352 2692 1534 2728 Kiihner.
1556 2693 1600 2726 ad
