1687 2969
588 119 747 156 *tv
823 140 860 143 Μ.

49 233 304 278 eruditionis
345 246 450 290 opes
492 232 603 274 satis>
627 246 805 288 magnas
835 230 1037 287 collegit,
1070 231 1230 287 quippe
1261 245 1394 285 quum

50 292 224 336 Thuriis
255 290 383 333 etiam
411 289 568 331 artium
597 303 648 331 ac
679 288 972 330 doctrinarum
993 287 1138 329 studia
1166 288 1211 329 in
1230 287 1394 329 honore

50 349 336 400 haberentur,
365 352 415 388 ut
443 346 639 388 homines
671 344 789 387 docti
818 345 956 386 omnis
989 344 1160 399 generis
1191 345 1395 398 frequen-

50 413 117 449 tes
153 405 256 447 illuc
294 403 586 446 convenirent.
631 419 671 445 v.
719 401 921 445 Strabo
960 400 1091 442 XIV.
1150 403 1185 445 1.
1230 401 1395 457 Diog.

51 463 235 506 L‘aert.
275 461 406 504 VIII.
450 462 490 502 2.
530 459 669 501 Plin.
708 459 828 502 Nat.
860 458 1003 500 Hist.
1034 457 1144 499 XII.
1176 460 1216 499 4.
1246 458 1395 512 Atque

51 526 142 562 tum
172 519 301 561 etiam
330 517 516 571 Tisiam,
560 516 777 558 rhetorem
807 514 1152 572 Syracusanum,
1183 515 1244 556 ibi
1274 513 1396 556 audi-

52 577 138 630 vit,
179 576 252 631 qui
280 580 379 631 post
406 574 526 616 litem
556 588 654 615 cum
684 572 874 626 Corace,
914 572 1121 629 magistro
1161 586 1263 625 suo,
1305 571 1396 627 agi-

52 640 185 676 tatam
223 632 324 674 illuc
363 636 662 682 concesserat3
696 647 735 672 v.
767 629 918 671 Phot.
952 628 1101 672 Suid.
1141 643 1176 669 s.
1208 632 1396 677 Λυσίας.

52 690 211 732 Paus.
252 688 332 732 VI.
375 690 443 742 17,
477 689 516 730 8.
558 687 795 744 Dionys.
838 685 892 727 al.
964 684 1048 728 Cui
1089 684 1264 740 quidem
1294 684 1399 726 artis

54 747 266 789 oratoriae
304 744 449 787 studio
476 750 629 801 postea
658 744 720 785 ita
750 759 918 799 semper
945 743 1103 785 mansit
1132 741 1321 795 deditus,
1352 747 1400 782 ut

53 804 99 845 in
138 819 189 845 eo
227 819 314 845 uno
344 802 459 844 vitae
489 816 592 844 suae
624 800 748 856 quasi
787 801 1113 843 tabernaculum
1146 799 1396 841 collocaret.

53 860 210 914 Itaque
239 860 369 902 etiam·
397 865 680 915 posteaquam
708 873 850 899 rerum
881 873 1053 899 suarum
1084 856 1230 899 sedem
1260 862 1400 897 trans-

54 917 154 959 tulit
171 916 385 969 Athenas,
417 914 536 970 quod
566 913 741 972 Olymp.
761 912 910 956 XCII.
946 917 981 955 1.
1014 940 1068 944 -—
1097 915 1195 955 412.
1230 928 1266 956 a.
1296 912 1399 954 Chr.

55 989 97 1016 n.
140 974 284 1015 facere
330 979 506 1015 coactus
550 978 612 1015 est
655 978 807 1027 utpote
863 987 888 1012 a
930 971 1137 1012 Thurinis
1178 969 1401 1012 Atticismi

55 1036 299 1084 accusatuS,
331 1029 439 1071 nihil
475 1028 694 1083 antiquius
735 1029 816 1071 sibi
846 1027 988 1081 duxit,
1029 1043 1159 1082 quam
1187 1033 1236 1068 ut
1265 1032 1401 1067 artem

55 1087 314 1129 rhetoricam
354 1086 528 1129 coleret.
586 1086 641 1127 In
681 1101 766 1140 quo
811 1084 915 1140 quid
946 1090 1157 1139 sequutus
1190 1084 1268 1137 sit,
1313 1082 1401 1124 dis-

57 1144 193 1186 cimus
231 1157 256 1184 a
292 1142 590 1196 Cicerone,
639 1143 713 1196 qui
752 1142 797 1182 in
835 1141 973 1183 Bruto
1023 1155 1058 1182 c.
1110 1143 1174 1183 12.
1225 1146 1401 1181 auctore

56 1200 293 1242 Aristotele
331 1199 438 1241 haec
476 1199 707 1241 memoriae
738 1197 954 1255 prodidit:
1004 1198 1140 1240 Nam
1177 1197 1402 1254 Lysiam

96 1257 232 1299 rimo
294 1256 563 1313 profiteri
622 1254 854 1298 solitum
920 1261 1091 1297 artem
1150 1253 1400 1303 dicendi3

97 1313 253 1356 einde
282 1312 425 1369 quod
454 1311 787 1355 Theodorus
820 1312 1081 1369 (Byzantius
1110 1311 1198 1366 ille,
1231 1310 1284 1352 de
1316 1325 1402 1365 quo

56 1386 96 1416 v.
127 1369 369 1413 Comment.
400 1369 456 1411 ad
483 1369 673 1411 Phaedr.
703 1385 745 1425 p.
777 1371 872 1414 266,
903 1370 989 1424 E.)
1023 1374 1176 1411 esset
1206 1368 1259 1409 in
1292 1373 1406 1408 arte

58 1428 361 1481 subtilior,
399 1427 453 1469 in
493 1426 848 1469 orationibus
899 1432 1080 1468 autem
1132 1425 1404 1477 ieiunior,

59 1485 350 1527 orationes
405 1499 525 1526 eum
583 1484 837 1526 scribere
895 1484 1178 1539 coepisse,
1233 1488 1407 1523 artem

57 1542 374 1584 removisse.
432 1541 666 1583 Professus
696 1540 830 1596 igitur
858 1541 911 1582 ab
941 1541 1064 1582 initio
1097 1546 1232 1580 artem
1260 1538 1407 1580 rheto-

57 1598 191 1640 ricam
221 1604 314 1653 est,
360 1598 541 1652 eiusque
582 1596 803 1639 docendae
833 1598 1101 1652 provinciam
1139 1596 1184 1637 in
1223 1611 1269 1638 se
1311 1609 1406 1637 sus-

59 1656 188 1712 cepit.
255 1655 415 1697 Postea
453 1661 619 1708 autem,
661 1670 794 1709 quum
825 1654 1104 1696 Theodorum
1135 1651 1406 1694 animadver-

59 1712 187 1754 tisset
213 1711 259 1753 in
287 1712 389 1753 artis
418 1711 585 1752 ratione
624 1726 673 1752 ac
706 1710 902 1753 doctrina
941 1711 1050 1752 adeo
1093 1709 1325 1763 excellere,
1359 1715 1407 1750 ut

58 1768 237 1811 laudum
274 1784 450 1811 suarum
488 1767 720 1825 splendore
759 1783 810 1810 eo
852 1768 1024 1810 nomine
1059 1774 1226 1809 ceteros
1259 1780 1407 1808 omnes

61 1833 307 1882 superaret,
363 1825 496 1867 misso
543 1824 735 1866 doctoris
784 1824 989 1869 rhetorici
1037 1839 1236 1878 munere,
1289 1822 1408 1878 quod

61 1883 350 1939 suscepisset,
393 1897 488 1924 sese
528 1881 585 1923 ad
624 1897 754 1923 unam
782 1882 966 1923 maxime
997 1882 1242 1923 orationum
1271 1881 1407 1936 scrip-

61 1940 222 1982 tionem
258 1939 504 1993 transtulit,
544 1939 590 1980 in
629 1953 721 1993 qua
759 1938 916 1981 deinde
949 1939 1159 1996 singulari
1190 1937 1334 1980 studio
1364 1943 1409 1978 et

62 1996 215 2038 ardore
252 1996 313 2038 ita
342 1996 596 2050 elaboravit,
626 2002 675 2037 ut
704 1996 1023 2052 Antiphontem
1051 1995 1288 2037 aemulatus
1318 2009 1408 2035 non

61 2053 193 2096 modo
223 2053 462 2095 rhetoricas
500 2052 578 2095 sed
621 2052 750 2094 etiam
780 2052 1004 2095 iudiciales
1043 2052 1260 2094 orationes
1290 2066 1407 2093 com-

62 2118 256 2167 poneret,
300 2125 352 2153 eo
380 2109 511 2152 modo
547 2109 666 2151 laudi
703 2125 809 2157 suae
846 2110 1006 2166 optime
1037 2109 1284 2151 consultum
1313 2108 1407 2148 fore

65 2167 308 2210 arbitratus.
376 2166 597 2209 Incertum
636 2172 703 2209 est
731 2183 849 2222 vero,
882 2183 934 2209 ex
971 2182 1160 2221 quonam
1197 2171 1407 2220 tempore,

65 2224 238 2266 mutatis
267 2224 462 2281 pristinis
493 2224 684 2266 consiliis
714 2225 830 2278 suis,
871 2224 1088 2266 orationes
1125 2222 1312 2264 scribere
1343 2222 1409 2262 in-

68 2280 266 2323 stituerit.
335 2280 611 2335 Quamquam
650 2281 883 2323 verisimile
924 2286 1012 2333 est,
1055 2295 1153 2321 eum
1190 2277 1410 2321 scribendi

67 2335 236 2378 initium
262 2338 418 2380 fecisse
457 2338 512 2379 ab
543 2338 811 2380 orationibus
851 2337 907 2378 ad
939 2338 1043 2378 artis
1074 2343 1118 2378 et
1145 2335 1312 2393 ingenii
1341 2350 1409 2377 os-

67 2394 350 2436 tentationem
374 2395 651 2450 comparatis,
685 2395 846 2451 quippe
878 2393 997 2448 quod
1025 2409 1162 2451 genus
1193 2391 1412 2435 scribendi

69 2464 169 2491 cum
226 2451 419 2507 magistri
477 2452 715 2493 rhetorices
761 2451 1032 2508 professione
1089 2450 1250 2493 arctius
1306 2464 1411 2491 sane

72 2507 348 2548 coniunctum
379 2509 484 2562 fuit,
527 2514 577 2550 ut
605 2508 713 2550 illud
742 2509 925 2550 fortasse
963 2509 1047 2549 iam
1085 2514 1134 2549 ut
1171 2506 1411 2549 rhetoricae

68 2569 325 2620 praeceptor
364 2565 557 2607 coluerit.
628 2564 761 2618 Quod
801 2581 851 2606 eo
891 2565 1049 2607 certius
1090 2580 1186 2607 esse
1224 2563 1411 2615 videtur,

69 2620 187 2674 quod
213 2622 299 2662 iam
327 2627 426 2663 ante
457 2621 631 2679 Olymp.
652 2620 827 2664 XCIII.
860 2622 915 2676 3.,
948 2638 1033 2678 quo
1061 2628 1255 2678 tempore
1278 2619 1412 2663 collo-

70 2677 217 2731 quium
258 2678 303 2719 in
347 2677 546 2721 Phaedro
594 2679 792 2721 Platonis
847 2679 1040 2722 habitum
1081 2679 1284 2736 fingitur,
1329 2677 1412 2718 hoc
