1687 2969
296 117 349 159 88
778 115 1159 161 PLATONIS

295 241 376 277 τον
410 231 548 277 αὐτόν
585 250 649 284 τις
683 237 815 288 λέγων
850 236 929 279 οὐκ
965 242 1246 293 αἰσχυνεῖται.
1283 240 1374 280 πᾶν
1402 256 1485 293 2ch
1508 240 1648 295 σῶμα,

298 294 331 343 ὦ
367 303 447 356 ιιὲν
480 301 647 353 ἔξωθε)
683 301 732 345 τὸ
770 310 1015 355 κυεῖσθαι,
1061 302 1266 363 ἄψυχον,
1313 298 1345 347 ὦ
1381 307 1424 347 δὲ
1461 308 1650 348 ἔνὺοθεν

256 380 266 391 ·
301 365 422 410 αὐτῶ
460 368 503 420 ἐξ
537 367 698 420 αὑτοῦ,
743 373 962 428 ἔμψυχον,
1008 388 1065 421 ως
1111 370 1277 424 ταύτης
1315 368 1448 423 οὔσης
1482 372 1651 430 γίνῃ-εωρ-

304 437 463 494 ψυχῆς.
500 439 533 478 εὶ
569 434 607 477 δ’
647 440 737 478 ἐστὶ
776 440 907 479 τοῦτο
945 436 1083 488 οὕτως
1111 441 1222 494 ἕχον,
1259 437 1317 493 μὴ
1341 436 1448 480 ἄλλο
1477 456 1516 481 τι
1539 439 1650 483 εἶναι

189 503 270 544 246
303 500 352 546 τὸ
387 500 496 545 αὐτὸ
535 501 665 546 ἑαυτὸ
704 506 854 547 κινοῦν
893 504 916 557 ἢ
953 504 1116 564 ψυχήν,
1152 505 1195 557 ἐξ
1221 504 1416 559 ἀνάγκης
1437 504 1651 560 ἀγένητόν

385 671 411 720 ᾧ
445 678 487 711 δὲ
519 678 704 710 ἔνδοθεν
735 678 869 723 αὐτῷ]
905 680 942 713 V.
968 678 1076 725 ςιῦιό,
1109 684 1252 723 praeter
1277 680 1376 713 fidem
1404 682 1648 722 permultorum

294 734 483 765 eorumque
508 725 713 767 optimorum
746 725 910 760 codicum.

389 770 426 804 P.
453 770 531 804 246.

291 895 406 925 nem,
441 889 491 916 ut
516 895 561 917 se
588 885 725 927 ipsum
754 890 936 919 moveat.

290 930 441 973 Λόγος
474 929 503 962 Ιι.
540 931 560 962 l.
586 934 639 963 est
663 932 804 971 notio,
835 941 935 972 quam

292 977 335 1008 de
379 977 479 1009 animi
522 976 552 1007 vi
594 981 628 1009 et
668 981 786 1009 natura
823 982 937 1009 mente

292 1022 565 1064 complectimur.
624 1022 734 1054 Recte
768 1022 936 1054 Schlei-

292 1067 598 1101 ermacluerus:
665 1067 811 1101 dieses
857 1070 939 1109 fiir

291 1114 369 1147 das
417 1112 562 1146 Wesen
605 1114 690 1146 und
738 1114 817 1147 den
866 1115 938 1145 130-

291 1159 420 1203 grifs
441 1159 515 1191 der
540 1160 667 1192 Seele
700 1171 749 1192 zu
786 1160 932 1192 erkla-

289 1217 380 1239 ren.
430 1206 589 1237 Ceterum
609 1211 844 1247 argumentum
872 1205 934 1238 hoc

291 1251 556 1285 immortalitatis
596 1262 638 1284 ex
681 1252 785 1284 libero
834 1253 934 1284 an'mi

293 1303 389 1330 motu
427 1297 568 1338 petitum
601 1298 759 1329 tractavit
785 1298 933 1340 philoso-

293 1342 377 1385 phus
402 1342 536 1374 uberius
561 1343 694 1384 Legum
713 1342 807 1376 Libr.
831 1343 875 1377 X.
903 1355 935 1385 p.

289 1387 483 1423 890—896.
512 1391 549 1422 Α.
584 1388 672 1421 conf.
699 1390 933 1424 Aristotel.

292 1435 342 1468 De
371 1435 474 1467 Arim.
503 1434 525 1468 1.
552 1433 583 1468 2.

339 1481 376 1514 Ρ.
402 1479 481 1514 246.
532 1480 627 1521 περὶ
652 1479 693 1511 δὲ
719 1483 793 1520 τῆς
817 1480 935 1516 ἰδέας

290 1524 429 1567 αὐτῆς
457 1526 525 1568 -]
564 1526 673 1558 Animi
709 1530 865 1558 naturam
892 1526 933 1557 il-

291 1573 498 1605 lustraturus
532 1570 668 1603 fabulae
703 1571 806 1603 utitur
839 1572 935 1604 invo-

292 1620 396 1650 lucro.
447 1617 548 1651 Quod
575 1627 757 1659 quamnam
784 1618 827 1649 ob
853 1628 934 1649 cau-

291 1675 362 1696 sam
389 1664 434 1695 ita
459 1663 588 1702 fecerit
615 1663 646 1694 in
673 1663 932 1704 Prolegomenis

293 1709 528 1751 exposuimus.
582 1708 681 1742 Conf.
730 1713 843 1742 annot.
892 1709 934 1740 ad

295 1755 470 1787 Phaedon.
490 1765 521 1796 p.
539 1754 612 1789 107.
634 1755 673 1788 Ι)
720 1754 789 1786 Sed
816 1754 935 1786 audias

293 1801 402 1843 ipsum
440 1800 530 1834 Tim.
563 1811 594 1843 p.
619 1799 674 1834 29.
701 1800 739 1833 C.
781 1799 841 1832 ἐὰν
874 1795 936 1831 οὖν

292 1845 338 1889 μὴ
388 1846 530 1878 δυνατοὶ
575 1844 777 1900 γιγνώμεθα
823 1844 935 1890 πάνυ]

290 1891 425 1927 πάντως
449 1889 579 1929 αὐτοὺς
602 1890 724 1927 αυτοῖς
739 1888 935 1933 ομοῑογου-

289 1939 413 1979 μέιους
450 1935 571 1979 λόγοις
607 1935 663 1968 καὶ
698 1935 934 1979 ἀπηκριβωμέ-

291 1994 370 2019 νους
399 1981 612 2022 ἀποδοῦναι,
647 1980 692 2023 μὴ
723 1981 934 2028 θαυμάσῃς,

290 2027 365 2060 ἀλλ’
393 2027 450 2059 ἐὰν
471 2028 540 2070 ἄρα
554 2026 700 2070 μηδενὸς
717 2039 822 2068 ητῖον
845 2040 934 2070 παρ

289 2073 454 2116 ἐχώμεθα
485 2073 642 2114 εἰκοτας,
683 2071 822 2119 ἀγαπᾶν
852 2072 933 2116 χρή,

288 2123 521 2175 μεμνημείον,
575 2118 619 2155 ὡς
668 2118 685 2151 o‘
736 2109 836 2161 λέγων
872 2118 934 2161 ἐγω

288 2163 388 2208 υμεῖς
413 2177 448 2197 τε
473 2167 507 2198 οἱ
528 2166 642 2210 nonni
665 2163 769 2207 φύσιν
794 2164 934 2207 αιθρω-

287 2213 386 2253 πίνην
408 2212 549 2254 ἔχομεν,
584 2209 668 2243 ιῖίοτε
703 2210 779 2252 περὶ
805 2209 934 2243 τούτων

288 2256 351 2288 τὸν
374 2257 491 2289 εἰκότα
514 2260 636 2300 μῦθον
660 2255 933 2299 ἀποδεχομένοις

287 2303 407 2346 πρέπει
442 2302 572 2335 τούτου
616 2303 720 2344 μηδὲν
758 2303 809 2334 ἔτι
846 2304 932 2346 πέρα

289 2346 410 2389 ζητεῖι.
438 2348 547 2391 Legg.
574 2348 617 2382 X.
643 2359 674 2389 p
704 2348 782 2382 898
812 2348 850 2380 D.
883 2347 928 2391 μὴ

288 2394 404 2425 τοίνυν
428 2394 460 2429 ἐξ
483 2395 635 2430 ἐναντίας
660 2389 734 2425 οἷον
759 2395 807 2431 εἰς
834 2392 933 2435 ἥλιον

287 2438 533 2479 ἀποβλέποντες
588 2438 815 2482 ποιησώμεθα
871 2439 933 2480 τὴν

287 2483 466 2527 ἀπόκρισιν
493 2504 532 2509 —
560 2496 645 2527 προς
672 2486 706 2517 δὲ
733 2485 845 2517 εἰκόνα
870 2489 934 2517 τοῦ

286 2531 508 2573 ἐρωτωμένου
553 2531 739 2572 βλέπονῑιις
786 2531 932 2574 ἀσφαλέ-

288 2587 406 2619 στερον
432 2575 528 2621 ἇρᾷν.
551 2576 652 2617 Reip.
682 2577 740 2611 IX.
758 2588 790 2619 p.
808 2577 887 2611 5358.
905 2577 932 2608 C

288 2631 360 2663 sqq.
390 2621 564 2655 Phaedon.
587 2632 618 2663 p.
639 2622 713 2656 105.
730 2623 770 2656 D.
800 2623 932 2656 110.B.

289 2666 366 2702 114.
384 2667 424 2701 D.
472 2667 599 2701 Censet
623 2673 735 2700 autem
756 2668 946 2702 declarau-'

288 2712 367 2756 dum
395 2724 490 2754 esse,
521 2723 689 2756 quaenam
715 2714 759 2746 sit
783 2714 832 2747 vis
858 2715 928 2747 ani·

580 770 599 801 ἅ
609 784 628 813 y
640 773 657 801 ε’
667 784 679 801 ν
689 784 708 812 η
718 784 734 802 ‘t
747 771 765 802 o'
778 784 793 801 ν
818 785 833 803 -ι
845 783 858 802 ε
883 784 900 802 κ
910 772 954 802 αἱ
978 771 996 803 ἀ
1009 771 1068 814 9,]
1095 771 1239 813 Aliquot
1264 771 1364 803 codd.
1390 770 1579 814 ἀγέννητον,

1004 885 1048 918 mi
1077 889 1147 917 tum
1176 884 1319 917 divini
1352 889 1423 918 tum
1460 885 1650 921 humanit

1006 931 1096 972 quod
1122 931 1298 972 diiigenter
1314 931 1494 965 tenendum
1516 939 1581 971 est,
1607 945 1648 966 ne

1008 978 1039 1008 in
1088 976 1342 1019 interpretando
1392 979 1468 1009 loco
1518 984 1647 1012 temere

1006 1032 1155 1055 ruamuS.

1053 1067 1193 1108 πάντῃ
1241 1066 1431 1110 πάντως]
1480 1069 1568 1102 Vide
1605 1071 1647 1103 ad

1007 1114 1127 1155 Remp.
1150 1114 1204 1147 Vl.
1224 1124 1254 1155 p.
1268 1114 1343 1148 luo.
1362 1114 1459 1149 A.X.
1477 1116 1647 1158 p.(512.A.

1002 1159 1088 1191 Tim.
1116 1171 1146 1202 p.
1166 1160 1220 1193 29.
1242 1160 1280 1193 C.

1043 1204 1240 1237 Έοικέτω
1266 1204 1310 1245 δι)
1339 1205 1647 1248 §uffan—{pruf—

1002 1251 1107 1293 χον]
1152 1251 1331 1283 Similis
1371 1254 1433 1284 sit
1466 1263 1646 1286 concre—

1003 1302 1071 1329 tae
1106 1297 1272 1329 cuidam
1307 1307 1356 1329 ex
1390 1299 1543 1340 auriga
1586 1299 1646 1331 bi-

1003 1343 1161 1384 gisque
1201 1344 1407 1384 pennatis
1450 1349 1646 1378 naturae.

1004 1388 1117 1420 Mirati
1165 1393 1245 1420 sunt
1292 1399 1541 1431 saepenumero
1587 1391 1646 1423 viri

1004 1433 1114 1474 docti,
1155 1444 1214 1466 cur
1260 1433 1478 1477 philosophus
1528 1435 1647 1468 animis

1003 1481 1073 1512 alas
1099 1479 1303 1519 attribuerit,
1331 1481 1470 1522 eiusque
1497 1482 1544 1513 rei
1568 1492 1648 1514 cau-

1004 1536 1074 1558 sam
1126 1526 1229 1558 modo
1281 1526 1311 1557 in
1353 1526 1645 1568 Pythagoreorum

1002 1572 1156 1614 placiti-⁸3,
1190 1571 1293 1604 modo
1326 1571 1357 1603 in
1391 1572 1544 1604 doctrina
1578 1573 1646 1605 O'r-

1003 1616 1202 1659 pliicornm‚
1240 1617 1342 1649 modo
1369 1617 1401 1650 in
1427 1619 1501 1650 ioco
1529 1615 1645 1652 nescio

1002 1673 1069 1705 quo
1095 1667 1154 1695 aut
1180 1663 1211 1695 in
1236 1660 1392 1695 irrisione
1416 1663 1644 1706 quaerendam

1004 1713 1220 1741 censuerunt.
1281 1709 1402 1742 Verum
1443 1710 1529 1742 enim
1564 1720 1647 1744 vero

1004 1753 1034 1786 Ιιί
1067 1756 1094 1786 si
1129 1755 1312 1796 paullulum
1353 1754 1437 1787 istas
1471 1755 1647 1789 doctrinae

1003 1801 1121 1842 copias
1146 1801 1384 1842 seposuissent
1402 1805 1435 1833 et
1459 1801 1492 1832 id
1519 1802 1643 1843 ipsum,

1003 1845 1047 1877 de
1087 1854 1153 1887 quo
1201 1849 1404 1887 peroratur,
1451 1845 1646 1887 diligentius

1003 1891 1322 1931 consideran-issent,
1352 1893 1427 1934 plus
1452 1896 1546 1925 certe
1572 1892 1646 1926 fue-—

1002 1941 1078 1968 rant
1119 1936 1331 1979 expedituri,
1368 1945 1468 1979 quam
1521 1936 1645 1971 mentis

1001 1982 1074 2014 acie
1121 1983 1224 2015 veluti
1264 1984 1464 2025 praestricta
1509 1984 1647 2018 efficere

1003 2032 1199 2070 potuerunt.
1266 2027 1435 2061 Describit
1483 2028 1646 2063 Socrates

1002 2077 1077 2106 toto
1104 2073 1168 2107 lioc
1193 2076 1269 2106 loco
1289 2072 1388 2106 divini
1414 2075 1479 2108 vim
1505 2077 1644 2118 amoris,

1002 2130 1072 2161 quo
1115 2120 1285 2162 agitantur
1325 2130 1444 2153 eorum
1483 2122 1644 2163 pectora,

1002 2166 1057 2207 qui
1083 2166 1288 2198 coelestibus
1309 2167 1415 2198 sacris
1440 2164 1563 2199 initiari·
1585 2176 1645 2200 cu-

1000 2212 1106 2254 piunt.
1154 2211 1223 2243 lam
1249 2222 1330 2244 vero
1352 2213 1643 2253 quemadmodum

1000 2259 1108 2290 Amor
1147 2258 1248 2299 vulgo
1294 2259 1406 2289 alatus
1440 2256 1642 2301 fingebatur,

1001 2302 1043 2335 de
1078 2312 1143 2344 qua
1177 2312 1212 2335 re
1246 2313 1276 2337 v
1315 2302 1459 2346 Eurip.
1501 2303 1643 2347 Hippol.

1002 2347 1090 2383 1270
1121 2358 1192 2389 sqq.
1236 2348 1454 2392 Aristoplr.
1498 2353 1581 2384 Avv.
1613 2360 1644 2386 v.

1000 2393 1077 2427 573.
1103 2394 1216 2436 ibique
1242 2393 1376 2428 Scliol:
1352 2407 1376 2435 3
1409 2396 1488 2429 coll.
1513 2397 1642 2430 Voss.

1000 2439 1184 2481 Mythoz.
1210 2439 1383 2482 Briefe.
1408 2441 1450 2476 T.
1477 2441 1517 2476 II.
1544 2454 1575 2485 p.
1599 2441 1644 2478 30

1000 2497 1095 2527 sqq..
1133 2486 1178 2518 ita
1216 2487 1315 2519 etiam
1352 2489 1482 2519 animus
1507 2488 1567 2519 alis
1592 2487 1643 2519 in-

1000 2532 1159 2573 struitur,
1186 2532 1276 2574 quod
1304 2528 1405 2565 veluti
1433 2534 1561 2575 signum
1590 2538 1644 2566 est

1000 2576 1208 2610 vehementis
1228 2578 1457 2620 appetitiorii‘S,
1484 2588 1546 2620 qua
1574 2579 1644 2611 fer-

999 2627 1054 2655 tur
1077 2623 1118 2655 ad
1145 2634 1196 2664 ea‚
1222 2633 1365 2665 quorum
1384 2624 1494 2656 studio
1511 2628 1565 2668 est
1590 2625 1642 2656 in-

1000 2669 1122 2701 censu‘s
1142 2670 1496 2711 atque'inflammatuS.
1522 2669 1639 2703 Enim-

999 2724 1082 2747 vero
1115 2715 1239 2749 Graecl
1276 2714 1564 2759 ἅναηιεροῦσθαι
1603 2720 1655 2748 et·
