1687 2969
196 195 247 229 90
735 189 995 228 PLATONIS

192 297 327 353 τέχνη.
367 301 409 340 Γ
409 299 492 339 ΟΡ
528 298 740 338 Φαίνεται.
782 300 826 338 Σ
828 299 884 338 Ω.
921 297 971 337 Τι’
999 291 1079 337 οὗν
1107 296 1158 350 δή
1187 310 1288 336 ποτε
1315 295 1390 343 τὰς
1417 297 1545 343 ἄλλας

191 363 339 417 τέχνας
367 363 419 405 οὐ
449 362 674 441 ῥητορικας
702 365 863 410 καλεῖς,
905 364 1036 409 οὔσας
1073 362 1168 415 περὶ
1205 360 1386 412 λόγους
1425 360 1541 412 εἴπερ

191 430 352 482 ταύτην
381 426 610 482 ῥητορικην
638 431 799 479 καλεῖς,
842 428 868 481 ἢ
897 441 950 467 αν
988 429 1016 478 ᾐ
1045 424 1140 478 περὶ
1180 425 1360 478 λόγουςς
1418 427 1458 465 Γ
1459 426 1545 465 ΟΡ

182 490 290 544 ”’,Οτι
323 495 356 534 ὠ
385 494 634 545 Σώκρατες,
662 496 749 535 τῶν
777 491 853 546 μὲν
881 493 1021 532 ἄλλων
1048 492 1206 544 τεχνῶν
1234 489 1328 541 περὶ
1356 503 1544 543 χειρουρ-

194 560 288 613 γίας
315 573 358 599 τε
387 557 458 600 καὶ
485 559 683 607 τοιαύτας
711 558 892 609 πράξεις,
923 557 979 605 ὡς
1002 553 1101 603 ε’πος
1120 555 1263 603 εἰπεῖν,
1293 555 1408 595 πᾶσα
1433 553 1544 595 ἐστιν

193 625 221 678 η’
250 623 478 678 ἐπιστήμη,
516 630 591 677 τῆς
618 622 661 664 δὲ
692 623 919 677 ῥητορικῆς
959 619 1086 662 οὐδέν
1126 619 1210 660 ἐστι
1240 627 1436 661 τοιοῦτον
1463 633 1542 673 χει-

84 701 107 729 71
130 694 165 737 C
196 690 431 743 ρούργημα,
461 688 565 730 ἄλλα
595 695 710 729 πάσα
737 689 765 742 ἡ
783 687 932 740 πρᾶξις
958 686 1029 728 καὶ
1055 686 1083 740 ἦ
1103 685 1286 738 κύρωσις
1314 685 1382 726 διὰ
1405 685 1545 738 λόγων

196 754 293 795 ἐστι’.
333 754 402 796 διὰ
440 749 551 795 ταῦτ’
594 752 676 806 ἐγὼ
712 752 791 807 τὴν
830 752 1059 806 ῥητορικὴν
1099 751 1249 804 τέχνην
1286 751 1389 801 ἀξιῶ
1435 746 1546 791 εἶναι

194 818 290 873 περὶ
317 820 486 871 λόγους,
515 819 661 870 ὀρθῶς
689 819 836 871 λέγων,
868 817 925 865 ὠς
953 815 1034 870 ἐγώ
1062 831 1182 870 φημι.

281 885 385 942 Cap.
418 886 469 928 V.
530 888 629 927 ΣΩ.
654 878 738 938 Ἆρ’
766 881 846 926 οὖν
868 885 1093 938 μανθάνω,
1123 883 1220 924 οἴαν
1243 880 1378 935 αὐτὴν
1403 882 1547 934 βούλει

195 955 363 1001 καλεῖν;
413 952 518 1005 τάχα
566 949 610 992 ὁὲ
650 951 814 1004 εἴσομαι
853 949 1125 1003 σαφέστερον.
1176 948 1262 988 ἀλλ’
1309 947 1547 999 ἀπόκριναι.

262 1098 302 1129 Ρ.
327 1096 403 1131 450.
450 1098 490 1128 Β.
539 1094 611 1129 τὰς
644 1093 772 1129 ἄλλας
807 1094 978 1137 τέχνας]
1015 1094 1098 1126 Voe.
1132 1093 1244 1135 τέχνας
1278 1104 1342 1125 om.
1368 1092 1446 1125 Ald.
1469 1093 1549 1124 Bas.

198 1141 227 1175 1.
253 1142 368 1185 Steph.
392 1142 511 1173 invitis
537 1141 634 1173 codd.
681 1142 784 1173 Recte
808 1140 896 1172 illud
919 1141 987 1172 iam
1012 1139 1062 1172 ed.
1088 1140 1165 1171 Bas.
1190 1138 1222 1171 2.
1246 1142 1370 1170 tuetur.

267 1187 303 1219 C.
355 1186 515 1219 Πασῶν
542 1186 603 1225 δὲ,
637 1181 783 1229 οἶμαι]
810 1184 847 1218 δέ
872 1186 949 1217 Vat.
976 1185 1019 1217 A.
1053 1184 1151 1217 Bodl.
1174 1195 1234 1226 pro
1259 1184 1353 1226 vulg.
1379 1181 1432 1226 δή.
1467 1183 1548 1214 Pro-

197 1232 328 1266 ximum
354 1236 422 1264 τῶν
447 1243 511 1265 οιιι.
537 1232 615 1264 Vat.
641 1232 684 1264 A.
717 1232 803 1263 Ven.
831 1231 910 1264 ΞΣ.
934 1230 1034 1263 Bodl.
1054 1229 1156 1262 Vind.
1181 1229 1213 1262 2.
1238 1227 1268 1261 7.
1293 1229 1382 1272 Aug.
1406 1229 1545 1260 Meerm.

905 1367 1163 1418 interrogatum.
1209 1363 1423 1404 Quamquam
1450 1363 1550 1403 alias,

906 1411 1072 1453 imprImis
1097 1420 1173 1441 cum
1200 1406 1266 1441 οὖι
1289 1409 1423 1448 iuncta,
1449 1409 1552 1440 etiam

906 1457 955 1489 sie
979 1456 1127 1498 ponitur,
1152 1458 1190 1486 ut
1214 1454 1388 1487 affiimans
1413 1464 1553 1495 respon-

239 1368 278 1399 Β.
334 1368 434 1408 περὶ
471 1369 761 1410 χειρουργίας
793 1385 837 1390 -

195 1412 520 1466 χειρούργημα]
574 1412 733 1444 Schola
773 1423 836 1453 χει·

198 1456 377 1500 ροίργημα
399 1458 454 1489 καὶ
479 1456 631 1498 πύρωσις
655 1455 716 1489 οὐκ
740 1458 836 1511 εἰρη-

197 1515 265 1535 ται·
298 1515 331 1535 αι
359 1502 398 1535 δὲ
422 1503 527 1543 λέξεις
557 1503 709 1559 Γορχιου
736 1499 837 1545 ἐγχω-

199 1560 274 1589 ριοι.
314 1550 506 1582 Λεοιτῖιος
527 1560 592 1591 γαρ
622 1560 671 1590 ηι
705 1547 838 1579 Deinde

196 1594 343 1625 formula
374 1591 429 1627 ὠς
455 1593 557 1626 ἐντος
582 1593 731 1624 είπεῐι
755 1593 838 1624 refe-

195 1638 302 1671 renda
343 1643 395 1670 est
431 1638 475 1670 ad
507 1639 701 1681 proximum
735 1641 837 1674 πᾶσα,

196 1683 504 1726 propemodum
542 1685 700 1721 omnis,
737 1689 773 1714 ut
807 1694 838 1724 p.

198 1728 274 1762 501.
298 1731 339 1761 A.
386 1730 470 1761 Mox
495 1730 545 1760 D:
586 1730 626 1760 αι’
656 1726 710 1760 διὰ
734 1727 838 1781 λόγου

200 1778 270 1806 πᾶι
306 1784 513 1815 περαιιοισι
546 1774 600 1806 καὶ
634 1774 758 1816 ἕργοι,
792 1770 839 1805 uis

200 1820 280 1853 enos
297 1819 422 1856 εἰπεῖι,
449 1816 630 1861 ἣοι’δειὸς
651 1816 838 1859 προςδέοι-

201 1877 249 1896 ται
286 1862 305 1906 ἢ
336 1863 481 1917 βραχέος
508 1876 611 1896 παιυ
666 1863 839 1895 Phaedon.

199 1921 232 1952 p.
255 1908 310 1942 66.
335 1910 382 1941 A:
414 1906 628 1964 ἀπαλλαγεὶςΥ
644 1905 841 1948 ὀφθαλμῶν

201 1955 304 1987 τεκαὶ
324 1953 422 1986 cb'zwz
446 1956 513 1991 καί,
538 1952 584 1987 ai..
610 1954 690 1987 ἐντος
715 1952 839 1990 εἰπεῖν,

199 1998 391 2041 ξύμπαντο5
415 2002 474 2030 τοῦ
500 1997 662 2038 σώματος.
695 1998 839 2039 Apolog.

199 2046 293 2077 Socl.
325 2056 356 2087 p.
390 2043 441 2076 17.
473 2045 521 2076 A:
570 2055 676 2075 καιτοι
713 2041 840 2085 ἀληθές

197 2102 246 2132 γε,
279 2088 325 2123 ὠς
351 2090 431 2123 ἔπος
456 2088 580 2127 εἰπεῖι,
614 2086 720 2121 ουδὲν
744 2086 840 2130 ειρή-

198 2145 285 2167 κασι.
332 2135 423 2166 Male
455 2134 706 2166 Findeisen.
737 2134 839 2164 inter-

196 2183 350 2223 pretatur
372 2183 416 2211 ut
439 2181 563 2211 brevi
584 2179 734 2211 dicam.
770 2179 841 2210 Neo

197 2225 505 2257 meliusAstius.
526 2225 841 2266 omnino‚pror-

198 2281 292 2310 sus,
317 2281 484 2312 reapse.

245 2315 326 2356 Cap.
352 2315 392 2346 V.
435 2315 474 2347 C.
518 2308 598 2355 ’Ἀρ
633 2309 710 2346 οὖν
743 2325 840 2352 μαν-

199 2358 546 2392 θάνιω-καλεῖι
556 2359 584 2402 ς]
634 2360 735 2391 Νιιιιι
767 2358 842 2401 igi-

200 2410 266 2437 tur
291 2405 519 2446 intelligo,
552 2405 721 2446 qualem
746 2414 842 2435 eam

199 2450 345 2482 dicere
377 2450 515 2481 velis?
549 2451 570 2482 i.
595 2460 622 2480 e.
653 2448 842 2481 nondum

199 2495 305 2527 mihi
345 2494 498 2525 videor
531 2495 645 2526 satis
677 2494 842 2526 intelli-

199 2551 319 2582 gere,
369 2539 538 2581 qualem
578 2550 666 2571 eam
706 2539 842 2570 dicas.

200 2586 287 2618 Nam
316 2584 434 2617 eadem
467 2588 518 2616 est
550 2584 740 2626 particulae
774 2578 843 2625 ἆρα

199 2632 307 2670 ratio,
351 2640 438 2672 quae
472 2630 615 2662 Latinae
654 2639 768 2669 num,
807 2632 844 2660 ut

201 2676 249 2707 ibi
273 2679 470 2717 usurpetur,
503 2674 560 2706 ubi
586 2674 762 2716 responsio
787 2684 843 2705 ex-

202 2724 372 2763 spectatur
395 2730 526 2763 negans
545 2719 590 2761 id,
615 2719 657 2752 de
681 2729 748 2761 quo
773 2722 844 2751 erat

907 1503 957 1533 sio
989 1501 1086 1542 sequi
1106 1500 1236 1532 debeat.
1261 1511 1292 1531 v.
1319 1500 1550 1531 Hermann.

907 1547 949 1578 ad
975 1547 1088 1588 Viger.
1114 1556 1147 1587 p.
1171 1544 1247 1577 823.
1295 1545 1414 1585 Itaque
1445 1554 1551 1600 prave

907 1593 989 1624 olim
1007 1591 1112 1622 edidit
1129 1589 1361 1622 Heindorf.
1382 1587 1455 1630 ’Ἆρ’
1475 1583 1551 1626 οὖν,

907 1638 972 1679 ipsi
991 1640 1110 1678 postea
1126 1637 1364 1678 impimobatum
1389 1638 1426 1665 ut
1450 1645 1552 1676 appa-

908 1688 958 1714 ret
987 1693 1028 1713 ex
1063 1682 1136 1713 eius
1168 1684 1283 1712 annot.
1309 1680 1351 1712 ad
1375 1680 1551 1721 Protagor.

910 1729 938 1767 ἓ.
963 1725 1016 1759 27.
1055 1726 1232 1764 Coraes,
1257 1736 1363 1768 quum
1386 1735 1453 1756 non
1479 1735 1552 1766 per-

909 1777 1059 1814 spectam
1095 1771 1236 1803 haberet.
1267 1772 1336 1802 vim
1369 1770 1472 1801 huius
1502 1770 1553 1800 in-

908 1817 1158 1860 terrogationis,
1182 1817 1300 1847 invitis
1318 1815 1421 1869 ’libris
1447 1815 1553 1846 omni-

909 1864 972 1894 bus
1017 1862 1122 1893 edidit
1162 1858 1244 1893 'Am'
1286 1857 1326 1892 οὐ
1366 1857 1550 1899 μανθάνω,

910 1907 999 1949 quod
1031 1908 1143 1948 ipsum
1174 1906 1315 1948 vulgata
1338 1905 1484 1937 lectione
1508 1905 1552 1936 si—

908 1952 1099 1995 gnificatui.
1130 1952 1247 1993 Neque
1268 1951 1420 1982 Astius
1436 1960 1554 1981 verum

909 1997 1073 2040 pervidit,
1113 1997 1172 2038 qui
1202 1996 1288 2028 haec
1318 1995 1443 2027 Latine
1476 2005 1554 2027 con-

910 2042 1050 2074 verterit
1078 2043 1148 2073 sic:
1188 2052 1290 2073 sane
1322 2039 1556 2082 intelligo,

911 2087 1080 2130 qualem
1100 2086 1213 2118 velis
1232 2087 1376 2128 ipsam
1396 2085 1556 2125 dicere,

911 2144 1013 2174 quam
1057 2132 1371 2173 interpretationem
1412 2130 1461 2185 sie
1500 2130 1555 2161 de-

910 2177 1049 2210 fendere
1075 2181 1216 2209 conatus
1242 2180 1308 2216 est,
1345 2179 1383 2206 ut
1406 2169 1461 2215 ἆρ’
1489 2169 1555 2206 οὗ]

911 2223 1037 2254 diceret
1060 2222 1208 2263 positum
1233 2232 1307 2253 esse
1331 2223 1429 2252 extra
1452 2220 1556 2251 inter-

910 2268 1141 2310 rogationem,
1167 2267 1268 2307 quod,
1285 2270 1323 2297 ut
1336 2264 1424 2306 apud
1438 2268 1555 2306 poetas

910 2313 983 2345 fieri
1000 2313 1117 2354 possit,
1143 2311 1233 2353 apud
1249 2320 1369 2353 prosae
1391 2311 1554 2341 orationis

911 2359 1094 2399 scriptores
1128 2356 1201 2388 fieri
1240 2367 1309 2388 non
1346 2358 1465 2396 potest.
1512 2355 1557 2386 Et

911 2404 990 2435 hoe'
1013 2403 1042 2434 si
1080 2401 1223 2442 scriptor
1257 2400 1441 2440 voluisset,
1481 2409 1555 2440 pro-

911 2448 999 2480 fecto
1019 2457 1086 2478 non
1111 2447 1280 2487 potuisset
1302 2445 1425 2477 addere
1449 2444 1554 2476 haec.

913 2491 991 2534 τάχα
1008 2492 1047 2524 δὲ
1064 2491 1200 2530 εισομαι
1228 2489 1462 2531 σαφέστερον,
1488 2500 1556 2530 qua

911 2537 1058 2570 formula
1090 2536 1234 2568 indicari
1259 2538 1393 2568 constat
1416 2533 1555 2566 dubiam

912 2583 1021 2615 adhuc
1045 2582 1095 2613 rei
1120 2581 1350 2613 conditionem
1375 2580 1555 2611 incertum-

912 2639 977 2670 que
1001 2630 1171 2679 eventum.
1217 2625 1409 2681 Euthyphr.
1441 2634 1474 2666 p.
1499 2623 1552 2656 10.

912 2675 959 2705 A:
995 2670 1167 2704 σκεπτέοι.
1194 2667 1288 2710 οἶμαι
1311 2669 1426 2710 μέιτοι
1449 2669 1555 2711 ἔγωγε

914 2722 1011 2751 τοῦτο
1035 2717 1112 2749 νυνὶ
1140 2718 1249 2751 καλως
1271 2715 1442 2759 λέγεσθαι.
1475 2712 1554 2747 ΣΩ.
