1687 2969
236 172 286 205 38
711 167 1104 205 PROLEGOMENA

321 281 478 318 Censuit
507 280 625 328 igitur
655 281 906 330 philosophus
944 280 1177 329 reipublicae
1208 280 1458 318 Atheniensis
1498 294 1584 318 con-

236 337 421 375 ditionem
461 342 546 385 post
586 337 687 374 bella
725 337 878 375 Persica
917 337 956 373 in
999 337 1078 374 dics
1118 337 1240 385 magis
1280 342 1496 386 corruptam
1545 350 1588 374 ac

237 395 486 443 depravatam
515 406 608 431 esse.
668 396 922 444 Posteaquam
952 393 1065 439 0111111,
1096 393 1310 441 profligatis
1339 395 1588 430 barbarorum

239 450 375 500 copiis,
416 450 649 488 diuturnitas
678 463 746 500 par
776 450 896 487 otium
927 455 964 487 et
992 450 1314 500 tranquillitatem
1345 450 1587 487 confirmasse

238 507 322 545 11153
362 511 437 552 051,
487 507 651 555 populus
698 507 947 544 victoriarum
994 510 1276 555 rcportatarum
1324 506 1589 554 magnitudine

240 564 364 601 elatus
415 563 617 612 pristinam
664 563 849 601 virtutem
897 563 1099 611 paullatim
1148 563 1317 600 abolevit
1366 563 1590 613 abiectaque

241 622 370 668 legum
399 619 639 668 publicarum
666 620 883 657 reverentia
913 623 1028 669 atquc
1067 620 1214 668 patriae
1245 619 1404 656 caritate
1435 623 1474 657 et
1503 632 1590 656 con-

241 681 361 714 temta
391 676 562 714 virorum
600 678 785 713 bonorum
822 689 864 712 ac
893 676 1039 724 patriae
1068 689 1158 714 11010
1189 676 1399 713 amantium
1429 675 1592 713 auctori-

241 739 321 771 tate
351 733 626 782 cupiditatibus
665 739 779 783 atque
819 732 924 769 vitiis
964 732 1168 778 avaritiae,
1209 733 1332 769 malae
1363 732 1591 778 ambitionis,

243 789 410 839 partium
450 789 565 826 studii
605 789 699 826 mire
746 789 943 836 indulgere
984 789 1108 837 coepit
1118 789 1169 837 ἢὸ).
1228 788 1400 829 Quorum
1438 789 1592 839 quidem

244 847 432 883 malorum
462 845 633 882 omnium
662 845 846 893 originem
886 851 923 882 et
963 858 1136 882 caussam
1167 846 1278 883 Plato
1319 846 1366 882 ab
1396 845 1471 882 illis
1500 845 1593 894 ipsis

243 903 337 940 viris
367 903 614 951 repetendam
648 901 853 946 iudicavit,
894 901 959 952 qui
995 901 1085 938 belli
1123 906 1292 951 tempore
1322 914 1404 938 sese
1434 901 1593 950 praesti-

244 963 372 997 terant
399 959 514 996 duces
542 958 770 996 fortissimos
801 972 842 995 ac
871 958 1198 1007 prudentissimos.
1239 960 1336 996 Pace
1357 958 1459 995 enim
1482 957 1594 995 resti-

247 1021 332 1053 tuta
360 1015 416 1052 illi
445 1028 522 1051 non
551 1015 605 1052 ita
635 1021 835 1063 gesserunt
870 1015 1163 1063 rempublicam,
1203 1022 1246 1052 ut
1276 1014 1418 1053 civium
1449 1014 1595 1051 animos

248 1073 295 1109 ad
324 1072 627 1121 temperantiam,
658 1072 858 1117 iustitiam,
889 1071 1053 1121 denique
1084 1072 1269 1110 virtutem
1299 1071 1499 1109 flecterent
1529 1075 1595 1108 aut

246 1130 474 1174 formarent,
515 1129 581 1165 sed
620 1141 751 1165 eorum
791 1128 1065 1176 cupiditatibus
1104 1128 1343 1165 blandientes
1382 1141 1449 1177 per
1488 1141 1596 1165 suam

247 1186 415 1235 ipsorum
444 1185 654 1222 lubidinem
682 1185 805 1222 multa
834 1185 1052 1230 ambitiose,
1087 1198 1221 1231 avare,
1263 1185 1408 1222 abiecte
1447 1188 1485 1222 et
1513 1184 1596 1221 sine

250 1242 437 1290 dignitate
467 1242 550 1278 fieri
580 1241 682 1290 passi
712 1245 812 1278 511111.
860 1240 944 1281 Quo
974 1242 1117 1278 factum
1149 1248 1216 1287 est,
1247 1245 1290 1278 ut
1310 1241 1474 1290 populus
1504 1241 1596 1277 adeo

250 1299 418 1336 iniustus
449 1303 485 1335 et
516 1299 626 1335 ferox
656 1298 878 1343 exsisteret,
918 1303 963 1335 ut
991 1298 1076 1335 illos
1108 1298 1228 1346 ipsos,
1269 1298 1408 1348 quibus
1448 1297 1597 1346 patriae

251 1356 469 1393 libertatem
490 1360 683 1403 acceptam
702 1355 904 1399 referebat,
925 1354 1066 1392 iniuste
1086 1355 1300 1400 mulctaret,
1319 1355 1599 1399 condemnaret,

252 1412 417 1462 denique
457 1415 639 1448 tractaret
677 1411 950 1448 contumeliose
961 1410 1036 1458 5⁵³⁵).
1095 1411 1230 1461 Neque
1268 1411 1383 1448 etiam
1423 1410 1598 1455 Pericles,

253 1468 320 1519 qui
349 1482 416 1517 per
446 1467 701 1518 quadraginta
740 1470 819 1504 fere
859 1480 978 1504 annos
1016 1467 1246 1516 reipublicae
1285 1467 1470 1516 praefuit,
1512 1467 1601 1503 11001

253 1524 466 1575 prudentia,
487 1524 716 1574 eloquentia,
746 1524 978 1561 abstinentia
1001 1528 1144 1561 ceteros
1162 1524 1274 1560 facile
1294 1527 1491 1572 superaret
1500 1522 1601 1569 ⁹⁰⁰³),

253 1583 291 1619 id
323 1581 394 1619 sibi
431 1582 621 1629 agendum
659 1581 829 1629 putavit,
871 1586 914 1618 ut
953 1581 1156 1618 effrenatas
1195 1580 1336 1618 civium
1375 1579 1602 1629 cupiditates

256 1638 532 1687 temperantiae
572 1642 610 1675 et
648 1637 819 1675 iustitiae
858 1637 975 1674 frenis
1015 1637 1226 1682 cohiberet,
1269 1637 1335 1673 sed
1363 1636 1518 1673 licentia
1546 1635 1603 1672 in-

258 1695 494 1745 solentiaque
515 1694 673 1731 mirifice
694 1697 807 1731 aucta
828 1707 891 1730 eos
912 1694 1027 1730 etiam
1056 1693 1193 1743 pigros,
1224 1693 1393 1741 ignavos,
1420 1692 1603 1741 garrulos,

260 1765 394 1790 3113105
423 1751 589 1788 reddidit
600 1750 655 1797 †),
696 1751 751 1787 ita
781 1756 823 1787 ut
852 1749 985 1787 referri
1025 1750 1160 1787 merito
1189 1754 1319 1798 posset
1356 1749 1457 1787 inter
1485 1749 1604 1786 malos

259 1808 464 1852 ministros,
495 1807 645 1858 quibus,
677 1820 795 1857 quum
824 1806 1078 1856 inexplebiles
1117 1806 1247 1855 populi
1276 1807 1405 1843 fauces
1436 1805 1606 1843 exaruis—

260 1870 345 1902 sent
374 1864 563 1901 libertatis
595 1863 677 1909 siti,
720 1877 812 1900 usus
843 1863 906 1900 ille
946 1876 1021 1899 11011
1051 1863 1196 1899 modice
1235 1866 1507 1911 temperatam,
1540 1863 1605 1898 sed

264 1921 375 1958 nimis
413 1933 602 1957 meracam
641 1920 857 1957 libertatem
896 1920 1027 1956 sitiens
1067 1917 1275 1966 hausit††).
1353 1919 1608 1969 Posteaquam

262 1982 391 2015 autem
420 1977 535 2013 huius
566 1976 768 2025 imperium
797 1989 897 2012 mors
937 1975 1083 2021 finivit,
1123 1975 1236 2013 multi
1264 1975 1303 2011 111
1332 1988 1494 2019 vacuam
1522 1988 1607 2024 pos-

262 2034 469 2072 sessionem
499 2033 613 2069 unius
652 2032 883 2069 involaruut.
943 2032 1062 2069 Nemo
1103 2032 1204 2069 enim
1233 2032 1312 2069 fere
1341 2031 1466 2069 laudis
1504 2030 1607 2079 cupi-

262 2091 344 2128 dior
373 2090 590 2127 adolescens
626 2102 703 2125 non
733 2089 804 2125 sibi
835 2090 881 2125 ad
917 2089 1087 2137 publicos
1123 2089 1285 2125 honores
1324 2088 1608 2138 consequendos

263 2147 389 2185 studio
419 2146 521 2183 omni
550 2146 772 2183 enitendum
801 2145 964 2193 putavit.
1021 2144 1121 2185 Quid
1152 2145 1253 2195 quod
1281 2145 1454 2194 plerique
1485 2144 1608 2181 civilis

263 2204 421 2241 rationis
450 2216 603 2252 prorsus
633 2202 767 2250 ignari,
798 2202 861 2252 qui
893 2214 1017 2251 neque
1048 2201 1334 2238 exercitationis
1364 2201 1481 2237 ullam
1506 2200 1609 2238 viam

263 2260 422 2308 ingressi
461 2264 606 2305 essent,
646 2272 770 2309 neque
810 2258 964 2308 aliquod
1004 2261 1250 2307 praeceptum
1289 2257 1382 2294 artis
1421 2262 1608 2302 tenerent,

332 2415 363 2454 *)
391 2415 487 2446 Conf.
512 2414 618 2456 Legg.
644 2411 717 2448 701,
746 2413 783 2444 B.
810 2412 846 2446 C.

332 2471 384 2509 H)
412 2472 463 2502 De
496 2471 548 2502 his
588 2468 746 2501 omnibus
787 2469 913 2510 passim
953 2468 988 2499 in
1021 2467 1149 2510 Gorgia
1180 2468 1305 2501 mentio
1337 2469 1507 2509 iniicitur,
1545 2467 1614 2499 vid.

264 2527 295 2558 p.
320 2514 509 2548 513—518.

330 2572 404 2611 *1111)
430 2571 471 2602 V.
496 2570 639 2603 Phaedr.
664 2582 694 2612 p.
719 2569 795 2603 269.
821 2570 974 2612 Sympos.
999 2580 1029 2610 p.
1055 2567 1131 2601 215.
1157 2570 1195 2601 E.

335 2629 370 2667 †)
397 2627 501 2669 Gorg.
525 2638 557 2668 p.
583 2626 659 2659 515.
684 2628 723 2658 E.
749 2637 816 2667 seq.

332 2684 391 2725 ††)
419 2683 506 2715 Sunt
535 2684 639 2715 verba
672 2683 847 2714 Ciceronis
880 2682 920 2714 de
953 2680 1096 2724 Republ.
1131 2681 1168 2722 I,
1200 2679 1266 2722 43„
1297 2690 1459 2724 expressa
1483 2679 1545 2711 illa
1570 2689 1613 2711 ex

268 2729 354 2761 Plat.
379 2730 459 2771 Rep.
486 2728 578 2761 VIII.
603 2738 634 2771 p.
659 2727 734 2765 562.
766 2727 804 2760 C.
1533 2733 1538 2736 ·
