1687 2969
484 215 727 254 GORGIAS.
756 215 799 253 P.
832 218 925 252 448.
956 215 1015 252 ed.
1047 214 1105 253 St.
1421 216 1470 254 8⁴5

114 326 387 377 Χαιρεφῶντι
416 324 469 365 οὐ
497 327 618 366 ποιεῖ.
677 325 719 364 Γ
719 324 803 364 ΟΡ.
843 323 892 363 Τι’
920 324 1120 376 μάλιστα,
1161 316 1194 363 ὦ
1224 322 1470 374 Σώκρατες,-

113 390 216 430 ΣιΩι.
268 387 326 430 Τὸ
364 386 640 441 ἐρωτώμενον
690 389 743 430 οὐ
787 389 903 428 πάνυ
951 404 1022 441 μοι
1061 388 1257 440 φαίνεται
1295 387 1469 437 ἀποκρί-

113 458 278 495 νεσθαι.
337 455 464 495 ΓΟΡ.
499 450 622 494 Ἀλλὰ
663 455 739 500 σύ,
781 454 816 493 εἰ
845 454 1005 529 βούλειζ
1034 451 1134 503 ἐροῦ
1166 453 1309 492 αὐτόν.
1367 452 1467 492 Σῼ,

119 521 230 567 Οὔκ,
281 519 316 559 εἰ
354 517 470 571 αὐτῷ
509 532 556 569 γε
596 516 664 558 σοὶ
700 518 949 573 βουλομένῳ
990 516 1101 558 ἐστὶν
1147 517 1469 568 ἅποκριἈνεσθαι

113 584 218 625 ἀλλὰ
247 583 358 625 πολυ
398 583 451 624 ἂν
492 582 613 637 ἥδιον
642 582 698 624 σε’.
739 584 865 636 δῆλος
905 584 987 660 γάρ
1025 598 1097 636 μοι
1130 584 1282 629 Πῶλος
1322 581 1390 622 καὶ
1430 580 1470 630 ἐξ

115 649 178 690 ὡν
206 649 395 702 εἴρηκεν,
438 646 502 689 ὅτι
530 647 609 702 τὴν
647 647 978 702 καλουμένηνρ
954 646 1184 719 ῥητορικὴν
1212 649 1375 700 μᾶλλον
1403 660 1468 699 με

115 713 338 768 μελέτηκεν
375 713 401 766 ἢ
430 712 708 767 διαλέγεσθαι.
769 715 915 754 ΠῼΛ.
966 713 1015 753 Τι’
1043 713 1114 766 δή,
1158 714 1190 753 ὠ
1220 713 1467 764 Σωκρατες;

115 776 344 828 Zama,
376 773 409 819 ὦ
442 781 591 828 Πώλε,
636 777 844 832 ἐρομένου
876 780 1179 830 Χαιρεφῶντος
1219 779 1334 825 τίνος
1364 779 1468 828 Γορ-

113 845 208 898 γίας
228 842 468 897 ἐπιστήμων
488 842 647 897 τέχνης,
665 844 930 897 ἐγκωμιάζεις
952 841 1029 895 μὲν
1055 838 1191 883 αὐτοῦ
1208 841 1286 895 τὴν
1306 841 1469 895 τέχνην,

115 908 251 962 ὥςπερ
289 910 403 956 τινὸς
444 907 673 962 ψέγοντος,
723 909 813 963 ἥτις
857 907 900 949 δέ
941 907 1078 954 ἐστιν.
1121 903 1200 948 οὐκ
1240 905 1466 958 ἀπεκρίνω.

116 976 263 1015 ΠΩΛ.
303 970 366 1014 Οὐ
392 973 474 1027 γὰρ
505 969 810 1027 ἀπεκρινάμην,
843 974 909 1014 ὅτι
951 973 1012 1026 εἴη
1041 973 1067 1026 ἡ
1108 973 1331 1026 καλλίστης
1373 973 1469 1012 ΣΩ.

118 1038 205 1080 Καὶ
231 1041 343 1092 μάλα
371 1053 430 1093 γε.
461 1035 545 1080 ἀλλ’
577 1035 716 1088 οὐδεὶς
745 1039 889 1092 ἐρωτᾷ,
920 1039 1022 1079 ποία
1051 1054 1110 1086 τις
1140 1038 1201 1091 εἴη
1235 1039 1259 1092 ἡ
1282 1039 1470 1090 Γοργίου

114 1104 255 1159 τέχνη,
291 1104 403 1146 om&
430 1105 516 1153 τίς,
554 1104 624 1146 καὶ
663 1102 812 1146 ὅντινα
852 1102 939 1145 δέοι
978 1106 1123 1144 καλε-ἵν
1161 1100 1238 1144 τὸν
1268 1103 1468 1155 Γοργίαν.

179 1195 220 1226 Ε.
268 1191 331 1225 ὅτι
363 1194 435 1236 εἴη
460 1191 479 1237 ἡ
504 1193 730 1237 καλλίστη]
767 1192 787 1236 ἡ
812 1193 916 1236 vulgo
942 1193 1105 1224 omissum
1129 1191 1350 1224 reddiderunt
1373 1191 1471 1224 codd.

118 1240 188 1272 fere
213 1249 342 1278 omnes,
366 1239 468 1271 etiam
493 1239 612 1271 Clark.

186 1284 270 1317 Καὶ
301 1283 410 1323 μάλα
439 1284 505 1327 γε]
542 1296 597 1327 γε,
634 1284 724 1326 quod
757 1285 860 1316 ceteri
892 1283 972 1315 libri
1003 1288 1036 1315 et
1070 1282 1152 1315 editi
1182 1286 1215 1314 et
1246 1282 1473 1325 manuscripti

117 1331 290 1385 ignorant,
315 1329 472 1361 exhibuit
495 1330 574 1361 Vat.
600 1330 643 1361 A.

185 1372 341 1408 οὐδεὶς
373 1373 534 1418 ἐρωτᾷ,
568 1386 674 1406 ποια
709 1386 768 1408 τις
794 1374 882 1415 εἰη]
920 1373 1100 1405 Bekkerus
1126 1370 1258 1415 ἠρώτα,
1290 1372 1381 1413 quod
1406 1372 1472 1414 ipsi

117 1421 200 1453 olim
225 1421 490 1452 conieceramus.
525 1420 591 1452 Sed
615 1420 732 1451 nullus
757 1419 867 1450 codex
894 1416 1017 1461 7Joc0'zc1.
1056 1418 1126 1449 Nec
1151 1428 1313 1459 praesens
1337 1422 1472 1459 tempus

117 1470 211 1498 caret
235 1465 451 1505 defensione,
476 1466 556 1497 licet
580 1467 750 1507 optativus
775 1472 947 1506 sequatur.
996 1464 1171 1494 Permutat
1195 1463 1287 1494 enim
1313 1462 1470 1494 Socrates

115 1511 171 1543 hie
194 1515 385 1553 temporum
418 1491 451 1542 et,
475 1510 650 1542 modorum
671 1511 857 1549 rationem,
890 1513 1007 1550 utpote
1032 1509 1199 1540 rationem
1223 1508 1354 1540 habens
1379 1513 1472 1539 ante-

113 1566 252 1599 gressae
276 1555 353 1588 Poli
376 1557 626 1598 responsionis.
657 1555 706 1587 ὅτι
732 1556 788 1597 εἴη
814 1567 832 1586 r
859 1555 1024 1595 nalchozry

115 1629 293 1667 rationem,
319 1629 377 1670 qui
392 1628 458 1660 sibi
474 1628 643 1660 mirifice*
634 1640 670 1660 in
686 1638 760 1659 ver-

116 1674 170 1706 bis
195 1674 348 1716 cognatis
379 1684 420 1706 ae
453 1674 610 1705 similiter
641 1673 759 1705 caden-

117 1719 210 1751 tibus
240 1718 410 1761 placebat.
439 1729 471 1750 V.
496 1719 763 1750 Philostrat.

119 1765 202 1796 Vitt.
229 1764 376 1806 Sophist.
400 1763 439 1795 L.
465 1764 490 1795 I.
522 1774 553 1805 p.
578 1763 653 1796 500.
685 1763 762 1797 coll.

117 1810 262 1851 interpp.
289 1809 332 1841 ad
356 1808 498 1841 Phaedr.
522 1819 555 1850 p.
579 1807 656 1841 267.
682 1809 718 1840 C.

166 1854 250 1896 Cap.
273 1854 335 1886 III.
359 1854 402 1885 D.
454 1851 556 1892 Οὔκ,
584 1853 624 1886 εἰ
647 1851 763 1896 αὐτῷ

120 1910 166 1942 γε
198 1898 270 1942 -J
318 1900 423 1931 Recte
460 1900 649 1931 Ficinus
689 1909 763 1931 sen-

830 1638 973 1667 μακρωι
1009 1624 1088 1659 τοῖς
1120 1624 1243 1668 λόγους
1280 1625 1473 1664 ποιεῖσθαι,

830 1673 862 1703 11.
881 1684 909 1704 e.
926 1669 1116 1714 ἀιαγκαῖόι
1137 1669 1230 1702 ἐσῑιι
1246 1669 1383 1704 εἰιαςκ.
1403 1683 1426 1701 τ.
1445 1672 1472 1701 λ.

832 1717 979 1758 Sophist.
1013 1728 1044 1758 p.
1077 1715 1153 1748 242.
1186 1717 1232 1747 B:
1282 1714 1344 1757 τὴν
1383 1713 1474 1747 ὁδὸι

830 1760 1100 1804 ἀιαγκαιοτάτην
1146 1756 1233 1792 εἶναι
1278 1758 1362 1802 ἡμῖν
1400 1759 1473 1801 τρέ-

832 1808 971 1839 πεσθαι.
1001 1807 1107 1849 Legg.
1132 1806 1157 1839 Ι.
1184 1817 1214 1860 p.
1236 1805 1312 1837 643.
1330 1806 1374 1837 C:
1410 1808 1476 1837 τῶν

831 1850 1062 1894 μαθημάτων,
1095 1850 1161 1883 ὅσα
1193 1848 1365 1893 ἀναγκαῖα
1390 1862 1474 1890 προ-

830 1909 930 1937 μεμαι
923 1896 1032 1939 θηκέ]
1035 1909 1086 1934 αι,
1137 1908 1204 1935 μαι·
1200 1894 1280 1927 ’θάν
1276 1908 1344 1927 ειι
1406 1896 1428 1928 S
1443 1907 1476 1928 o-

119 1945 262 1977 tentiam
291 1946 473 1977 verborum
503 1945 672 1986 expressit
697 1945 761 1975 sic:

119 1990 248 2030 situ,
279 1989 462 2032 Gorgia,
493 1989 762 2032 respondere

119 2035 226 2066 mihi
260 2035 422 2075 velles,
461 2045 482 2066 a
519 2039 559 2067 te
590 2036 682 2076 ipso
718 2035 764 2065 li-

118 2078 292 2112 bentius
339 2090 590 2121 quaererem
642 2090 763 2122 quam

119 2135 139 2156 a.
162 2124 276 2157 Polo.
323 2125 376 2156 De
409 2125 660 2157 constructione
692 2135 765 2156 ver-

119 2170 242 2202 borum
277 2180 315 2201 v.
350 2169 392 2201 ad
430 2170 605 2202 Phaedon.
642 2181 674 2212 p.
710 2169 764 2202 78.

57 2232 87 2241 -Α
121 2216 160 2247 Β.
207 2214 360 2247 Matth.
392 2215 450 2246 Gr.
489 2217 518 2254 ξ.
552 2213 628 2248 388.
661 2226 689 2247 c.
722 2233 766 2238 ——

125 2260 251 2302 δῆλος
298 2257 377 2302 γάρ
427 2271 497 2298 μοι
539 2259 687 2293 Πωλος
721 2278 765 2282 -

123 2303 186 2337 ὅτι
217 2303 293 2357 τὴν
326 2306 407 2336 καλ.
446 2305 468 2336 i.
501 2315 528 2336 e.
566 2302 672 2346 δῆλόν
709 2306 770 2342 μοι’

125 2348 235 2386 ἐστιν,
269 2347 318 2381 ὅτι
343 2348 464 2383 Πῶλος
489 2361 517 2381 κ.
544 2362 568 2381 τ.
595 2351 621 2381 λ.
670 2350 767 2381 Alias

123 2395 200 2426 loeo
215 2393 438 2436 particulae
419 2406 468 2426 οτι
485 2405 560 2426 cum
577 2405 638 2426 suo
662 2395 766 2425 verbo

124 2439 263 2482 ponitur
301 2440 518 2481 participium
533 2465 540 2479 ‚
587 2445 625 2471 ut
665 2440 769 2470 scribi

124 2485 275 2526 potuerit
290 2484 393 2515 etiam
412 2485 477 2516 sie:
504 2485 605 2525 δῆλος
620 2482 687 2526 γάρ
715 2495 768 2522 μοι

128 2526 250 2562 Πῶλός
270 2528 340 2560 ἐστι
356 2527 595 2571 μεμελετηκώς.
623 2529 688 2560 Sed
707 2539 770 2560 nee

124 2574 187 2606 illa
210 2574 296 2605 ratio
321 2573 531 2615 infrequens.
562 2585 594 2606 v.
619 2574 769 2605 Matth.

127 2621 157 2659 §-
182 2617 260 2651 296.
305 2618 426 2650 Latius
457 2624 571 2651 autem
601 2619 657 2650 hic
686 2629 770 2650 usus

124 2668 228 2707 patet,
244 2674 345 2704 quam
361 2663 466 2705 vulgo
481 2665 672 2706 opinantur.
686 2665 771 2695 Mox

126 2721 159 2752 p.
183 2708 260 2741 449.
285 2709 323 2740 Β.
350 2708 394 2740 C:
426 2708 495 2741 εἰσὶ
529 2709 593 2748 μὲν
618 2727 659 2732 -
685 2709 772 2740 «ἐι-ιω

130 2757 199 2786 τῶν
239 2751 464 2795 ἀποκρίσεωι
501 2751 686 2797 ἀιαγκαῖαι
718 2751 773 2785 διὰ

831 1943 970 1985 phoel.
996 1943 1089 1974 Aiac.
1122 1953 1154 1973 v.
1179 1940 1263 1974 634:
1299 1943 1476 1982 κρεισσων

831 1985 1167 2040 γάρ”-’1ιδᾳκειῖ)θ(υῑ
1183 1984 1201 2018 ὁ
1222 1990 1337 2018 νοσῶ]
1354 1984 1474 2024 μάται,

832 2036 853 2064 1.
871 2044 898 2065 e.
918 2030 1088 2073 κρεῖσσόν
1104 2031 1172 2063 ἐστι
1199 2029 1258 2063 τὸ]
1282 2029 1391 2070 μα’ταν
1418 2043 1475 2063 zo-

835 2081 962 2110 σοῦιτα
969 2076 1070 2119 Ἀιδᾳ
1093 2075 1251 2112 κεύθειν,
1276 2076 1337 2108 ubi
1353 2087 1385 2108 v.
1403 2076 1476 2108 Lo-

832 2124 952 2155 beck.

855 2169 894 2200 E.
921 2165 1261 2210 ἢδιαλὲγεσθαι]
1296 2167 1479 2197 Transitur

835 2213 877 2244 ad
901 2223 1002 2244 usum
1027 2212 1206 2250 infinitivi,
1232 2211 1312 2252 quia
1336 2211 1478 2249 μελετᾶν

834 2258 959 2300 pariter
1001 2268 1077 2288 cum
1117 2257 1315 2287 accusativo
1355 2255 1478 2287 obiecti

835 2308 936 2355 atque
968 2312 1046 2333 cum
1078 2301 1249 2333 infinitivo
1280 2301 1377 2332 verbi
1400 2312 1478 2332 con-

835 2348 931 2389 iungi
944 2348 1063 2388 potuit
1083 2347 1252 2399 Quocirca
1264 2350 1480 2388 piaepostere

836 2393 1058 2434 Hirschig.
1103 2390 1124 2433 ἢ
1174 2389 1214 2423 τὸ
1262 2390 1480 2433 διαλέγεσθαι

837 2438 982 2479 scripsit.

882 2482 953 2514 καὶ
1019 2479 1166 2513 ὅντιια
1239 2480 1349 2524 δέοι]
1418 2482 1482 2512 Re-

837 2528 945 2559 lativa
975 2530 1052 2567 post
1082 2526 1329 2568 interrogativa
1357 2527 1392 2556 in
1427 2536 1481 2557 eo-

838 2572 913 2604 dem
937 2573 1117 2603 verborum
1141 2572 1270 2603 ambitu
1288 2572 1483 2611 frequenter

838 2618 957 2648 inferri
1019 2616 1199 2648 docuimus
1253 2616 1296 2647 ad
1353 2615 1483 2647 Criton.

839 2673 871 2704 p.
898 2661 971 2694 122.
1021 2662 1154 2693 Deinde
1182 2672 1225 2692 ne
1250 2661 1326 2702 quis
1350 2661 1386 2691 in
1412 2671 1484 2691 ver-

840 2707 893 2738 bis
919 2705 1031 2747 ὥςπερ
1062 2704 1099 2738 τὰ
1127 2704 1331 2747 ἕμπροσθέι
1350 2715 1403 2736 σοι
1428 2702 1484 2736 ὑπ

842 2764 870 2784 κ.
898 2764 922 2783 τ.
948 2753 974 2784 λ.
999 2751 1156 2793 haereat,
1188 2751 1276 2784 nihil
1299 2750 1364 2782 hoe
1387 2761 1488 2793 asyn-
