1687 2969
413 183 657 223 GORGIAS.
688 184 731 221 P.
764 186 857 221 521.
890 186 982 224 522.
1012 183 1070 221 ed.
1102 182 1157 221 St.
1383 182 1460 220 327

119 293 176 342 ὡς
204 291 250 335 ἐν
278 292 461 341 παιδίοις
490 292 632 345 ἰατρὸς
660 291 713 333 ἂν
741 292 949 344 κρίνοιτο,
988 297 1330 344 κατηγοροῦντος
1358 290 1460 340 ὀψο-

116 365 256 400 ποιοῦ.
287 359 433 400 σκόπει
461 358 555 411 γάρ,
583 358 623 398 τί
650 357 703 398 ἂν
730 358 988 409 ἀπολογοῖτο
1019 357 1042 397 ὁ
1070 361 1265 404 τοιοῦτος
1295 360 1461 408 ἅνθρω-

115 440 195 473 πος
224 423 270 465 ἐν
298 424 467 471 τούτοις
494 423 695 476 ληφθείς,
738 423 773 464 εἰ
802 424 936 463 αὐτοῦ
965 425 1199 476 κατηγοροῖ
1220 437 1282 470 τις
1310 420 1459 474 λέγων,

115 487 179 530 ὅτι
199 481 253 529 ³52
280 489 440 537 παῖδες,
470 489 606 529 πολλὰ
629 488 739 542 ὑμᾶς
766 487 835 529 καὶ
864 487 974 529 κακὰ
1003 485 1072 528 ὅδε
1094 487 1308 540 εἴργασται
1337 488 1460 541 ἁνήρ,

113 553 180 596 καὶ
212 554 370 603 αὐτοὺς
398 553 469 596 καὶ
489 553 590 602 τοὺς
614 554 851 600 νεωτάτους
873 554 994 607 ὑμῶν
1013 553 1268 606 διαφθείρει,
1296 551 1461 606 τέμνων

111 634 154 660 τε
182 618 253 660 καὶ
292 621 409 662 κάων
447 619 516 661 καὶ
556 619 783 672 ἰσχναίνων
821 618 889 659 καὶ
930 619 1093 672 πνίγων
1131 619 1307 671 α’πορεῐν
1337 622 1461 669 ποιεῖ,
1490 620 1573 662 522

113 685 345 737 πικρότατα
381 686 559 738 πώματα
599 683 743 731 διδοὺς
779 683 849 724 καὶ
886 691 1037 737 πεινῆν
1073 684 1144 725 καὶ
1173 685 1304 737 διψῆν
1333 684 1459 736 οἰναγ-

113 751 267 800 κοὶζων,
297 751 374 803 οὐχ
404 749 539 802 ὥςπερ
576 749 658 826 ἐγὼ
686 748 821 790 πολλὰ
859 748 929 790 καὶ
964 748 1067 803 ἡδέα
1095 749 1164 789 καὶ
1204 748 1459 790 παντοδαπὰ

112 816 304 870 εὐώχουν
343 815 467 869 ὑμᾶς.
517 815 556 855 τί
594 814 649 855 ἂν
685 814 762 856 οἴει
802 814 846 855 ἐν
875 815 1012 869 τούτῳ
1052 816 1110 870 τῷ
1149 820 1265 866 κακῷ
1305 814 1459 867 απολη-

111 880 281 934 φθέντα
310 879 457 933 ἰατρὸν
475 878 583 934 ε’χειν
599 881 753 929 εἰπεῖν·
783 880 808 933 ἲ]
839 895 874 920 ει
902 880 1010 920 εἴποι
1039 895 1117 933 την
1145 879 1365 933 ἄλήθειἽαν
1397 876 1459 920 ὅτι

120 949 263 987 Ταῦτα
290 947 430 987 πάντα
459 944 540 998 ἐγὼ
570 944 759 994 ἐποίουν
789 946 822 986 ὡ
851 946 1017 994 παῖδες,
1048 945 1265 998 ὑγιεινῶς,
1297 945 1459 986 ὁπόσον

111 1012 188 1054 οἴει
226 1027 281 1054 αν
319 1012 558 1066 αναβοῆσαι
597 1006 698 1059 τοὺς
734 1011 957 1059 τοιούτους
994 1011 1212 1060 δικαστάςς
1252 1011 1304 1051 οὐ
1332 1010 1458 1063 μέγας

109 1180 193 1201 sono
227 1169 271 1201 ad
294 1169 411 1210 Eurip.
437 1168 569 1200 Hecub.
595 1179 626 1210 p.
651 1166 727 1200 396.
758 1171 790 1200 et
814 1167 995 1202 Adversar.
1028 1179 1059 1210 p.
1083 1166 1160 1200 218.
1208 1168 1320 1208 Quam
1344 1171 1459 1199 tamen

110 1215 311 1257 scripturam
337 1213 537 1247 confirmare
568 1214 704 1245 videtur
732 1213 824 1245 istud
850 1212 1018 1252 πέμματα,
1051 1217 1167 1255 utpote
1203 1213 1348 1245 fortasse
1380 1212 1459 1245 inde

109 1264 275 1292 exortum.
324 1259 500 1301 Quidquid
529 1261 579 1291 rei
603 1264 669 1299 est,
695 1259 924 1291 Schneiderus
954 1259 1092 1300 quidem
1122 1259 1165 1290 ad
1190 1258 1370 1300 Rempubl.
1396 1259 1458 1289 III.

108 1316 143 1347 p.
160 1304 234 1338 406.
252 1306 304 1345 Α.,
330 1306 389 1346 qui
411 1315 482 1336 rem
507 1305 549 1336 ad
572 1304 789 1336 librariorum
815 1310 847 1336 et
871 1304 1059 1336 scribarum
1075 1304 1302 1336 temeritatem
1318 1304 1458 1345 exigen-

110 1351 187 1382 dam
220 1355 254 1382 et
284 1350 502 1382 iudicandam
534 1354 670 1385 censet.
702 1351 902 1391 neutiquam
934 1349 1124 1381 audiendus
1148 1349 1292 1381 videtur.
1339 1350 1458 1390 Neque

108 1406 226 1427 verum
257 1399 308 1427 est
339 1395 429 1436 quod
461 1395 520 1427 ille
553 1396 687 1434 statuit,
722 1407 776 1426 me
809 1395 850 1426 ad
875 1395 1058 1426 Philebum
1083 1395 1289 1428 vocabulum
1321 1395 1459 1433 ἔκπωμα

107 1446 286 1483 urgentem
318 1441 407 1472 nihil
441 1441 611 1480 effecisse,
645 1441 725 1482 quia
758 1441 902 1472 nimium
927 1441 1104 1475 effecerim.
1153 1442 1241 1473 Nam
1266 1441 1295 1472 si
1321 1441 1459 1478 ἔκπωμα

108 1497 226 1518 verum
259 1489 327 1525 est,
360 1496 423 1518 nec
449 1484 538 1525 πόμα
563 1487 627 1517 erit
656 1485 890 1524 scribendum,
923 1486 982 1517 sed
1007 1487 1120 1527 potius
1145 1489 1255 1524 πῶμα.
1302 1486 1368 1518 Sed
1393 1485 1459 1517 dis—

109 1530 261 1573 ceptavit
291 1540 450 1563 caussam
473 1542 582 1573 nuper
615 1531 718 1562 iudex
750 1531 1054 1573 prudentissimus,
1080 1531 1295 1571 Lobeckius‚
1328 1531 1459 1563 Parali-

107 1587 197 1618 pom.
221 1587 253 1618 p.
278 1574 356 1608 425.

131 1652 291 1732 dgdfz22.
318 1651 475 1695 ἰατρὸν
508 1654 647 1696 ἔχειν]
683 1651 742 1685 τὸν
771 1654 951 1687 Bekkerus
982 1665 1023 1686 ex
1055 1655 1133 1687 Par.
1157 1655 1200 1687 V.
1231 1658 1310 1687 ante
1336 1650 1459 1697 ἰατρὸν

108 1710 128 1731 a
177 1711 187 1731 1
213 1711 248 1731 1.

176 1764 196 1809 ἣ
220 1767 263 1799 εἰ
285 1766 423 1810 εἴποι]
458 1767 498 1798 V.
524 1766 559 1799 εἰ
581 1766 713 1807 deerat,
746 1767 836 1808 quod
860 1768 928 1798 iam
954 1767 1070 1809 steph.
1095 1767 1181 1799 vidit
1204 1768 1338 1800 iestitui
1361 1778 1459 1810 opor-

109 1817 189 1845 tere.
236 1812 479 1845 Exhibuerunt
502 1812 750 1845 Vind.6.1eo.
782 1817 815 1844 et
839 1813 915 1844 Par.
940 1813 980 1847 V,
1029 1813 1068 1844 111
1094 1813 1182 1855 Aug.
1208 1818 1240 1845 et
1264 1814 1401 1846 Meelffm
1425 1813 1461 1846 εἰ

107 1856 180 1891 sine
204 1854 224 1900 ἢ
249 1858 431 1901 scriptum,
456 1857 547 1890 unde
572 1868 758 1901 cognoscas
783 1859 905 1890 ermis
930 1858 1059 1890 fontem
1083 1863 1183 1900 atque
1208 1869 1376 1892 caussam.

107 2003 303 2044 loquentem
340 2014 487 2045 coquum
518 2004 652 2036 inducit
686 2004 745 2036 So-

107 2053 216 2080 crates
240 2048 394 2090 illudque
412 2047 562 2090 ἀπορεῖν
579 2054 672 2081 ποιεῖ
690 2050 745 2081 ad-

107 2093 280 2126 bibentem
320 2098 456 2147 propter
493 2105 585 2136 seqq.
621 2095 683 2126 illa
714 2106 745 2136 p.

107 2138 182 2172 522.
208 2140 254 2171 B:
287 2137 352 2170 ἐά1
385 2139 418 2170 τέ
444 2143 491 2172 τίς
515 2151 554 2179 με
580 2137 617 2194 ἢ
626 2140 745 2171 1εωτὲ-

110 2196 193 2225 ρους
239 2188 288 2227 φῇ
332 2184 559 2226 διαφθειᾞρεω
598 2181 746 2226 απορεῖ1

107 2232 274 2262 110ιοῦ1111
298 2242 327 2262 κ.
354 2242 378 2262 τ.
405 2231 431 2261 λ.

151 2319 189 2350 P.
212 2318 289 2352 522.
338 2317 412 2361 οὐχ
436 2318 575 2360 ὥςπερ
603 2319 681 2362 ἐγώ
703 2339 747 2343 -

107 2361 309 2406 εὐώχουν
334 2363 413 2408 υμ.]
462 2365 676 2397 Structuiam
707 2366 746 2396 il-

106 2409 268 2441 lustravit
304 2410 347 2442 ad
387 2410 420 2442 h.
453 2410 475 2442 l.
517 2411 745 2442 Heindorf.

108 2454 205 2486 Conf.
231 2458 344 2486 annot.
372 2455 414 2486 ad
438 2456 594 2496 Sympos.
619 2467 650 2496 p.
671 2455 745 2488 179.

106 2500 145 2531 E.
171 2500 257 2531 Ibid.
281 2511 312 2542 p.
339 2498 414 2532 189.
439 2501 476 2532 C.
502 2501 650 2533 Matth.
688 2501 745 2533 Gr.

108 2545 210 2587 ampl.
236 2546 264 2584 ἕ.
289 2543 366 2577 629.
389 2556 421 2587 p.
446 2544 534 2578 1287
560 2557 628 2588 seq.

153 2633 201 2666 ἐν
226 2632 367 2676 τούτῳ
394 2639 446 2678 τῷ
478 2639 591 2678 κακῷ
615 2633 744 2680 duob]

105 2680 149 2711 H.
169 2690 198 2711 e.
222 2679 271 2711 ad
295 2679 371 2711 has
396 2682 634 2723 angustias
658 2682 746 2713 red-

105 2729 265 2766 actum,
304 2725 371 2758 his
409 2726 537 2759 malis
568 2727 746 2759 circum-

813 2008 1001 2038 ventum.
1033 2005 1120 2036 Nam
1144 2002 1458 2047 ἀπολαμβάνεσθαι

814 2051 1009 2091 frequenter
1033 2050 1190 2081 dicuntur
1214 2051 1249 2089 ii,
1274 2051 1333 2092 qui
1354 2051 1455 2082 inter-

816 2096 986 2136 cipiuntur
1010 2099 1043 2126 et
1067 2096 1165 2136 quasi
1189 2097 1281 2136 capti
1298 2100 1456 2128 tenentur

816 2141 931 2181 aliqua
956 2152 999 2173 rc.
1027 2152 1060 2171 v.
1085 2141 1277 2172 Dorvill.
1303 2141 1346 2172 ad
1366 2141 1455 2173 Cha-

815 2186 869 2217 rit.
900 2197 930 2227 p.
964 2185 1038 2218 567.
1070 2186 1372 2218 Hemsterhus.
1411 2187 1453 2218 ad

817 2231 990 2271 Aristoph.
1015 2231 1103 2262 Plut.
1128 2242 1160 2262 v.
1182 2230 1257 2264 935.
1282 2232 1407 2273 Etym
1421 2242 1455 2264 0-

816 2276 896 2318 log.
910 2276 1065 2317 Magn.:
1083 2273 1354 2319 Ἀπειλημμέ1ὀι·
1371 2287 1453 2308 συν-

815 2320 1026 2362 ειλημμένοι,
1053 2321 1368 2364 συγκεκλεισμένοι,
1404 2334 1454 2354 κε-

816 2378 1029 2408 κρατημειόι.

861 2455 922 2488 ἐπ,
969 2475 1012 2480 -
1059 2454 1287 2499 ὑγιεινῶς]
1343 2457 1455 2489 vale-

816 2501 989 2533 tudinis
1014 2511 1192 2543 caussa,
1217 2503 1368 2534 habita
1393 2513 1455 2534 sa-

815 2547 979 2579 nitatis
1005 2548 1193 2582 ratione.

861 2633 1031 2668 ὁπόσον
1062 2637 1149 2668 οἴει
1180 2634 1233 2668 ἂν
1264 2634 1453 2679 α’ναβοῆ-

818 2681 906 2725 σαι]
961 2683 1042 2714 Fuit
1080 2683 1139 2723 qui
1177 2680 1453 2723 adama-mallet.

815 2727 882 2759 Sed
905 2738 937 2759 v.
961 2727 1004 2760 ad
1028 2727 1234 2770 Euthydem.
1257 2738 1289 2770 p.
1313 2726 1390 2760 271.
1412 2729 1452 2761 A.
