1687 2969
781 139 817 144 —·
895 120 1090 158 CXX—-

263 245 341 287 pra
362 230 597 272 retulimus.
627 230 799 273 Etenim
829 232 864 274 si
883 247 985 273 vera
1007 237 1121 284 sunt,
1153 246 1261 285 quae
1283 247 1362 273 nos
1394 231 1447 274 de
1467 232 1607 274 Phae-

265 286 331 327 dri
359 286 598 343 originibus
630 289 921 345 exposuimus,
955 288 1266 344 philosophus,
1299 303 1384 343 quo
1414 295 1609 346 tempore

262 358 360 384 eum
390 343 545 386 librum
575 345 771 403 scripsit,
809 360 967 388 annum
1007 346 1096 401 egit
1135 345 1287 386 aetatis
1327 345 1609 401 quadracresi-

264 415 378 442 mum
419 400 678 455 secundum,
721 408 873 457 utpote
915 409 1041 444 natus
1073 399 1248 457 Olymp.
1291 403 1357 444 87.
1399 404 1438 445 3.
1546 403 1611 444 uit

264 463 410 498 autem
429 457 643 500 Isocrates
661 458 756 514 ipso
787 474 863 500 sex
892 465 1111 515 septemve
1135 458 1258 500 annis
1290 465 1430 500 aetate
1458 460 1608 513 maior,

264 513 393 555 sicuti
415 513 592 556 tradunt
621 515 726 556 Dio
743 531 782 570 g.
812 516 852 558 L
869 517 1002 557 a‘ert.
1023 515 1107 557 III.
1129 517 1166 557 2.
1187 515 1248 556 Pl
1265 530 1291 556 u
1305 515 1478 558 tarch.
1498 516 1609 557 Vitt.

262 570 324 612 X.
357 569 500 613 Oratt.
540 587 580 627 p.
613 573 706 615 836.
739 572 1015 628 Scriptor.
1045 574 1218 614 Anon.
1257 571 1347 613 Vit.
1381 572 1494 614 Plat.
1540 588 1610 628 ap.

263 628 450 669 Heeren.
467 644 509 683 p.
525 630 565 669 9.
597 629 753 683 Itaque
784 629 854 670 hic
874 644 959 682 quo
981 635 1174 685 tempore
1194 628 1420 671 Phaedrus
1433 628 1610 685 prodiit,

263 683 415 725 habuit
444 685 615 726 circiter
634 700 769 728 annos
788 685 1077 742 quadraginta
1105 691 1204 727 octo
1226 685 1294 727 vel
1308 700 1476 741 novem,
1496 685 1614 741 quod

260 740 319 781 ad
357 741 560 783 amussim
599 743 799 798 congruit
839 757 934 784 cum
976 741 1149 799 Olymp.
1201 743 1268 784 98.
1307 757 1344 783 a.
1389 745 1424 784 1.
1463 743 1533 784 vel
1572 745 1610 788 2.

263 795 348 838 Cui
377 797 508 839 aetati
530 813 632 840 sane
651 799 897 854 planissime
918 799 1135 853 convenit,
1160 798 1277 853 quod
1297 797 1494 842 Cicero
1514 800 1613 841 Pla-

260 860 406 896 tonem
427 861 571 895 narrat
599 855 684 896 ista
712 855 937 911 scripsisse
968 855 1021 897 de
1051 856 1242 898 Isocrate
1273 856 1458 906 seniore,
1478 872 1613 911 quan-

261 909 496 965 doquidem
525 915 702 953 seniores
731 912 936 967 appellati
977 918 1102 966 sunt,
1141 912 1216 967 qui
1256 927 1415 953 annum
1457 913 1611 954 aetatis

260 966 638 1023 quadragesimum
669 968 867 1023 quintum
897 969 1199 1022 excessissent,
1231 975 1280 1009 ut
1310 967 1465 1011 Cicero
1495 985 1612 1012 more

263 1024 459 1066 Romano
509 1025 716 1080 loquutus
770 1041 863 1067 esse
902 1025 1122 1081 putandus
1161 1026 1228 1080 sit,
1279 1024 1380 1067 dnm
1428 1032 1613 1068 aetatem

262 1081 468 1123 Isocratis
527 1082 770 1124 accuratius
828 1082 1020 1124 indicare
1084 1090 1263 1125 conatus
1321 1088 1398 1124 est.
1496 1083 1613 1125 Nam

261 1144 371 1180 teste
406 1138 666 1180 Varrone
697 1138 813 1195 apud
834 1139 1224 1182 Censorinum
1254 1139 1322 1180 De
1354 1139 1423 1180 die
1453 1146 1541 1181 nat..
1573 1155 1610 1182 c.

265 1195 330 1237 15.
363 1195 618 1236 seniores
659 1196 802 1237 vocati
842 1203 966 1249 sunt,
999 1196 1088 1250 qui
1120 1202 1277 1238 erant
1309 1196 1361 1238 in
1402 1203 1610 1252 quarto

258 1252 472 1294 aetatis
513 1252 718 1308 gradu,
761 1252 860 1295 inde
892 1253 945 1295 ab
987 1268 1100 1294 anno
1146 1252 1293 1294 XLV.
1337 1253 1488 1295 aetatis
1545 1252 1613 1295 ad

262 1323 439 1363 usque
472 1310 883 1366 sexagesimum
913 1325 1132 1364 annum,
1166 1308 1283 1364 quod
1301 1315 1405 1352 tunc
1427 1310 1612 1366 primum

262 1365 403 1407 visum
443 1372 512 1407 est
549 1380 705 1422 corpus
744 1382 970 1408 senescere
1008 1366 1223 1423 incipere3
1265 1365 1365 1408 inde
1404 1383 1508 1408 vero
1539 1383 1611 1409 us-

258 1437 346 1476 que
389 1421 444 1463 ad
481 1422 611 1465 finem
650 1423 764 1464 vitae
804 1439 963 1465 senes
1005 1431 1106 1465 sunt
1144 1422 1370 1480 appellati,
1413 1423 1530 1478 quod
1562 1439 1612 1465 ea

261 1484 401 1520 aetate
441 1495 597 1534 corpus
634 1480 718 1521 iam
755 1480 874 1522 senio
914 1480 1107 1522 laborare
1145 1480 1459 1522 iudicaverunt.
1520 1480 1610 1521 Ita-

263 1551 345 1590 que
393 1535 467 1577 illo
508 1542 682 1578 auctore
734 1537 1013 1579 seniorem
1054 1552 1175 1579 esse
1212 1537 1378 1589 minus,
1428 1552 1610 1579 senem

262 1607 381 1634 esse
431 1592 528 1648 plus
579 1599 667 1646 est,
716 1609 977 1648 quamquam
1017 1609 1187 1636 senex
1225 1592 1442 1634 interdum
1482 1594 1611 1635 etiarn

260 1665 339 1716 pro
372 1649 592 1691 seniore
623 1649 709 1692 dici
736 1651 985 1701 consuevit3
1019 1657 1287 1706 apparetque
1319 1656 1502 1706 sponte,
1536 1650 1611 1706 qui

261 1707 355 1747 heri
393 1707 605 1763 potuerit,
646 1713 694 1748 ut
734 1713 963 1763 corruptae
1011 1708 1184 1764 linguae
1231 1706 1415 1749 Latinae
1468 1714 1609 1748 aetate

260 1762 361 1805 inde
391 1779 416 1805 a
450 1762 597 1805 Caroli
624 1764 779 1820 Nlagni
809 1765 1073 1820 temporibus
1115 1764 1301 1805 senior
1340 1763 1610 1819 significaret

259 1819 534 1862 dominum
600 1820 715 1862 unde
764 1821 800 1862 is
838 1820 967 1863 hodie
1008 1836 1180 1876 quoque
1222 1821 1274 1862 ab
1312 1819 1436 1862 Italis
1483 1820 1609 1877 Sig-

261 1891 415 1930 nore,
461 1892 486 1918 a
526 1853 665 1918 danis
707 1876 1001 1933 Seigueur,
1053 1877 1106 1918 ab
1145 1877 1353 1933 Hispanis
1393 1875 1609 1919 Sennor

260 1939 452 1975 vocatur.
512 1933 677 1974 Verum
716 1933 823 1975 haec
854 1934 972 1975 velut
1001 1934 1045 1975 in
1072 1940 1336 1975 transcursu.
1398 1933 1606 1975 Redimus

262 1988 318 2030 ad
370 1990 655 2046 propositum.
735 1991 973 2032 Verissime
1033 1991 1167 2047 igitur
1218 1989 1415 2032 Cicero
1462 1997 1609 2031 narrat

261 2061 370 2102 quae
412 2045 532 2101 apud
574 2047 801 2088 Platonem
831 2046 884 2088 de
913 2047 1107 2089 Isocrate
1137 2047 1360 2100 dicantur,
1404 2062 1428 2087 a
1466 2047 1608 2101 philo-

259 2103 396 2159 sopho
437 2103 607 2158 aequali
649 2103 701 2145 de
739 2103 812 2145 illo
853 2104 1071 2146 seniore
1112 2105 1273 2159 scripta
1320 2118 1441 2153 esse3
1484 2104 1606 2145 cuius

259 2160 448 2201 narratio
486 2161 546 2201 ita
590 2175 687 2202 cum
736 2160 872 2216 ipsius
910 2161 1114 2203 Isocratis
1156 2160 1310 2202 studiis
1348 2166 1391 2201 et
1433 2159 1607 2201 vivendi

260 2217 452 2258 consiliis
490 2217 714 2274 congruit,
755 2224 804 2258 ut
832 2217 916 2258 illis
949 2219 1076 2259 etiam
1107 2218 1338 2273 plurimum
1369 2215 1468 2257 inde
1498 2216 1607 2259 lucis

260 2273 452 2315 accedat.
523 2274 648 2316 Haec
690 2274 831 2315 omnia
867 2290 969 2316 vero
1007 2291 1138 2329 quum
1177 2275 1236 2315 ita
1270 2289 1363 2315 sese
1400 2273 1604 2327 habeant,

261 2336 415 2385 sponte
455 2337 662 2387 apparet,
703 2331 876 2385 opinor,
919 2332 1047 2373 etiam
1086 2331 1219 2372 vitam
1258 2336 1300 2371 et
1330 2329 1474 2372 studia
1511 2330 1606 2372 Iso-

260 2386 390 2427 cratis
431 2387 660 2441 plurimum
700 2403 750 2429 eo
798 2388 963 2441 valere,
1014 2394 1062 2429 ut
1115 2386 1363 2428 Phaedrum
1410 2387 1604 2429 Platonis

259 2458 346 2484 non
373 2443 456 2484 alio
485 2459 612 2498 quam
643 2460 728 2498 quo
759 2459 889 2500 supra
919 2445 1146 2486 statuimus
1176 2450 1368 2499 tempore
1398 2444 1606 2498 seriptum

260 2504 303 2539 et
332 2499 375 2540 in
405 2500 545 2541 lucem
574 2500 780 2542 emissum
813 2517 904 2543 esse
946 2501 1188 2542 existimare
1233 2516 1452 2555 cogamur.
1514 2500 1605 2541 Ne-

261 2570 344 2609 que
376 2556 489 2598 enim
521 2556 573 2598 de
605 2557 881 2600 celeberrimo
912 2558 1084 2599 rhetore
1115 2564 1163 2598 ut
1193 2558 1346 2598 iuvene
1369 2563 1605 2611 potuerunt

260 2612 346 2654 dici
375 2628 486 2668 quae
517 2612 569 2654 de
602 2629 652 2655 eo
684 2614 800 2670 apud
830 2615 1055 2656 Platonem
1087 2614 1311 2667 dicuutur,
1354 2620 1396 2655 et
1435 2613 1604 2669 gravis-

260 2669 369 2711 simo
416 2676 588 2712 constat
641 2669 867 2713 Ciceronis
910 2672 1161 2714 testimonio
1212 2671 1375 2725 scripta
1413 2685 1505 2712 esse
1549 2668 1603 2710 de
