1687 2969
554 141 595 145 —
669 121 813 159 cxxvn
886 142 925 145 ἡ

60 237 156 279 buit
173 249 311 291 prope
340 234 662 291 quinquaginta
693 248 842 279 annos.
888 232 1007 286 Quid
1027 235 1188 292 igitur?
1220 252 1321 280 num
1351 237 1404 279 de

58 293 230 335 homine
262 291 639 348 quinquagenario
669 290 789 334 salva
819 287 1033 335 modestia
1064 300 1106 334 et
1134 293 1404 338 humanitate

59 350 191 392 scribi
268 348 436 391 otuisse
476 347 728 405 putabimus
762 362 874 403 quae
906 348 951 389 in
992 347 1193 391 Phaedro
1239 351 1405 407 scripta

58 413 181 457 sunt3
265 421 288 447 e
330 405 424 447 viro
462 404 800 460 septuagenario
840 404 990 446 eadem
1032 405 1165 447 scribi
1204 409 1405 461 potuisse

56 458 342 519 negabimus?
404 459 544 514 Quasi
571 475 675 502 vero
700 459 784 502 hoc
813 460 899 502 tale
931 463 1140 516 temporis
1173 462 1406 506 discrimen

58 519 300 575 quidquam
328 518 472 560 valeat
502 516 558 559 ad
585 515 825 574 regendum
848 518 925 559 tali
946 518 990 559 in
1008 532 1165 561 caussa
1187 519 1333 562 decori
1365 528 1407 563 et

57 576 252 618 indecori
270 575 462 630 itemque
473 574 580 616 iusti
592 580 635 616 et
646 574 799 616 iniusti
811 573 1034 616 iudicium.
1066 575 1141 617 Ad
1157 575 1240 618 hoc
1261 585 1406 620 autem

57 633 230 675 accedit
260 633 391 674 etiam
420 630 541 672 aliud
571 630 691 686 quid.
759 631 974 673 Versatus
1007 633 1120 674 enim
1149 633 1309 690 Lysias
1341 641 1408 677 est

57 691 103 731 in
138 689 296 732 studiis
335 687 609 744 eloquentiae
650 687 707 729 ad
758 702 968 730 summam
1014 704 1153 744 usque
1205 698 1406 732 senectu-

56 753 168 800 tem,
207 753 259 788 ut
290 744 362 788 vel
399 760 531 787 senex
580 745 735 787 summi
776 750 911 799 atque
949 745 1177 788 clarissimi
1221 747 1408 790 rhetoris

54 803 228 845 laudem
257 802 508 845 obtinuerit.
577 800 706 844 Obiit
749 802 864 843 enim
905 808 1016 844 teste
1047 802 1264 860 Dionysio
1304 804 1406 846 Hal.

58 859 237 917 Olymp.
268 858 320 902 C.
350 861 390 901 2.
422 874 500 897 Ξ
533 860 629 901 379.
651 874 689 900 a.
713 856 816 900 Chr.
837 873 879 899 n.
899 861 1221 916 octogenarius,
1256 877 1408 917 quam-

58 932 188 971 quam
217 916 291 958 alii
319 916 435 958 vitae
465 916 606 970 ipsius
638 915 870 957 terminum
900 916 1031 957 etiam
1062 918 1186 959 annis
1213 918 1407 974 complu·

55 974 177 1016 ribus
206 973 383 1029 longius
416 972 660 1028 proferunt.
707 971 782 1013 Ad
813 971 932 1026 quod
962 988 1102 1028 usque
1134 981 1306 1031 tempus
1337 976 1405 1032 ip-

57 1045 153 1072 sum
182 1044 407 1084 nunquam
444 1028 684 1071 rhetorices
719 1029 855 1070 fuisse
896 1029 1164 1072 incuriosum
1204 1031 1273 1074 vel
1309 1048 1406 1074 ora-

55 1088 196 1129 tiones
236 1087 330 1128 eius
374 1085 519 1128 adhuc
558 1086 819 1142 superstites
861 1086 1031 1143 liquido
1071 1094 1311 1143 testantur,
1354 1105 1407 1132 ex

58 1144 217 1198 quibus
250 1143 469 1185 orationes
503 1142 613 1184 κατὰ
654 1145 742 1184 τῶν
781 1146 1036 1185 σιτοπωλῶν
1077 1151 1120 1186 et
1158 1161 1236 1201 pro
1278 1147 1406 1189 bonis

55 1200 368 1255 Aristophanis
405 1198 584 1255 Olymp.
615 1197 835 1244 XCVIII.
869 1202 904 1241 1.
938 1217 1000 1236 ἶ
1035 1202 1131 1243 388.
1162 1217 1199 1243 a.
1232 1201 1334 1244 Chr.
1363 1219 1404 1246 n.

55 1256 252 1299 defensio
282 1272 362 1312 pro
392 1256 642 1313 Polystrato
669 1255 847 1313 Olymp.
878 1255 1030 1300 XCII.
1058 1260 1098 1300 4.
1130 1275 1206 1296 Σ
1238 1261 1335 1302 409.
1366 1276 1404 1303 a.

56 1330 140 1359 aer.
171 1313 274 1356 Chr.
307 1314 446 1356 oratio
479 1320 633 1355 contra
661 1313 924 1355 Panclenem
956 1313 1133 1371 Olymp.
1175 1315 1321 1359 XCV.
1364 1320 1405 1360 4.

56 1386 136 1409 =
167 1373 264 1414 397.
295 1371 514 1413 orationes
545 1370 753 1413 adversus
783 1370 1059 1427 Epicratem,
1100 1373 1334 1429 Ergoclem
1363 1383 1408 1417 et

55 1428 347 1471 Philocratem
386 1426 563 1484 Olymp.
603 1426 798 1470 XCVII.
840 1429 879 1470 3.
923 1434 966 1470 et
995 1431 1035 1470 4.
1075 1431 1214 1472 oratio
1254 1438 1407 1473 contra

56 1485 397 1528 Theomnestum
437 1485 612 1542 Olymp.
651 1483 825 1527 XCIX.
869 1488 902 1528 1.
943 1487 1131 1541 scriptae
1179 1494 1403 1544 putantur.

57 1541 178 1596 Quid
219 1541 385 1598 igitur?
441 1543 551 1584 haec
590 1557 724 1597 quum
765 1543 828 1584 ita
868 1557 964 1584 sese
1014 1543 1218 1598 habeant,
1260 1561 1404 1588 nonne

55 1599 350 1641 verisimiliter
400 1606 593 1641 statuere
670 1599 822 1640 licebit
876 1599 921 1640 in
1005 1599 1087 1642 hac
1159 1601 1404 1644 studiorum

57 1671 234 1698 suorum
272 1656 564 1710 perpetuitate
605 1662 646 1697 et
692 1656 1020 1698 continuatione
1062 1657 1242 1714 Lysiam
1289 1660 1406 1701 circa

59 1711 234 1769 Olymp.
265 1711 488 1756 XCVIH.
519 1714 576 1754 in.
606 1712 749 1754 adhuc
783 1712 982 1755 floruisse
1005 1728 1173 1756 summa
1199 1715 1404 1770 eloquen-

57 1769 143 1811 tiae
174 1768 317 1823 laude,
350 1776 400 1812 ut
430 1769 603 1825 plurimi
634 1785 756 1822 eum,
795 1770 927 1811 sicuti
955 1770 1183 1814 Phaedrus
1212 1773 1405 1829 Myrrhi-

57 1827 237 1880 nusius,
287 1827 471 1868 maxime
510 1826 824 1868 admirarentur
862 1833 904 1867 et
943 1834 992 1869 ut
1030 1829 1274 1884 principem
1315 1830 1404 1872 fere

57 1881 346 1940 λογογράφον
404 1883 799 1926 devenerarentur?
869 1883 1106 1926 Enimvero
1161 1887 1247 1928 isto
1308 1888 1404 1941 qui-

58 1940 155 1982 dem
185 1947 315 1996 pacto
344 1939 485 1996 liquet
514 1942 712 1996 potuisse
744 1955 847 1983 sane
876 1941 1106 1983 Platonem
1134 1942 1187 1984 de
1213 1959 1264 1986 eo
1299 1944 1404 1986 scri—

58 1996 159 2039 bere
191 2003 242 2039 ut
271 2013 421 2052 sene,
455 2013 567 2053 quae
602 2004 714 2040 teste
747 1996 960 2040 Cicerone
993 1997 1140 2054 (Orat.
1166 2002 1230 2043 13.
1253 2002 1290 2056 ξ.
1311 2002 1402 2055 41.)

53 2053 114 2114 Ide
152 2053 348 2096 Isocrate
388 2055 607 2097 seniore
655 2055 844 2110 scripsit.
925 2055 1020 2098 Nec
1073 2072 1175 2098 vero
1224 2064 1317 2099 tum
1359 2058 1404 2099 in

61 2125 159 2151 eum
188 2126 275 2152 non
305 2118 602 2154 convenerunt
643 2127 753 2166 quae
792 2112 837 2153 in
877 2113 1073 2155 oratione
1113 2114 1198 2168 ipsi
1237 2115 1405 2156 tributa

61 2174 311 2223 comparent
333 2175 478 2210 tectae
501 2169 726 2223 nequitiae
751 2169 877 2225 signa
903 2175 947 2211 et
965 2177 1234 2225 argumenta.
1288 2171 1404 2213 Nam

61 2222 106 2263 in
136 2225 330 2266 oratione
361 2225 705 2268 Demosthenica
747 2233 900 2267 contra
937 2226 1152 2268 Neaeram
1192 2241 1236 2282 p.
1279 2229 1402 2270 1351.

63 2279 101 2332 ξ.
115 2280 180 2321 21.
193 2296 256 2335 sq.
277 2288 476 2324 narratur
485 2298 574 2324 rem
585 2281 789 2325 habuisse
813 2298 911 2324 cum
921 2283 1156 2337 Metanira,
1177 2285 1403 2327 meretrice

63 2333 303 2391 Corinthia,
339 2339 458 2393 quod
482 2340 545 2381 ita
574 2339 739 2381 factum
767 2339 956 2392 videtur,
986 2354 1072 2393 quo
1092 2346 1288 2396 tempore
1316 2341 1403 2384 iam

60 2406 219 2433 annum
240 2396 392 2437 aetatis
411 2396 727 2453 sexagesimum
757 2406 926 2439 sextum
956 2396 1025 2437 vel
1041 2397 1275 2452 septimum
1297 2398 1401 2455 egit.

60 2446 280 2500 Quocirca
309 2451 489 2495 callidus
519 2459 738 2495 veterator
775 2469 862 2494 non
905 2453 997 2495 sine
1029 2456 1175 2508 specie
1203 2456 1402 2497 veritatis

59 2505 189 2546 etiam
220 2508 375 2549 amoris
405 2509 646 2561 humilioris
677 2509 976 2552 criminatione
1005 2511 1096 2567 peti
1116 2512 1274 2566 potuit.
1334 2512 1402 2554 Ac

59 2561 155 2603 fieri
184 2569 332 2617 potest
361 2571 411 2606 ut
440 2566 569 2608 Plato
601 2581 697 2608 eum
738 2567 867 2608 etiam
906 2574 1086 2623 propter
1112 2567 1402 2610 democratiae

60 2617 277 2673 studium,
310 2635 335 2661 a
365 2635 451 2675 quo
482 2622 772 2678 philosophus
811 2622 1074 2666 abhorrebat
1121 2640 1401 2682 magnopere,

59 2677 337 2720 contemserit
366 2691 416 2718 ac
447 2678 667 2734 deluserit,
700 2679 752 2721 de
785 2695 869 2734 quo
901 2697 941 2722 v.
961 2679 1097 2726 Stah
1109 2698 1140 2724 r.
1173 2682 1402 2724 Aristotel.
