1687 2969
407 156 822 201 PHAEDRUS.
853 158 900 199 P.
932 159 1011 200 258
1040 157 1105 202 St.

1350 160 1426 200 147

80 278 130 321 τὸ
170 280 292 333 σῶμα
327 273 484 330 ἡδοναὶ
520 281 684 334 ἔχουσι·
723 274 789 320 διὸ
827 278 900 319 καὶ
931 278 1106 327 δικαίως
1137 274 1429 335 ἀνδραποδώ-

79 348 164 395 δεις
197 346 436 398 κέκληνται.

78 464 260 507 copiosior.
317 464 438 507 ltaque
479 475 541 498 nos
581 464 717 507 quidem

77 515 236 553 putamus
262 510 291 542 ei
309 511 412 544 etiam
429 511 517 544 aliud
536 510 616 552 quid
641 520 719 543 esse

77 556 305 599 propositum.
377 556 480 591 Quod
521 557 621 598 quale
662 557 718 597 sit,

77 602 184 644 ipsius
231 601 385 634 Socratis
433 602 546 644 prodit
592 602 716 642 oratio,

76 647 132 689 qui
155 651 376 690 posteaquam
404 647 584 680 Phaedrus
609 658 719 680 enun-

76 693 172 726 tiavit
202 692 301 726 haec:
341 693 554 733 „Cuiusnam
579 693 716 726 tandem

75 739 122 772 rei
157 739 267 782 gratia
300 739 390 771 vivat
417 740 558 781 aliquis,
592 740 620 772 si
651 750 718 772 non

76 784 190 817 talium
208 785 424 827 voluptatum
442 785 616 818 caussa?“
642 796 717 818 eam

76 832 278 863 sententiam
304 831 420 872 utique
451 831 575 873 probat
608 832 718 864 conti-

75 886 142 909 nuo
174 879 210 909 et
239 886 306 918 quo
343 876 452 919 magis
481 877 584 910 etiam
609 877 718 919 ipsam

75 922 272 962 confirmet,
305 932 401 963 eam,
438 922 480 955 de
505 932 570 964 qua
595 923 717 965 agitur,

74 967 223 1000 fabulam
256 968 290 1000 in
323 968 474 1001 medium
497 969 609 1003 affert.
657 968 718 1001 Ni-

76 1013 200 1046 mirum
244 1013 408 1055 docetur,
457 1015 597 1058 opinor,
638 1013 716 1047 data

75 1059 254 1092 occasione
278 1060 329 1092 vel
354 1060 468 1102 potius
497 1059 716 1101 admonetur,

76 1105 108 1138 id
131 1104 226 1147 quod
250 1105 396 1138 universi
418 1105 491 1138 libri
515 1110 716 1148 argumento

75 1161 158 1184 sane
195 1151 297 1193 longe
337 1155 392 1184 est
436 1152 719 1185 convenientissi-

74 1207 185 1237 mum,
226 1196 335 1238 ipsam
376 1195 520 1230 hominis
564 1201 718 1230 naturam

74 1246 178 1284 atque
209 1242 358 1275 indolem
393 1253 468 1276 eam
501 1253 598 1284 esse,
631 1253 718 1284 quae

73 1287 117 1321 ad
141 1297 319 1321 sermones
345 1287 388 1321 de
413 1289 516 1322 rebus
540 1289 582 1321 ad
608 1288 718 1331 philo-

74 1333 228 1377 sophiam
262 1337 298 1367 et
329 1337 422 1367 artes
452 1335 614 1368 liberales
638 1345 717 1377 per—

74 1380 257 1412 tinentibus
269 1379 498 1413 instituendos
516 1380 646 1414 feratur
663 1384 717 1413 at-

73 1435 141 1467 que
156 1425 244 1459 adeo
268 1428 330 1467 τῆς
352 1429 514 1468 μουσικῆς
539 1436 642 1460 sensu
662 1430 715 1459 at-

71 1481 138 1513 que
163 1471 274 1504 studio
300 1471 454 1514 praedita
473 1473 529 1506 sit.
578 1472 630 1505 De
648 1482 716 1514 qua

72 1527 110 1550 re
126 1517 227 1550 Plato
251 1521 372 1560 postea
396 1528 502 1551 senex
523 1517 632 1551 factus
656 1528 717 1551 ex-

73 1563 188 1605 posuit
211 1563 384 1605 copiosius
418 1564 450 1596 in
479 1564 588 1606 Legg.
611 1564 655 1597 ΙΙ.
683 1574 716 1605 p.

73 1607 140 1643 653
157 1618 231 1651 sqq.
265 1609 344 1641 Hoc
360 1609 471 1651 ipsum
495 1614 607 1642 autem
633 1611 717 1641 item

74 1653 189 1697 potuit
211 1654 489 1688 commodissime
524 1654 717 1688 cicadarum

75 1700 236 1742 exemplo
261 1699 437 1735 declarari.
471 1700 607 1733 Etenim
628 1700 718 1732 cica-

76 1745 193 1778 darum
205 1749 324 1778 cantus
341 1746 440 1779 etiam
457 1746 548 1779 bono
568 1756 670 1778 sensu
685 1750 719 1778 et

76 1801 152 1824 cum
171 1791 269 1824 laude
286 1791 408 1824 dicitur
422 1792 481 1832 sic,
508 1795 546 1824 ut
571 1792 646 1824 eius
671 1791 717 1824 si-

76 1836 265 1870 militudine
279 1837 443 1870 orationis
453 1837 504 1870 vis
514 1841 617 1880 atque
634 1847 718 1870 sua·
753 1837 755 1839 ’

74 1882 164 1915 vitas
195 1886 297 1925 atque
329 1883 420 1916 adeo
453 1883 534 1916 artis
560 1884 718 1926 poeticae

75 1931 113 1961 et
134 1928 304 1962 oratoriae
335 1928 479 1962 facultas
510 1928 716 1970 declaretur,

74 1973 119 2007 de
145 1983 212 2015 qua
249 1984 287 2007 re
319 1969 446 2008 dudum
476 1975 607 2008 monuit
639 1975 720 2007 Eu-

77 2019 266 2052 stathius
299 2020 341 2053 ad
374 2021 469 2056 lliad.
500 2019 541 2062 γ’.
575 2020 653 2056 395.
686 2031 718 2056 v.

78 2064 139 2099 151
167 2076 238 2108 sqq.
285 2065 442 2099 Pertinet
474 2065 538 2099 huc
562 2065 719 2099 Timonis

78 2120 214 2144 carmen
237 2111 269 2144 in
296 2111 449 2144 Platonis
484 2113 718 2155 eloquentiam

77 2156 168 2198 apud
201 2157 379 2199 Diogen.
415 2158 562 2191 Laert.
594 2158 652 2192 ΙΙΙ.
685 2158 717 2192 7.

80 2202 153 2234 Τῶν
165 2200 298 2234 πάντων
322 2201 354 2236 δ’
382 2201 500 2246 ἡγεῖτο
518 2202 721 2236 πλατύστα-

78 2258 156 2288 τος,
204 2246 278 2279 ἀλλ’
327 2247 498 2292 ἀγορητὴς
535 2248 719 2290 Ἡὸυεπής,

78 2292 224 2328 τέττιξιν
253 2294 462 2339 ἰσογράφος,
496 2294 533 2327 οἳ
552 2293 594 2328 θ’
617 2294 717 2327 Ἑκα-

80 2337 196 2381 δήμου
233 2337 371 2382 Δένδρε’
415 2339 612 2384 ἐφεζόμενοι
650 2340 721 2373 ὅπα

81 2382 287 2427 λειριόεσσαν
300 2386 406 2418 tautae:
432 2387 518 2419 Cun
530 2391 625 2419 ctos
649 2396 720 2419 an-

81 2429 196 2462 itbat
227 2430 473 2464 latissimus
497 2433 590 2474 ille,
624 2443 719 2465 sua-

81 2474 147 2508 vis
179 2477 350 2516 orator,
381 2478 502 2510 cuius
536 2488 619 2510 non
652 2488 720 2511 ce-

82 2519 186 2552 dunt
226 2521 441 2564 scripta
489 2523 719 2564 cicadis,

81 2576 191 2609 quae
223 2571 349 2608 super
387 2568 624 2602 arboribus
657 2579 720 2602 re-

84 2611 233 2644 sident
290 2612 406 2644 lucis
463 2613 501 2645 in
553 2615 720 2658 opacis,

83 2668 130 2690 ac
156 2658 335 2690 mittunt
358 2667 502 2691 vocem
528 2660 720 2693 modula-

84 2708 127 2735 to
174 2707 353 2745 gutture
403 2713 642 2747 amoenam3
689 2705 721 2738 in

85 2748 205 2790 quibus
229 2748 406 2781 versiculis
429 2749 563 2782 nomine
587 2750 721 2782 πλατύ-

786 475 910 501 στατος
940 462 983 496 ad
1009 463 1188 497 Platonem
1223 469 1259 498 et
1289 467 1427 502 nomine

782 507 982 551 Ἑκαδήμου
1007 509 1049 541 ad
1077 510 1297 545 Academiam
1324 513 1429 547 alludi

786 555 1000 587 manifestum
1028 559 1090 587 est.
1138 555 1211 588 Nec
1240 559 1348 592 minus
1371 570 1427 593 re-

785 606 839 633 cte
865 600 930 633 huc
955 600 1084 633 referas
1109 601 1161 634 illa
1188 602 1424 638 Theocriti

785 646 880 689 ldyll.
905 647 932 680 l.
960 657 990 680 V.
1014 646 1087 681 148.
1111 650 1264 691 τέττιγος
1289 649 1360 683 ἐπεὶ
1383 651 1427 684 τό

784 705 827 735 γα
875 693 1039 738 φέρτερον
1087 691 1191 738 ᾄδεις.
1259 695 1426 730 Nimirum

785 742 903 771 cantus
943 738 1136 771 cicadarum
1177 742 1352 774 veteribus
1396 743 1427 775 in

786 784 915 817 deliciis
939 784 1013 825 suit,
1039 789 1078 817 ut
1095 785 1199 818 etiam
1218 787 1326 820 laudis
1349 799 1429 832 gra-

785 831 830 862 tia
872 831 1133 863 commemorari
1177 834 1346 875 potuerit:
1396 845 1428 869 v,

787 878 938 910 Anacr.
965 876 1078 910 Carm.
1096 876 1151 911 43.
1175 879 1202 912 l.
1220 880 1336 922 ibique
1361 879 1429 913 Fi-

786 921 924 956 scher.
974 927 1010 955 et
1046 922 1307 957 Schneider.
1356 926 1430 959 An-

785 967 990 1012 mcrkungen
1044 968 1125 1001 iiber
1165 969 1198 1004 cl.
1252 972 1430 1005 Anacreon

785 1025 819 1056 p.
854 1013 908 1048 61.
955 1014 1110 1057 Virgil.
1145 1015 1266 1059 Eclog.
1304 1018 1341 1052 V.
1373 1018 1427 1052 77.

785 1060 948 1102 Georgic.
965 1060 1024 1093 111.
1040 1070 1070 1094 v,
1091 1060 1167 1095 328.
1186 1063 1299 1105 ibique
1324 1063 1428 1097 Vos-

785 1106 894 1139 sium
935 1107 1010 1140 coll.
1052 1106 1214 1140 Beckio
1254 1108 1297 1141 ad
1344 1111 1429 1143 Avv.

785 1151 962 1194 Aristoph.
1001 1162 1031 1186 v,
1056 1151 1111 1185 39.
1166 1153 1287 1195 Itaque
1317 1155 1430 1189 faceta

785 1202 820 1231 et
843 1199 970 1230 urbana
999 1197 1162 1231 Socrates
1198 1201 1306 1232 utitur
1343 1201 1430 1234 dilo-

783 1244 857 1285 gia,
890 1244 944 1285 qui
979 1253 1055 1276 cum
1082 1243 1275 1278 Phaedrum
1308 1248 1431 1280 leniter

784 1289 892 1330 ridet,
924 1293 998 1321 tum
1035 1288 1152 1323 eadem
1185 1302 1291 1334 opera
1325 1294 1428 1326 etiam

784 1335 987 1367 suavissime
1020 1336 1170 1369 ostendit
1199 1348 1240 1370 ac
1265 1337 1430 1381 declarat,

781 1386 900 1414 natum
927 1391 1004 1414 esse
1029 1380 1199 1416 hominem
1226 1383 1269 1416 ad
1297 1395 1430 1418 sermo-

782 1437 862 1460 num
881 1427 1142 1470 generosiorum
1171 1433 1205 1461 et
1222 1430 1429 1465 nobiliorum

783 1483 881 1505 usum
930 1476 964 1505 et
1011 1475 1314 1517 consuetudinem
1361 1487 1431 1519 qua

783 1519 917 1561 quidem
980 1519 1111 1551 ratione
1172 1521 1430 1562 quodammodo

785 1564 952 1607 praeludit
976 1565 1037 1604 iis,
1064 1561 1152 1606 quae
1177 1566 1262 1600 infra
1288 1568 1332 1601 de
1356 1573 1430 1602 stu-

786 1610 841 1642 dio
868 1609 1008 1642 hominis
1034 1611 1150 1643 nativo
1167 1611 1314 1646 divinum
1332 1625 1430 1648 amo-

787 1666 858 1689 rem
884 1665 958 1688 cum
980 1656 1052 1688 aliis
1069 1659 1341 1692 communicandi
1368 1660 1430 1693 de-

786 1711 852 1743 que
901 1701 1081 1734 ‹lialectica
1129 1706 1167 1735 ut
1217 1709 1290 1737 arte
1330 1706 1431 1748 plane

787 1747 954 1780 amatoria
980 1747 1216 1790 disputaturus
1241 1754 1307 1784 est.
1357 1751 1429 1785 Sed

786 1792 869 1825 haec
894 1793 976 1825 satis
1001 1797 1102 1826 sunto
1135 1793 1178 1827 de
1202 1795 1316 1829 fabula
1343 1798 1430 1841 lepi-

787 1838 944 1879 dissima,
981 1839 1074 1871 cuius
1099 1840 1167 1872 vim
1192 1842 1429 1885 rationemque

785 1885 990 1927 interpretes
1020 1884 1108 1918 adeo
1145 1896 1210 1918 non
1242 1898 1429 1931 perspexe-

785 1934 883 1971 runt,
924 1935 961 1963 ut
999 1940 1067 1963 non
1099 1931 1203 1965 modo
1234 1934 1428 1968 universum

785 1976 856 2009 eius
881 1986 1018 2009 sensum
1045 1977 1138 2009 miris
1162 1978 1274 2012 modis
1293 1985 1431 2022 pertur—

785 2022 956 2063 baverint,
982 2022 1043 2055 sed
1069 2023 1170 2056 etiam
1199 2025 1351 2067 singulas
1377 2028 1430 2060 lo-

785 2068 836 2108 ci,
865 2068 1022 2109 quamvis
1055 2069 1157 2109 longe
1197 2070 1430 2112 sincerissimi,

784 2117 899 2156 partes
924 2117 1055 2147 temere
1071 2115 1338 2151 sollicitaverint.
1363 2117 1430 2150 Se-

783 2159 898 2201 quitur
922 2160 1000 2199 iam,
1027 2163 1066 2191 ut
1091 2161 1193 2192 etiam
1219 2162 1340 2203 paucis
1368 2173 1429 2196 ex-

784 2204 984 2247 quirendum
1019 2205 1082 2245 sit,
1116 2215 1280 2247 quaenam
1312 2207 1430 2241 dican-

785 2255 843 2283 tur
866 2249 1140 2292 ἀνδραποδώδεις
1174 2250 1308 2292 ἡδοναί,
1357 2253 1430 2288 Eae

785 2306 868 2329 vero
902 2299 980 2327 sunt
1019 2297 1284 2338 voluptates
1328 2310 1428 2332 cor-

785 2341 907 2384 poris
955 2342 1183 2383 vulgares,
1239 2344 1430 2378 liberali

787 2387 963 2420 homine
1003 2386 1228 2429 indignae,
1260 2393 1301 2423 et
1333 2401 1430 2433 par-

786 2433 859 2465 tim
885 2441 972 2464 cum
998 2431 1174 2465 doloris
1199 2436 1431 2470 societate

789 2477 1065 2512 coniunctae.
1098 2489 1131 2511 V.
1164 2479 1216 2513 De
1246 2480 1336 2524 Rep.
1365 2482 1428 2516 lX.

774 2535 820 2566 >p.
845 2522 921 2557 583.
951 2523 989 2557 B.
1015 2523 1144 2557 Phneb.
1167 2536 1199 2567 p.
1218 2525 1274 2562 31.
1298 2528 1328 2560 D
1353 2538 1428 2570 sqq.
1451 2518 1455 2522 ‘

787 2579 854 2610 quo
896 2570 971 2601 loco
1014 2569 1182 2603 subtiliter
1223 2571 1266 2605 de
1313 2573 1428 2606 mixtis

788 2624 863 2647 cum
896 2614 1017 2647 dolore
1051 2619 1085 2648 et
1118 2617 1298 2651 molestiae
1323 2629 1429 2653 sensu

788 2660 1017 2701 voluptatibus
1043 2661 1243 2703 explicatur.
1276 2665 1328 2698 De
1352 2675 1427 2698 voc.

786 2704 1054 2748 ἀνδραποδώδης
1089 2707 1138 2739 ita
1184 2708 1299 2752 posito
1338 2709 1428 2744 conf.

787 2751 896 2794 Legg.
922 2751 981 2785 lx.
1008 2762 1040 2793 p.
1064 2750 1143 2787 880.
1171 2757 1208 2788 A.
1234 2755 1292 2788 ubi
1316 2755 1428 2796 iungi-

1001 2807 1103 2847 10*
