1687 2969
479 156 562 179 ‚—
633 133 763 172 LXXXI
842 155 875 157 —

27 250 361 308 prudentissime
400 249 508 290 vitet
548 248 777 302 omniaque
817 246 1016 289 sollerter
1057 263 1107 290 ac
1161 246 1376 290 subtiliter

30 313 232 364 exponat,
264 312 408 348 tamen
437 305 507 347 vel
538 306 599 347 sic
621 304 728 346 nihil
758 305 801 346 in
823 303 1010 346 medium
1043 304 1196 346 afferre
1214 309 1374 361 potest,

29 364 146 420 quod
186 364 271 405 vim
302 363 459 409 habeat
488 363 532 408 in
563 361 873 404 commovendo
905 361 1048 402 animo
1080 368 1154 402 aut
1184 367 1370 404 mentem

28 421 83 466 ad
125 420 372 478 graviorum
410 435 551 461 rerum
590 418 910 460 meditationem
949 418 1160 460 traducat.
1219 418 1376 474 Longe

28 493 131 520 vero
174 477 258 522 alia
306 477 414 519 ratio
457 482 523 518 est
565 476 740 518 alterius
781 475 986 517 orationis
1027 475 1079 517 ab
1111 474 1264 516 eodem
1295 474 1378 517 So-

30 541 149 577 crate
180 534 368 587 habitae,
402 549 513 589 quae
545 533 597 576 ab
630 533 725 589 ipso
750 543 971 587 tamquam
993 531 1213 588 palinodia
1246 546 1377 586 quae-

31 591 130 633 dam
172 591 383 647 superiori
422 590 668 646 opponitur.
728 589 900 632 Etenim
932 589 1043 630 hanc
1069 588 1143 630 ubi
1173 587 1242 630 vel
1272 588 1377 629 levi-

31 656 95 690 ter
133 664 231 690 cum
276 647 360 689 illis
400 647 692 703 superioribus
735 646 1139 702 comparaverimus,
1171 645 1377 687 continuo

30 704 416 749 animadvertamus
454 718 634 745 necesse
674 709 752 757 est,
784 703 1055 759 propositum
1085 717 1179 744 esse
1208 702 1254 743 in
1283 702 1379 758 ipsa

29 762 248 818 perfectae
269 767 311 802 et
339 771 660 803 consummatae
676 775 811 817 prope
827 759 1099 815 eloquentiae
1119 759 1376 815 exemplum,

30 817 144 860 unde
196 833 284 859 non
333 817 462 860 modo
513 817 566 859 de
616 825 967 874 antegressarum
1017 816 1378 858 declamationum

31 876 170 933 pretio
209 873 417 917 iudicium
448 881 640 930 repetere
673 875 816 928 liceat,
858 889 1004 916 verum
1044 874 1172 914 etiam
1212 873 1378 930 perspi-

33 948 112 976 cue
142 931 430 988 intelligatur,
473 931 577 986 quid
609 931 796 986 denique
825 930 932 972 illud
963 931 1041 983 sit,
1074 929 1189 971 unde
1220 929 1377 972 oratori

32 1005 120 1031 non
158 987 287 1030 modo
326 989 430 1033 artis
459 988 553 1030 laus
593 988 671 1030 sed
701 988 829 1030 etiam
861 987 1033 1029 dicendi
1061 987 1127 1028 vis
1159 993 1201 1028 et
1231 986 1378 1028 effica-

33 1047 140 1088 citas
179 1044 378 1086 ducenda
419 1045 485 1087 sit.
552 1045 816 1101 Expressam
854 1045 965 1086 enim
1006 1045 1048 1085 in
1082 1059 1132 1085 ea
1163 1044 1377 1089 cernimus

31 1103 220 1159 speciem
260 1112 303 1143 et
341 1102 570 1158 imaginem
609 1102 739 1143 animi
779 1118 864 1143 non
907 1101 1080 1143 humilis
1123 1108 1166 1142 et
1205 1101 1376 1153 abiecti,

32 1175 121 1201 non
152 1174 294 1200 rerum
324 1158 671 1213 quotidianarum
701 1165 776 1200 aut
816 1159 963 1200 vilium
994 1164 1213 1213 tamquam
1244 1172 1378 1199 coeno

34 1215 231 1265 demersi,
262 1214 339 1257 sed
368 1216 514 1271 magni
544 1221 673 1270 atque
705 1216 830 1268 celsi,
872 1215 949 1257 sed
979 1230 1079 1256 vere
1111 1215 1211 1258 elati
1242 1220 1284 1256 et
1314 1213 1379 1255 di-

34 1272 196 1316 vinitus
226 1271 282 1313 ad
311 1287 477 1314 summa
504 1287 700 1329 quaeque
731 1272 962 1325 concitati,
997 1272 1070 1326 qui
1102 1271 1379 1327 quemadmo-

36 1329 137 1371 dum
175 1329 269 1384 ipse
309 1330 438 1372 sentit
466 1330 840 1386 magnificentius,
872 1329 934 1370 ita
964 1329 1093 1370 etiam
1123 1328 1239 1384 apud
1270 1328 1377 1371 alios

36 1385 261 1443 dignitatis
301 1392 344 1427 et
380 1387 690 1443 magnitudinis
733 1401 906 1428 sensum
961 1392 1003 1427 et
1053 1385 1379 1427 admirationem

34 1449 191 1485 movet.
267 1441 486 1496 Quocirca
529 1458 668 1485 sermo
712 1444 855 1485 verbis
885 1443 1000 1485 ultro
1042 1442 1096 1486 ad
1135 1458 1292 1496 rerum,
1325 1441 1379 1483 de

34 1500 190 1555 quibus
231 1500 401 1557 agitur,
447 1500 772 1557 amplitudinem
812 1499 1147 1545 accommodatis
1187 1515 1273 1541 non
1314 1504 1381 1541 est

32 1557 202 1601 ieiunus
233 1563 278 1598 et
306 1557 561 1614 languidus,
605 1573 691 1599 non
721 1557 894 1599 humilis
926 1572 975 1601 ac
1007 1556 1257 1612 depressus,
1290 1572 1380 1598 non

35 1613 222 1668 denique
253 1614 375 1658 exilis
402 1623 445 1655 et
472 1614 628 1668 inanis,
661 1613 737 1656 sed
766 1614 873 1655 uber
902 1623 946 1655 et
976 1614 1203 1669 copiosus,
1236 1613 1378 1667 celsus

35 1676 80 1711 et
118 1670 398 1726 magnificus,
444 1671 640 1713 sublimis
684 1677 727 1712 et
767 1670 978 1714 diviniore
1016 1670 1171 1726 spiritu
1208 1670 1378 1726 plenus,

34 1727 95 1768 ita
134 1733 184 1770 ut
222 1727 291 1768 vel
328 1727 372 1768 in
411 1726 743 1784 diligentissimo
786 1727 1015 1771 verborum
1054 1727 1225 1769 delectu
1262 1733 1306 1768 et
1334 1727 1380 1773 in

35 1783 244 1840 singulari
295 1783 481 1838 quadam
522 1784 830 1828 sententiarum
869 1784 1084 1841 elegantia
1130 1790 1172 1825 et
1223 1790 1380 1826 ornatu

33 1846 178 1887 tamen
222 1840 383 1895 ubique
427 1841 611 1883 emineat
658 1840 920 1884 admirabilis
960 1841 1090 1882 animi
1130 1841 1379 1898 ingeniique

34 1896 217 1953 altitudo
257 1904 385 1952 atque
430 1898 467 1940 is
510 1898 664 1940 mentis
706 1897 857 1951 ardor,
907 1898 982 1953 qui
1020 1898 1150 1942 nullis
1196 1913 1379 1953 usquam

34 1969 175 1995 rerum
204 1954 528 1996 tractandarum
546 1954 872 2000 difficultatibus
894 1960 969 1996 aut
985 1954 1228 1996 retardetur
1249 1961 1378 2010 atque

35 2010 251 2055 minuatur
289 2017 364 2052 aut
404 2012 577 2067 penitus
607 2012 916 2068 restinguatur.
976 2011 1146 2068 Nempe
1178 2017 1243 2055 est
1272 2013 1378 2054 haec

37 2067 235 2123 profecto
275 2068 340 2110 vis
383 2075 426 2110 et
453 2069 647 2125 potentia
677 2068 806 2112 animi
835 2068 1135 2124 philosophiae
1164 2069 1377 2111 beneficio

34 2124 196 2169 nutriti
235 2124 414 2180 eiusque
453 2126 606 2182 opibus
636 2126 763 2168 altius
796 2126 919 2179 elati,
960 2131 1030 2178 ut,
1069 2132 1234 2167 remota
1263 2126 1381 2182 cogi-

35 2180 246 2222 tationum
290 2182 503 2236 exilitate,
555 2183 647 2225 sive
687 2198 738 2224 ea
775 2183 828 2224 ab
878 2182 1117 2239 humilitate
1164 2182 1381 2224 sentiendi

38 2235 128 2278 sive
166 2238 220 2279 ab
262 2239 365 2281 artis
396 2239 565 2281 ieiunae
594 2239 798 2281 tenuibus
828 2254 878 2281 ac
909 2239 1034 2280 siccis
1064 2240 1382 2296 praeceptioni-

38 2292 119 2334 bus
148 2292 279 2336 ducat
308 2296 530 2352 originem,
564 2311 731 2352 semper
760 2297 1000 2340 orationem
1018 2295 1158 2350 pariat
1187 2312 1379 2352 gravem,

41 2348 256 2405 disertam,
272 2351 494 2409 dignitatis
514 2353 701 2409 plenam,
732 2352 963 2394 dummodo
993 2352 1268 2409 philosophia
1286 2354 1382 2410 ipsa

38 2405 108 2470 sit,
132 2405 245 2448 sicut
280 2408 559 2466 philosophia
588 2410 810 2464 Platonis,
843 2409 941 2453 viva
967 2408 1179 2464 quaedam
1210 2411 1381 2467 sapien-

37 2468 123 2507 tiae
152 2463 295 2526 nutrix
324 2472 453 2521 atque
482 2481 637 2522 parens
668 2482 808 2521 neque
832 2465 962 2511 aridis
995 2465 1266 2521 spinosarum
1294 2467 1383 2510 dis-

37 2524 308 2575 putatlonum
344 2522 527 2565 dumetis
566 2524 781 2565 conclusa.
842 2521 1133 2575 Quamobrem
1170 2525 1243 2569 vix
1271 2524 1383 2570 indi-

39 2582 135 2632 get,
181 2577 348 2633 opinor,
380 2579 768 2633 demonstratione,
807 2578 925 2634 quod
956 2580 1041 2622 iam
1082 2580 1194 2625 ultro
1234 2587 1381 2638 patere

39 2632 322 2687 arbitramur,
366 2651 460 2678 esse
499 2637 611 2684 hanc
651 2637 828 2683 alteram
868 2634 1061 2679 Socratis
1092 2639 1329 2681 orationem
1360 2655 1384 2680 a

40 2689 335 2744 superioribus
384 2693 648 2736 orationibus
689 2693 750 2740 ita
782 2692 1024 2746 diversam,
1081 2702 1130 2741 ut
1168 2711 1247 2752 per
1291 2711 1383 2737 eam

1082 2761 1118 2802 F
