1687 2969
400 178 640 217 GORGIAS.
671 178 714 215 P.
747 180 839 214 489.
872 180 964 214 490.
996 177 1054 214 ed.
1086 177 1142 214 St.
1368 177 1443 212 221

103 303 203 336 τους
232 287 266 329 δ’
296 289 520 341 ἄρχεσθαι
559 285 628 328 καὶ
655 285 785 326 πλέον
815 282 921 338 ἔχειν
950 285 1024 325 τὸν
1051 287 1236 337 ἄρχοντα
1265 286 1350 324 τῶν
1379 283 1449 335 ἄο-

104 351 309 407 χομένων.
347 359 474 394 τοῦτο
503 352 584 404 γάρ
612 367 684 404 μοι
711 351 849 398 δοκεῖς
878 351 1110 401 βούλεσθαι
1138 348 1274 402 λέγειν
1303 372 1352 377 —
1381 348 1451 388 καὶ

107 413 159 459 οὐ
190 417 355 472 ῥήματα
385 418 555 471 θηρεύω
590 442 618 446 ω
646 446 656 466 ,
701 416 734 456 εἰ
773 415 795 456 ὁ
835 410 893 462 εἷς
931 417 1017 455 τῶν
1045 416 1210 468 μυρίων
1239 415 1451 466 κρείττων.

109 484 246 523 ΚΑΛ.
280 476 414 523 Ἀλλὰ
453 478 565 523 ταῦτ’
609 479 720 521 ἔστιν
757 482 781 520 ci
810 478 931 532 λέγω.
961 487 1086 521 τοῦτο
1116 479 1197 532 γὰρ
1226 483 1343 533 οἶμαι
1371 478 1452 532 ἐγὼ

105 549 153 588 τὸ
174 547 342 588 δίκαιον
365 544 473 588 εἶναι
495 548 629 600 φύσει,
660 541 708 586 τὸ
730 546 878 597 βελτίω
899 547 1003 585 ὄντα
1032 544 1098 585 καὶ
1130 540 1454 598 φρονιμώτερον

105 611 176 654 καὶ
204 615 348 666 ἄρχειν
376 612 446 654 καὶ
473 610 603 652 πλέον
632 609 738 664 ἐχειν
766 613 852 651 τῶν
881 607 1171 662 φαυλοτέρων.

193 678 298 736 Cap.
329 679 468 721 XLV.
529 678 630 716 ΣΩ.
667 674 763 729 Έχε
799 674 850 729 ὀὴ
892 671 1038 716 αὐτοῦ.
1080 676 1118 715 τί
1159 689 1259 714 ποτε
1289 677 1343 714 αὐ
1372 677 1454 714 νῦν

107 743 260 798 λέγεις;
291 744 366 786 ἐὰν
388 744 433 786 ἐν
451 748 508 801 τῷ
531 742 646 800 αὐτῷ
678 746 800 798 ώμεν,
834 743 967 795 ὥςπερ
996 747 1092 792 νῦν,
1122 743 1270 783 πολλοὶ
1299 742 1451 795 ἁθοόοι

107 813 351 862 ἄνθρωποι,
396 825 467 851 και
505 809 608 863 ἡμῖν
644 807 671 862 ἦ
702 809 747 850 ἐν
775 815 906 862 nomo)
935 810 1068 850 πολλα
1096 809 1207 849 σιτία
1234 824 1303 849 και
1331 809 1454 853 ποτά

109 868 222 929 ὦμεν
250 875 293 916 δὲ
323 875 602 926 παντοδαποί,
633 874 675 916 οἷ
700 873 777 928 μὲν
806 875 982 928 ἰσχυροί.
1018 874 1059 915 οῖ
1087 874 1131 915 δὲ
1160 874 1366 924 ἀσθενεῖς,
1398 869 1455 921 εἷς

109 1032 139 1053 c.
162 1019 225 1053 20:
258 1019 318 1052 toz
350 1020 388 1053 δὲ
418 1019 521 1063 λόγον
552 1021 596 1052 αὑ
630 1018 674 1064 μὴ
707 1024 750 1051 τῶ
778 1018 902 1063 <immi
923 1032 988 1059 ιιοι
1015 1020 1129 1052 δίωκε.
1177 1020 1282 1061 Atqui
1307 1019 1457 1051 retundit

109 1067 163 1098 his
194 1067 307 1098 verbis
332 1066 489 1098 Socrates
522 1055 797 1098 criminationem
823 1066 993 1105 Calliclis,
1032 1067 1090 1107 qui
1115 1076 1191 1096 eum
1217 1065 1350 1096 dixerat
1375 1062 1455 1097 ὀνό-

109 1123 194 1150 ματα
214 1109 395 1153 θηρειέιν.
444 1110 661 1143 Probabilius
693 1122 772 1153 eigo
798 1111 961 1143 Badham.
987 1112 1021 1142 in
1048 1111 1257 1142 Schneidew.
1285 1110 1456 1151 Philolog.

109 1157 151 1189 X.
175 1167 206 1198 p.
233 1155 308 1189 729.
336 1154 475 1198 ρημάτια
501 1167 559 1198 pro
589 1154 718 1198 ῥήματα
742 1157 897 1188 coniecit.
946 1157 1090 1198 Respice
1115 1156 1175 1187 illa
1199 1167 1230 1197 p.
1255 1154 1331 1188 489.
1358 1156 1395 1187 B.
1418 1156 1454 1187 C.

177 1203 215 1233 B.
265 1201 410 1234 πολλοὶ
439 1198 624 1244 ἁθρόοι]
658 1200 787 1241 ἁθρόοι
812 1202 879 1242 vel,
911 1208 947 1233 ut
971 1203 1075 1244 vulgo
1102 1201 1279 1241 scribitur,
1311 1198 1453 1240 ἀθρόοι,

109 1248 190 1288 quia
222 1247 258 1278 in
287 1246 386 1278 libris
418 1246 532 1278 sedem
565 1247 675 1279 variat
706 1253 740 1279 et
770 1248 804 1278 in
830 1247 919 1279 Flor.
946 1259 977 1278 x.
1010 1248 1173 1279 omissum
1207 1251 1275 1287 est,
1305 1247 1345 1278 ab
1373 1246 1454 1278 Her-

110 1302 236 1325 manno
260 1296 297 1324 ut
321 1296 516 1334 suspectum
540 1293 640 1325 uncis
664 1297 810 1325 notatur.

112 1437 238 1458 omnes.
287 1426 387 1466 Quod
418 1437 461 1458 ne
492 1427 568 1468 quis
601 1428 635 1458 in
662 1424 750 1467 πρὸς

113 1470 171 1510 ἐμὲ
210 1472 410 1503 mutandum
450 1473 630 1504 arbitretur
672 1482 750 1504 cum

113 1517 379 1549 Heindorfio
391 1542 398 1556 ,
453 1517 637 1559 prohibent
682 1517 751 1548 loci

819 1425 974 1458 ciborum
1011 1428 1108 1468 copia
1138 1427 1173 1457 in
1206 1437 1312 1458 unum
1343 1427 1458 1458 locuni

819 1476 1041 1513 congeratur,
1089 1483 1175 1513 quae
1218 1473 1306 1504 inter
1342 1472 1458 1514 plures

819 1517 1056 1548 distribuenda
1075 1519 1129 1556 sit,
1144 1518 1215 1557 ille,
1230 1519 1288 1559 qui
1307 1519 1457 1549 ciborum

113 1561 268 1603 plurimi,
300 1563 336 1594 in
369 1563 492 1604 quibus
522 1562 603 1594 libri
634 1573 751 1594 omnes

113 1606 308 1639 encliticam
354 1608 565 1649 pronominis
607 1608 751 1639 formam

112 1657 190 1694 post
203 1653 472 1695 praepositiones
493 1653 648 1684 unanimi
673 1663 752 1685 eon-

114 1707 217 1729 sensu
263 1702 420 1738 tuentur,
467 1698 575 1730 veluti
613 1699 752 1730 Menon.

114 1753 146 1784 p.
179 1740 231 1775 79.
262 1743 298 1774 B.
346 1743 521 1785 Protagor.
552 1754 582 1785 p.
609 1741 685 1776 335.
711 1745 753 1775 A.

115 1787 287 1819 Charmid.
320 1798 351 1829 p.
383 1787 458 1820 153.
487 1789 525 1820 Β.
567 1788 665 1820 Conf.
698 1790 752 1820 Ia-

116 1832 228 1864 cobs.
252 1832 295 1865 ad
319 1833 505 1876 Antholog.
528 1833 637 1865 Palat.
663 1835 703 1865 T.
726 1834 751 1868 I.

116 1888 149 1920 p.
171 1878 317 1911 XXXII.
358 1879 605 1911 Buttmann.
636 1879 755 1910 Gram-

115 1927 195 1955 mat.
219 1923 320 1965 ampl.
346 1924 375 1963 ἓ.
401 1922 453 1956 72.
479 1924 561 1958 Obs.
587 1923 618 1956 3.
643 1929 710 1956 not.

162 1967 223 2000 ὅτι
281 1967 328 2000 σὺ
378 1966 509 2003 αὐτὸς
558 1966 753 2008 ὀνόματα

117 2012 271 2055 λέγεις]
297 2017 337 2045 te
360 2014 500 2055 ipsum
525 2025 688 2057 semper
712 2016 754 2046 in

117 2057 264 2090 verbis
294 2058 476 2090 haerere
508 2070 644 2101 neque
672 2071 755 2091 rem

118 2103 353 2145 explicare
401 2104 562 2146 Spectant
595 2105 682 2136 haee
713 2105 755 2137 ad

117 2148 205 2180 illud
251 2148 406 2180 Calliclis
459 2149 677 2191 opprobrium
724 2162 756 2192 p.

117 2191 196 2226 489.
218 2193 257 2226 B.

165 2236 382 2272 Πολλάκις
423 2236 504 2278 ἄρα
545 2235 609 2272 εἷς
650 2250 755 2280 φρο-

123 2286 210 2314 νιῦν
232 2283 294 2326 -]
328 2285 511 2325 Postquam
536 2285 655 2316 statuit
680 2285 756 2316 Cal-

121 2328 220 2359 licles
234 2339 302 2368 eos,
328 2329 386 2370 qui
410 2329 618 2361 meliores
644 2330 758 2371 appel·

121 2372 252 2412 lentur,
283 2373 526 2416 intelligendos
558 2385 631 2406 esse
668 2385 757 2416 pru-

122 2417 369 2458 dentiores,
414 2419 569 2451 Socrates
610 2431 652 2451 ne
693 2420 756 2451 hoe

122 2462 257 2503 quidem
303 2473 381 2495 cum
425 2465 485 2504 iis,
532 2474 619 2506 quae
657 2475 758 2506 supra

121 2507 291 2549 disputata
315 2509 400 2548 sint,
430 2510 614 2541 convenire
638 2510 759 2542 docere

122 2553 282 2584 instituit.
329 2554 415 2584 Nam
452 2555 481 2585 si
511 2555 758 2596 prudentiores,

123 2597 251 2638 inquit,
283 2598 325 2628 iis
356 2604 498 2630 utuntur
528 2599 627 2631 bonis
657 2605 758 2641 atque

123 2641 266 2682 iuribus,
290 2642 414 2683 quibus
438 2648 485 2682 tu,
511 2644 665 2680 Callicle,
692 2656 758 2676 me-

122 2687 224 2718 liores
258 2687 427 2718 ornandos
465 2699 538 2721 esse
573 2691 758 2729 arbitraris,

123 2737 242 2774 sponte
263 2734 491 2773 consequitur,
511 2739 557 2774 ut,
579 2735 758 2775 siquando

819 1568 976 1594 naturam
993 1563 1119 1604 optime
1135 1564 1305 1604 cognitam
1324 1563 1458 1602 habeat,

820 1608 921 1639 etiam
940 1609 1125 1639 maximam
1140 1608 1218 1639 inde
1237 1609 1368 1639 auferat
1393 1609 1458 1640 sibi

820 1654 1028 1695 portionem,
1065 1654 1221 1694 quamvis
1252 1664 1291 1685 ea
1319 1654 1459 1685 mininie

820 1698 982 1740 indigeat.
1030 1698 1158 1729 Eadem
1180 1699 1267 1730 ratio
1292 1704 1458 1730 sartorum

821 1745 884 1775 erit
914 1748 1014 1784 atque
1041 1749 1203 1775 sutorum.
1258 1744 1325 1784 Qui
1355 1755 1461 1786 quon-

821 1790 888 1820 iam
929 1789 1075 1820 vestium
1113 1788 1374 1830 calceorumque
1413 1790 1460 1821 fa-

822 1834 1019 1866 ciendorum
1050 1835 1248 1876 peritissimi
1282 1835 1460 1873 habentur,

822 1890 865 1911 ex
897 1885 955 1911 tua
985 1880 1157 1910 sententia
1189 1879 1255 1911 hoc
1286 1881 1370 1912 iuris
1395 1879 1459 1911 sibi

821 1925 998 1956 vindicare
1051 1929 1228 1966 poterunt,
1287 1933 1325 1957 ut
1377 1926 1460 1967 ipsis

822 1970 1088 2012 pretiosissimae
1121 1974 1233 2001 vestes
1257 1971 1460 2002 tribuantur.

869 2017 906 2047 P.
941 2014 1017 2047 490.
1083 2015 1163 2057 Cap.
1204 2016 1308 2047 XLV.
1370 2014 1461 2057 ’Έχε

826 2059 872 2103 δὴ
906 2059 1058 2102 αὐτοῦ]
1097 2060 1194 2092 Conf.
1222 2066 1336 2093 annot.
1363 2061 1405 2092 ad
1430 2072 1460 2102 p.

869 2151 907 2182 Β.
980 2151 1127 2181 πολλοὶ
1183 2148 1345 2190 ἁθρόοι
1398 2148 1462 2182 ἇν-

828 2194 1018 2237 θρωποι]
1052 2195 1156 2226 Recte
1187 2197 1223 2226 in
1256 2195 1329 2226 cod.
1356 2196 1462 2227 Paris.

826 2240 867 2271 ad
899 2251 929 2271 v.
963 2237 1091 2279 ἁθρόοι
1115 2240 1267 2272 additur:
1301 2238 1377 2272 ἀντὶ
1406 2244 1464 2272 τοῦ

825 2283 924 2323 ὁμοῦ.
995 2286 1247 2326 Saepenumero
1294 2286 1344 2317 sic
1390 2287 1464 2318 iun—

825 2334 953 2372 guntur
990 2330 1105 2361 πολλοὶ
1142 2328 1289 2371 ἁθρόοι,
1334 2331 1463 2363 multi

828 2376 907 2407 sim
919 2375 977 2406 ul:
1004 2385 1091 2416 quae
1109 2376 1255 2407 formula
1275 2377 1462 2408 cavendum

827 2425 878 2452 est
908 2431 950 2452 ne
982 2420 1193 2461 pleonastiea
1216 2420 1382 2454 habeatur
1406 2427 1465 2453 aut

827 2467 915 2497 inter
945 2475 1124 2496 numerum
1149 2477 1282 2507 eorum,
1314 2477 1402 2508 quae
1427 2466 1465 2498 ἐκ

828 2508 1043 2551 παραλλήλου
1063 2511 1152 2543 dicta
1177 2516 1266 2551 sunt,
1291 2513 1465 2544 referatur.

829 2556 927 2586 Conf.
965 2556 1017 2586 De
1056 2557 1137 2597 Rep.
1171 2557 1229 2588 VI.
1266 2567 1297 2598 p.
1324 2556 1402 2589 492.
1425 2558 1463 2588 Β.

828 2601 917 2633 Tim.
941 2611 972 2642 p.
998 2599 1050 2633 52.
1067 2601 1110 2632 D.
1146 2602 1361 2633 Demosth.
1388 2601 1465 2634 adv.

829 2646 909 2677 Mid.
936 2655 967 2686 p.
992 2644 1067 2677 557.
1093 2646 1143 2677 ed.
1162 2647 1294 2677 Reisk.:
1322 2647 1465 2679 πολλοὺς

828 2688 988 2730 ἁθρόους
1028 2688 1125 2729 ’ὑμῶν
1158 2689 1225 2729 ἅμα
1263 2690 1330 2734 ἐλᾷ.
1378 2691 1464 2723 Ibid.

827 2746 858 2776 p.
875 2734 957 2768 558:
985 2734 1018 2765 τὸ
1028 2748 1045 2765 ι’
1061 2735 1099 2767 δὲ
1120 2734 1291 2769 τοσοῦτοι,4
1316 2734 1464 2778 ἁθρόοις
