1687 2969
208 142 287 176 266
754 142 1013 179 PLATONIS

207 243 316 297 οἶδα,
347 248 409 296 τίς
438 246 550 288 ἐστιν
579 241 716 298 οὗτος.
778 251 909 290 ΚΑΛ.
958 250 1011 289 Τι’
1040 247 1109 298 δέ,-
1153 248 1433 301 Θεμιστοκλέα
1473 249 1552 290 οὐκ

206 312 376 360 ἀκούεις
404 313 540 365 ἄνδρα
579 313 750 366 ἀγαθὸν
788 315 994 367 γεγονότα
1033 329 1104 355 και
1136 314 1315 366 Κίμωνα
1343 312 1414 355 καὶ
1442 315 1552 353 Μιλ-

205 377 353 429 τιαὸην
381 377 451 418 καὶ
481 376 690 429 Περικλέα
717 380 890 420 τουτονὶ
926 381 1002 420 τὸν
1039 377 1189 419 νεωστι
1216 379 1551 431 τετελευτηκότα,

207 443 259 482 οὑ
287 443 357 482 καὶ
385 438 438 483 συ
467 458 674 496 ακηκοας,·
705 446 801 485 ΣΟ.
833 445 888 484 Ει
916 442 1001 484 ε’στι
1030 458 1101 496 γε,
1134 438 1166 484 ὦ
1197 444 1467 493 Καλλίκλεις,
1497 444 1552 497 ἢν

205 508 414 559 ποότερον
453 507 505 548 συ
534 506 669 561 ἔλεγες
707 510 882 562 άοετήν,
924 509 1105 562 ἀληθής,
1148 509 1196 549 τὸ
1224 509 1298 556 τὰς
1327 508 1553 561 ἐπιθυμίας

206 573 530 624 ἀποπιμπλάναι
559 574 626 614 καὶ
655 589 728 622 τας
758 574 891 614 αὐτου
927 573 995 614 καὶ
1025 573 1098 622 τὰς
1127 577 1212 614 τῶν
1240 576 1403 614 ἄλλων
1445 573 1480 614 εἰ
1508 571 1552 613 δὲ

206 636 260 691 μὴ
292 645 435 687 τοῦτο,
481 634 566 678 ἀλλ’
596 638 698 689 ὅπερ
729 637 774 678 ἐν
802 641 859 694 τῷ
890 637 1050 691 ὑστέρῳ
1079 639 1191 693 λόγῳ
1220 639 1551 692 ἠναγκάσθημεν

208 704 323 757 ἡμεῖς
351 703 588 757 ὁμολογεῖν,
622 704 685 745 ὅτι
715 705 758 744 αἳ
786 703 862 757 μὲν
891 706 976 744 τῶν
1002 703 1243 756 ἐπιθυμιῶν
1264 705 1552 758 πληρούμεναι

206 769 353 821 βελτίω
391 776 561 810 ποιοῦσι
598 770 673 810 τὸν
711 772 969 821 ἄνθρωπον,
1008 770 1164 817 ταύτας
1205 767 1281 822 μὲν
1319 769 1549 818 ἀποτελεῖν,

207 835 249 874 αἲ
289 833 333 874 δὲ
371 835 517 888 χείρω,
562 835 639 888 μή·
682 841 808 875 τοῦτο
848 833 892 875 δὲ
931 833 1054 888 τέχνη
1092 849 1153 882 τις
1182 830 1311 875 εἶναι·
1354 840 1551 875 τοιοῦτον

273 968 314 998 D.
342 969 463 998 τοῦτο
491 965 536 998 δὲ
562 965 687 1007 τέχνη
714 978 773 1000 τις
798 964 930 1010 εἶναι]
966 966 1086 999 τούτου
1113 967 1205 1000 editt.
1233 978 1350 999 omnes
1374 978 1483 1009 usque
1507 967 1550 999 ad

205 1016 374 1051 nostram3
413 1015 510 1043 τοῦτο
542 1011 658 1043 Clark.
690 1012 767 1044 Vat.
801 1013 905 1045 Coisl.
936 1013 1037 1044 Vind.
1071 1013 1103 1046 6.
1134 1014 1207 1045 Par.
1242 1013 1406 1044 CEFW.
1439 1017 1471 1044 et
1500 1023 1550 1054 pr.

205 1059 282 1089 Par.
314 1058 353 1089 Β.
384 1057 474 1088 Flor.
501 1067 530 1090 a.
555 1056 586 1087 b.
613 1067 641 1089 ο.
666 1057 696 1088 d.
722 1058 743 1089 f.
769 1069 795 1089 s.
820 1070 852 1089 x
885 1059 962 1090 Bas.
982 1057 1032 1098 2.,
1064 1058 1153 1099 quod
1177 1069 1285 1100 nuper
1309 1059 1410 1090 etiam
1433 1058 1550 1089 Herm.

205 1102 382 1144 amplexus
407 1108 466 1133 est.
514 1103 553 1133 In
579 1103 654 1133 Par.
679 1103 705 1133 Ι.
738 1107 836 1135 τοῦτο
863 1103 941 1135 dees
945 1109 966 1135 t.
1025 1104 1114 1135 Dein
1139 1104 1222 1145 ἔχεις
1246 1103 1359 1135 εἰπεῖι
1382 1114 1446 1135 om.
1471 1104 1549 1135 Vat.

206 1148 310 1180 Coisl.
334 1147 435 1178 vind.
460 1146 490 1178 1.
515 1146 544 1180 6.
570 1147 645 1179 Par.
670 1148 707 1179 B.
733 1159 780 1200 pr.
806 1149 934 1180 EFW.
959 1149 1049 1180 Flor.
1075 1160 1100 1180 s.
1126 1149 1148 1182 f.
1201 1149 1331 1190 Nempe
1354 1148 1408 1180 illi
1432 1149 1552 1180 distin-

204 1198 332 1236 guunt:
357 1192 538 1235 γεγονέναι
571 1189 632 1224 οὐκ
658 1193 719 1234 ε”χω
753 1194 860 1236 ἑγωγε
891 1197 962 1227 πῶς
987 1194 1096 1225 elam:
1128 1191 1195 1225 ἀλλ
1223 1192 1288 1225 ἐὰν
1313 1196 1412 1235 ,ζητῇς
1437 1206 1466 1225 κ.
1492 1205 1549 1225 ει-

208 1237 322 1281 1ήσεις
334 1249 340 1255 ·
367 1238 508 1276 ἴδωμεν.

273 1281 435 1315 οὑτωσὶ
461 1280 646 1325 ἁτοέμα]
674 1283 731 1314 sie
755 1283 982 1324 scribendum,
1007 1294 1071 1315 nee
1096 1294 1175 1315 vero
1190 1281 1352 1322 οὑ’·,τωσιτ
1379 1283 1470 1325 quod
1493 1284 1549 1316 hie

205 1335 239 1360 et
262 1329 351 1360 infra
374 1339 406 1370 p.
430 1328 506 1362 509
532 1328 571 1359 A.
605 1328 765 1360 nonnulli
796 1329 934 1362 habent
983 1330 1198 1370 Quamquam
1229 1330 1336 1360 Attici
1365 1330 1400 1360 in
1431 1329 1550 1361 formis

205 1374 241 1405 in
269 1384 300 1406 σι
327 1373 533 1406 exeuntibus
560 1375 579 1405 3·
616 1372 864 1413 ἐςτελκιᾛτικόι·
887 1385 962 1406 cum
992 1375 1063 1406 iota
1087 1374 1352 1406 demonstrativo
1383 1374 1553 1406 interdum

910 1503 1000 1535 unde
1049 1507 1199 1543 constat,
1248 1507 1318 1534 tum
1365 1502 1550 1544 prudenter

910 1549 1042 1580 monuit
1056 1549 1081 1580 C
1092 1547 1228 1580 asaub
1241 1558 1348 1581 onus
1368 1548 1410 1579 ad
1425 1548 1548 1580 Athen.

910 1596 950 1626 T.
983 1594 1043 1625 ΙΙΙ.
1081 1604 1113 1635 p.
1152 1592 1229 1626 235.
1269 1593 1320 1625 ed.
1358 1593 1548 1634 Schweigh.

911 1640 1070 1671 Diximus
1087 1639 1127 1670 de
1147 1639 1199 1670 his
1218 1639 1375 1680 Prolegg.
1394 1638 1474 1680 Cap.
1488 1639 1547 1669 IV.

957 1683 1016 1715 Ei
1040 1685 1133 1716 ἔστι
1157 1695 1204 1726 γε
1229 1703 1271 1707 -
1296 1681 1478 1726 ἀληθής]
1505 1683 1549 1715 Si

911 1729 1079 1770 quidem
1125 1740 1226 1760 vera
1273 1730 1419 1761 virtus
1473 1733 1548 1768 est,

911 1785 1035 1814 quam
1087 1777 1128 1805 tu
1176 1773 1300 1806 modo
1356 1773 1547 1805 dicebas.

909 1819 1038 1850 Eadem
1070 1824 1239 1851 structura
1270 1818 1395 1850 Phaed.
1430 1829 1460 1859 p.
1493 1817 1547 1852 88.

1000 1861 1017 1895 ὁ
1042 1861 1107 1905 γὰρ
1137 1862 1277 1903 σφόδρα
1309 1862 1461 1897 πιθανὸς
1486 1861 1546 1899 ὧν,

205 1504 255 1546 οι]
290 1515 361 1546 per
391 1514 513 1545 quem
539 1504 840 1536 Athenienses

205 1550 296 1581 diei
334 1550 506 1591 possint
546 1549 752 1581 meliores
786 1549 841 1580 fa-

205 1595 259 1626 cti
291 1606 394 1626 esse.
449 1595 627 1636 Loquendi
658 1605 767 1636 genus
799 1593 841 1625 ad

204 1640 347 1682 Apolog.
364 1640 491 1671 Socrat.
503 1651 534 1681 p.
545 1638 599 1672 38.
610 1640 647 1671 C.
658 1640 841 1681 explicavi.

250 1685 286 1716 C.
348 1684 701 1722 Θεμιστοκλέα
748 1697 765 1715 0
789 1682 841 1715 ι”κ

204 1727 380 1763 ἀκούεις
406 1729 466 1772 —-]
524 1731 691 1762 Praesens
739 1730 842 1760 huius

204 1775 300 1807 verbi
335 1775 375 1806 de
407 1775 550 1806 durante
582 1775 672 1806 fama
714 1775 769 1806 vel
801 1774 841 1805 de

205 1831 255 1859 eo⁷
281 1820 371 1861 quod
397 1820 472 1861 quis
497 1820 551 1851 vel
578 1831 679 1860 nunc,
706 1820 734 1850 si
760 1830 842 1851 non-

205 1866 284 1896 dum
316 1865 447 1896 audivit
470 1870 587 1905 antea,
628 1865 745 1896 audire
769 1869 842 1906 pot-
910 1865 961 1895 D:

204 1915 272 1949 est,
304 1921 368 1942 usu
392 1910 555 1951 loquendi
586 1910 654 1942 fere
678 1915 840 1951 perpetuo

204 1956 351 1997 ponitur.
378 1966 407 1986 v.
434 1955 658 1987 Heindorf.
693 1954 735 1985 ad
762 1955 793 1986 h.
818 1954 840 1985 l.

204 2000 353 2032 Matth.
407 2001 464 2031 Gr.
496 2000 596 2041 ampl.
638 2002 667 2039 §-
698 1998 773 2031 504.
810 1998 839 2031 2.

204 2046 333 2077 Eodem
372 2045 471 2076 modo
505 2044 620 2077 uis-em
651 2044 740 2085 apud
775 2045 841 2076 So-

205 2090 337 2133 phocl.
369 2090 549 2123 Philoctet
583 2101 614 2121 v.
645 2089 742 2128 261„
781 2089 841 2121 ubi

204 2147 235 2167 v.
262 2136 518 2173 Buttmann,
543 2132 842 2167 εῒπιτθάιεσθαι

204 2182 310 2223 Legg.
342 2182 368 2211 Ι.
400 2192 431 2222 p.
464 2180 539 2213 635.
564 2182 601 2211 B.
650 2181 705 2211 Sic
738 2180 840 2211 etiam

204 2226 321 2256 Latini
336 2226 490 2257 audire
511 2230 544 2257 et
565 2226 768 2266 accipere
793 2225 841 2255 di-

205 2276 302 2310 eunt,
340 2271 380 2302 de
414 2281 478 2311 quo
504 2281 569 2302 usu
600 2281 630 2304 v.
657 2270 841 2301 Heusin-

204 2327 286 2355 ger.
323 2315 363 2346 ad
402 2316 472 2347 Cic.
505 2315 604 2347 Offie.
636 2316 667 2355 Ι,
710 2314 745 2353 6,
788 2314 840 2346 19.

206 2360 439 2394 Gernhard.
480 2360 523 2391 ad
560 2360 653 2392 Lael.
688 2359 746 2397 10,
786 2358 840 2392 34.

206 2405 410 2436 Goerenz.
437 2405 478 2436 ad
504 2406 610 2447 Legg.
636 2406 678 2444 ΙΙ,
707 2404 760 2443 26,
786 2404 838 2436 64.

206 2450 335 2482 Corte
375 2449 418 2481 ad
456 2431 650 2489 Luea11.01‚
690 2448 766 2482 559
797 2468 839 2472 —

206 2496 256 2526 οἱ
284 2494 354 2527 καὶ
385 2505 432 2526 οι
458 2492 518 2525 α’κ.
543 2505 572 2525 v
599 2506 629 2536 p.
648 2494 725 2527 455.
742 2495 779 2525 Ε.
797 2513 841 2518 —

208 2552 280 2571 ῘΟΓ
308 2541 464 2571 Ιείθῦῖὶ
494 2551 840 2581 ISTEth'ltrruOta.

205 2586 316 2616 Voces
347 2595 502 2627 nuper,
537 2587 675 2622 νεωστί,
716 2585 840 2616 modo

206 2630 400 2669 brevius,
470 2629 591 2661 modo
661 2630 841 2672 longius

206 2680 374 2718 tempus
399 2675 634 2718 designare
660 2685 763 2716 quum
781 2675 842 2707 ali-

911 1907 952 1941 ὃν
977 1906 994 1940 ὁ
1015 1907 1202 1950 Σωκράτης
1228 1909 1319 1950 ἔλεγε
1342 1907 1455 1950 λόγον,
1485 1912 1549 1940 νῦν

910 1953 960 1986 ειζΙ
973 1951 1136 1985 ἀπιστίαν
1151 1953 1418 1985 καταπέπτωκεν.
1444 1954 1549 1985 Char-

910 1999 988 2030 mid.
1014 2010 1045 2040 p.
1071 1998 1146 2031 172.
1171 2000 1208 2030 B.
1240 1999 1380 2030 Theaet.
1414 2010 1446 2040 p.
1472 1997 1546 2031 157.

910 2045 948 2076 E.
974 2050 1006 2075 et
1030 2044 1186 2085 plurimis
1211 2044 1287 2075 aliis
1310 2043 1406 2076 loeis.
1438 2044 1548 2075 Priori

909 2089 1059 2121 membro
1090 2100 1158 2121 non
1191 2089 1309 2121 addita
1344 2095 1395 2120 est
1425 2089 1548 2130 apodo-

909 2135 974 2173 sis,
1006 2145 1109 2175 quam
1139 2135 1248 2166 omitti
1280 2134 1389 2166 solere
1413 2139 1549 2166 constat

910 2179 1138 2220 subsequente
1177 2180 1245 2211 alia
1283 2180 1454 2211 sententia
1494 2190 1547 2210 su-

909 2226 1033 2266 periori
1063 2235 1123 2267 per
1155 2224 1190 2255 εί
1220 2223 1257 2255 δέ
1286 2224 1341 2255 vel
1375 2223 1410 2255 εἰ
1440 2223 1478 2255 δὲ
1503 2223 1550 2266 μή

910 2271 1076 2311 opposita.
1117 2269 1159 2303 ef.
1197 2269 1352 2301 Matth.
1399 2270 1428 2308 §-
1470 2267 1547 2300 617.

909 2315 1114 2356 Plerumque
1145 2314 1294 2355 intelligi
1328 2314 1409 2345 lieet
1440 2315 1547 2346 καλῶς

910 2360 984 2400 ἔχει.
1032 2359 1085 2391 Ad
1110 2359 1195 2390 haee
1221 2365 1350 2390 autem:
1382 2358 1417 2390 εί
1441 2359 1479 2390 δὲ
1503 2356 1547 2400 μὴ

911 2408 1008 2436 τοῦτο
1038 2424 1082 2428 -—
1105 2406 1220 2445 χείρω,
1253 2402 1315 2446 μή,
1349 2414 1366 2435 e
1398 2405 1548 2445 superio-

909 2450 1003 2480 ribus
1040 2449 1301 2490 intelligendum
1342 2449 1546 2490 relinquitur

911 2498 1008 2525 τοῦτο
1032 2491 1161 2535 ἀληθές
1187 2493 1298 2531 ἐστιν,
1324 2495 1359 2525 in
1385 2504 1452 2535 quo
1476 2504 1545 2525 non

910 2544 960 2571 est
984 2539 1073 2580 quod
1097 2539 1248 2571 haereas.
1297 2540 1414 2580 Neque
1445 2539 1546 2571 etiam

909 2584 996 2615 illud
1020 2584 1170 2623 offendit,
1196 2584 1285 2625 quod
1308 2589 1386 2626 post
1407 2582 1457 2615 ὅτι
1473 2584 1547 2615 illa-

909 2634 963 2661 tus
977 2634 1027 2661 est
1038 2629 1230 2661 infinitivus
1239 2627 1426 2661 ἀποτελεῖν.
1440 2629 1546 2661 Plen'e

910 2675 1001 2707 enim
1025 2673 1204 2706 dicendum
1236 2675 1318 2706 fuit:
1355 2672 1545 2716 ὁμολογεῖν,
