1687 2969
224 167 274 200 26
695 164 1091 202 PROLEGOMENA

222 277 261 313 hi
291 289 442 327 quoque
473 277 593 314 solam
622 281 796 326 spectant
814 279 1062 327 voluptatem,
1092 279 1246 325 propter
1272 290 1379 314 suam
1398 278 1568 326 ipsorum

221 333 429 371 utilitatem
468 334 566 371 bono
607 334 757 383 publico
798 334 895 371 nihil
934 334 1175 371 consulentes
1215 333 1437 384 omniaque,
1475 347 1568 372 vera

222 390 364 427 civium
405 390 529 427 salute
567 391 761 438 neglecta,
803 392 850 427 ad
880 391 1158 427 iucunditatem
1197 403 1240 426 ac
1277 391 1569 428 delectationem

220 445 453 483 referentes?
484 448 525 483 P.
559 450 649 484 502.
680 448 724 484 Ε.
775 448 921 495 Nempe
952 451 1011 484 cst
1039 460 1129 484 sane
1161 447 1292 483 eadem
1322 447 1436 495 plane
1465 447 1568 484 illius

221 516 265 540 ac
293 503 417 551 poesis
446 503 555 540 ratio,
621 504 755 541 Monet
794 504 856 540 hic
887 503 1060 540 Callicles
1090 516 1172 540 0550
1200 507 1330 540 tamen
1358 503 1459 540 inter
1487 516 1568 540 ora-

219 562 321 597 tores
350 559 553 597 discrimen
583 561 912 598 constituendum:
943 560 1100 609 reperiri
1131 560 1232 597 0111111
1261 560 1362 597 111101
1389 560 1474 597 11105
1502 560 1568 610 qui

220 616 362 654 civium
393 616 506 654 saluti
546 617 790 665 prospiciant.
850 616 974 656 Quam
1012 616 1243 654 sententiam
1283 629 1437 665 prorsus
1469 629 1567 653 com-

219 674 355 721 probat
395 673 510 710 ctiam
541 674 724 710 Socrates.
794 674 868 710 Sed
908 686 1140 723 quamquam
1180 673 1323 721 duplex
1362 673 1569 711 rhetorices

219 742 340 777 genus
372 743 440 778 per
470 742 509 766 50
539 734 752 778 spectatum
783 729 945 766 discerni
975 735 1076 766 recte
1097 743 1206 778 posse
1227 729 1408 777 largitur,
1440 733 1569 767 tamen

218 786 412 823 neminem
441 799 611 835 unquam
643 786 807 823 Athenis
838 786 1032 824 exstitisse
1053 790 1242 823 oratorem
1272 786 1478 832 contendit,
1509 786 1569 823 cui

220 842 258 879 id
294 842 411 879 fuerit
439 842 693 890 propositum,
734 847 777 879 ut
816 842 1073 879 Athenienses
1114 843 1344 880 exsisterent
1382 843 1567 880 meliores.

219 900 259 936 P.
304 902 394 935 503.
425 901 471 935 A.
502 920 558 924 —
587 899 626 935 G.
699 900 826 936 solere
867 899 969 936 enim
1007 903 1194 943 oratores,
1246 913 1366 949 quum
1405 900 1570 936 debeant

219 955 353 1004 optimi
383 968 517 992 caussa
547 955 670 992 dicere
701 959 740 993 et
778 956 988 992 orationem
1026 969 1135 993 suam
1165 956 1211 992 ad
1242 955 1374 1004 optimi
1405 956 1569 1005 speciem

219 1024 456 1060 comparare,
499 1016 640 1049 temere
681 1013 799 1050 verba
838 1013 1019 1061 proiicere
1060 1025 1130 1050 nec
1168 1016 1339 1061 spectare
1369 1012 1426 1058 id,
1468 1013 1569 1062 quod

220 1068 345 1105 animo
385 1069 536 1105 laudem
576 1069 760 1106 bonitatis
803 1069 988 1105 conciliet.
1038 1070 1079 1106 P.
1115 1072 1205 1105 503.
1236 1069 1282 1105 D.
1314 1090 1369 1094 —
1400 1072 1490 1106 504.
1521 1070 1568 1105 A.

218 1126 317 1162 Nam
349 1126 669 1175 quemadmodum
689 1126 840 1174 opifices
871 1125 911 1162 in
942 1126 1107 1174 corporis
1137 1138 1227 1162 cura
1249 1129 1459 1170 versantes,
1489 1126 1569 1163 vel-

218 1182 274 1218 uti
314 1181 449 1218 medici
480 1186 519 1219 et
556 1182 726 1219 luctandi
755 1182 948 1230 magistri,
980 1182 1017 1218 id
1047 1182 1282 1231 propositum
1312 1183 1495 1227 habeant,
1527 1185 1571 1219 ut

219 1252 356 1287 corpus
386 1238 555 1276 ordinem
587 1240 777 1289 quendam
808 1244 846 1276 ct
876 1242 1072 1284 ornatum,
1104 1239 1175 1275 hoc
1205 1242 1263 1276 est
1293 1239 1499 1276 sanitatem
1527 1251 1571 1275 ac

218 1297 345 1341 robur,
376 1295 637 1342 nanciscatur,
668 1296 723 1333 ita
752 1296 809 1341 iis,
841 1295 906 1345 qui
937 1295 1064 1332 studia
1093 1299 1258 1332 tractent
1279 1297 1326 1332 ad
1358 1295 1570 1332 animorum

219 1353 364 1389 cultum
394 1352 645 1401 pertinentia,
686 1353 758 1389 hoc
787 1352 912 1401 ipsum
942 1352 1180 1401 propositum
1219 1365 1300 1389 0550
1331 1352 1487 1397 debere,
1527 1355 1572 1389 ut

218 1408 355 1445 animis
387 1409 611 1446 concilietur
640 1410 729 1445 ordo
761 1413 799 1446 et
830 1413 985 1446 ornatus
1016 1408 1192 1459 quidam,
1233 1409 1299 1459 qui
1340 1408 1378 1445 in
1422 1408 1570 1445 iustitia

219 1478 262 1502 ac
290 1465 545 1514 temperantia
585 1470 773 1503 cernatur.
839 1466 1006 1503 Tantum
1046 1468 1174 1502 autem
1213 1467 1364 1510 abesse,
1404 1468 1449 1502 ut
1487 1478 1569 1501 ora-

218 1526 320 1559 tores
352 1522 493 1559 civium
535 1522 679 1559 animos
722 1523 856 1558 haruin
889 1522 1079 1560 virtutum
1121 1535 1246 1558 amore
1276 1522 1471 1567 imbuant,
1513 1521 1571 1557 111-

219 1578 480 1616 continentiae
519 1592 610 1616 vero
650 1582 688 1615 et
727 1578 940 1615 iniustitiae
983 1578 1067 1614 odio
1107 1579 1299 1627 repleant,
1340 1583 1384 1615 ut
1413 1578 1570 1614 mirifice

219 1635 444 1682 indulgeant
463 1648 593 1672 eorum
615 1635 888 1683 cupiditatibus
908 1639 1151 1685 augeantspie
1175 1635 1282 1681 vitia,
1310 1648 1408 1685 quae
1428 1634 1573 1672 fuerint

220 1692 442 1739 castiganda
473 1695 511 1729 01
540 1691 791 1740 reprimenda.
823 1693 864 1728 P.
897 1695 988 1728 504.
1018 1693 1066 1728 A.
1096 1713 1152 1717 -—
1183 1695 1274 1728 505.
1304 1692 1346 1728 Β.
1374 1713 1429 1717 —-
1459 1692 1571 1728 Hanc

218 1762 309 1786 vero
339 1748 469 1785 iudicii
501 1748 748 1785 acerbitatem
780 1748 1001 1795 indignatus
1022 1748 1196 1785 Callicles
1226 1762 1265 1785 so
1294 1748 1457 1797 amplius
1487 1761 1572 1784 cum

219 1806 374 1842 socrate
405 1805 590 1842 disserere
621 1805 719 1843 velle
750 1808 876 1852 negat.
937 1805 1011 1841 Sed
1041 1818 1130 1840 mox
1169 1795 1212 1841 00
1253 1805 1389 1841 saltem
1424 1817 1571 1853 permo-

218 1866 343 1907 vetur,
374 1865 418 1899 111
447 1875 486 1898 50
516 1861 572 1898 1111
603 1862 739 1898 saltem
770 1861 1077 1898 auscultaturum
1104 1861 1352 1909 polliceatur,
1393 1860 1572 1898 videlicet

218 1931 267 1955 ne
306 1931 428 1954 sermo
468 1918 714 1966 imperfectus
754 1917 1006 1967 relinquatur.
1053 1918 1095 1954 P.
1129 1921 1219 1954 505.
1251 1917 1290 1954 C.
1320 1938 1376 1943 —
1408 1921 1497 1953 506.
1530 1918 1570 1954 G.

218 1996 274 2000 --
312 1975 451 2024 Itaque
492 1975 666 2011 Socrates
706 1974 783 2010 iam
822 1973 976 2010 Callicle
1015 1976 1172 2021 optante
1214 1974 1316 2010 solus
1359 1986 1571 2010 sermonem

217 2031 463 2081 persequitur
492 2031 655 2068 ulterius
686 2030 768 2079 ipse
798 2043 837 2066 se
868 2030 1107 2077 interrogans
1147 2029 1296 2080 sibique
1325 2030 1570 2078 respondens.

217 2088 432 2124 Prudenter
479 2100 570 2125 vero
610 2086 828 2123 summatim
874 2086 950 2123 iam
989 2086 1130 2134 repetit
1178 2100 1274 2136 quae
1324 2089 1437 2123 antea
1486 2099 1572 2122 cum

218 2143 373 2180 Callicle
404 2143 647 2180 disseruerat.
679 2143 895 2179 Iucundum
926 2146 965 2180 et
983 2143 1125 2179 bonum
1143 2142 1273 2190 igitur,
1303 2142 1440 2192 inquit,
1470 2142 1572 2180 inter

218 2213 258 2236 50
308 2199 473 2238 invicem
513 2200 665 2237 diversa
710 2204 819 2236 sunt:
880 2199 1089 2235 iucundum
1136 2212 1247 2247 porro
1296 2198 1385 2235 boni
1436 2211 1571 2236 caussa

218 2260 277 2293 051
304 2257 540 2293 faciendum:
572 2258 715 2293 bonum
744 2259 872 2292 autem
902 2255 997 2292 illud
1028 2259 1104 2301 est,
1145 2268 1219 2305 quo
1250 2258 1451 2303 praesente
1480 2255 1570 2292 boni

219 2313 437 2350 evadimus:
485 2312 574 2349 boni
613 2326 704 2350 vero
744 2325 895 2358 sumus,
947 2312 1098 2362 qnando
1138 2311 1262 2349 virtus
1302 2311 1411 2347 nobis
1451 2312 1569 2357 adest,

218 2382 316 2418 quae
355 2370 509 2419 quidem
549 2369 680 2406 ordine
723 2372 761 2405 et
800 2371 937 2405 ornatu
978 2364 1147 2420 (κόσμῳ)
1187 2367 1362 2404 efficitur.
1431 2369 1569 2418 Itaque

219 2424 390 2471 animus,
422 2425 487 2475 qui
517 2425 674 2463 virtutis
703 2425 892 2474 particeps
922 2428 1000 2469 est,
1040 2424 1133 2461 item
1163 2427 1221 2460 est
1248 2424 1346 2460 bene
1374 2424 1570 2461 ordinatus

219 2477 399 2530 (κόσμος)
440 2481 600 2531 ideoque
638 2487 855 2530 temperans
896 2476 1113 2532 (σώφρων).
1172 2480 1403 2528 Temperans
1442 2484 1571 2517 autem

220 2537 371 2574 animus
401 2550 447 2573 ea
474 2538 577 2584 facit,
608 2551 705 2588 quae
737 2542 775 2575 01
794 2551 884 2585 erga
905 2537 993 2573 deos
1025 2540 1064 2573 et
1093 2549 1183 2584 erga
1203 2536 1376 2573 homines
1396 2536 1571 2573 facienda

219 2597 321 2640 sunt,
350 2594 422 2630 hoc
452 2598 511 2630 est
539 2598 681 2640 sancta,
715 2594 779 2631 ubi
810 2595 856 2630 dc
887 2593 958 2629 diis
988 2593 1131 2640 agitur,
1164 2596 1278 2643 atque
1308 2593 1428 2639 iusta,
1470 2593 1570 2643 quod

221 2651 269 2687 ad
306 2650 480 2686 homines
519 2650 668 2687 attinet.
747 2650 851 2686 Talis
891 2652 1020 2686 autem
1058 2649 1224 2686 hominis
1264 2649 1414 2686 animus
1454 2649 1571 2686 etiam

220 2706 331 2744 fortis
362 2706 454 2744 erit:
485 2719 610 2757 neque
641 2706 742 2744 0111111
773 2706 846 2743 viri
876 2705 1125 2754 temperantis
1147 2709 1206 2743 est
1235 2706 1367 2743 cedere
1396 2706 1571 2754 volupta-
