1687 2969
506 82 747 122 GORGIAS.
778 84 821 121 P.
853 85 946 120 482.
978 84 1036 121 ed.
1069 84 1125 121 st.
1415 85 1490 119 195

142 190 286 269 γοίην,
309 190 379 231 καὶ
407 191 630 240 πλείστους
657 191 918 272 ἀνθρώπους
947 207 1003 245 μη
1033 191 1259 245 ὁμολογεῖν
1288 206 1372 244 μοιΊ
1403 185 1491 230 ἀλλ’
1527 192 1561 236 C

142 254 314 296 ἐναντία
341 255 478 309 λέγειν
507 259 670 310 μᾶλλον
698 256 723 310 ἢ
754 254 828 297 ἕνα
857 259 961 297 ὄντα
999 255 1067 309 ἐμὲ
1097 254 1264 309 ἐμαυτῷ
1293 255 1494 309 ἀσύμφω-

142 336 223 362 νον
252 316 359 362 εἶναι
388 321 459 362 καὶ
488 320 661 363 ἐναντία
688 321 837 375 λέγειν.

228 387 332 444 Cap.
365 388 630 430 XXXVIII.
693 391 826 430 ΚΑΛ.
850 380 904 428 Ὦ
934 388 1184 439 Σώκρατες,
1225 387 1365 435 δοκεῖς
1402 401 1493 428 νεα-

142 454 362 495 νιεύεσθαι
391 452 437 495 ἐν
464 458 554 503 τοῖς
581 455 724 508 λόγοις
753 454 810 502 ὡς
839 454 1010 505 άληθῶς
1040 453 1282 506 δημηγόρος
1311 454 1394 492 ὤν·
1426 452 1491 493 καὶ

142 523 238 560 νῦν
258 523 392 560 ταῦτα
423 519 676 572 δημηγορεῖς
712 519 870 560 ταύτὸν
898 518 1118 566 παθόντος
1150 517 1308 558 Πώλου
1337 518 1494 565 πάθος.

142 583 246 636 ὅπερ
276 584 465 637 Γοργίου
494 585 719 636 κατηγόρει
759 585 865 636 πρὸς
902 583 946 624 σὲ
975 586 1144 624 παθεῖν.
1186 580 1267 636 ἔφη
1297 584 1378 635 γάρ
1409 597 1494 623 που

145 649 332 702 Γοργίαν
362 648 636 702 ἐρωτώμενον
662 650 747 690 ὑπὸ
777 656 868 695 σοὺ,
906 648 979 690 ἐὰν
1008 648 1210 701 άφίκηται
1238 645 1330 699 παρ’
1363 649 1495 689 αὐτὸν

142 713 199 767 μὴ
230 713 505 768 ἐπιστάμενος
543 714 594 755 τὰ
633 715 774 756 δίκαια
816 715 838 756 6
867 713 945 768 τὴν
974 713 1205 767 ῥητορικὴν
1233 714 1495 766 βουλόμενος

143 783 315 832 μαθεῖν,
345 779 380 820 εἰ
407 780 559 829 διδάξει
591 780 724 820 αὐτὸν
753 779 776 820 6
808 780 1010 832 Γοργίας,
1049 780 1335 832 αἰσχυνθῆναι
1364 779 1496 819 αὐτὸν
1528 780 1567 820 D

143 844 210 885 καὶ
254 845 389 898 φάναι
427 844 613 894 διδάξειν
652 843 720 885 διὰ
759 845 806 885 τὸ
850 842 951 904 ἔθ’-(3.5
989 847 1074 884 τῶν
1115 845 1383 895 ἀνθρώπων,
1433 844 1495 885 ὅτι

212 997 523 1043 ἁναρμοστεῖν
549 1000 601 1043 τε]
635 1001 690 1032 Sic
728 1000 1022 1033 oor1.Heusdius
1056 1001 1258 1043 Spec.c1·.it
1284 1011 1316 1043 p.
1342 1000 1494 1042 321110-

144 1047 247 1078 bante
271 1046 472 1079 Heindorfio
504 1050 537 1078 et
568 1047 737 1078 Bekkeio.
784 1047 879 1078 Lib1i
911 1057 1028 1078 omnes
1063 1044 1286 1100 (Ξιαρμοστόι
1318 1058 1367 1082 τε,
1404 1046 1494 1088 quod

143 1092 233 1123 tueri
258 1096 401 1124 conatur
425 1092 632 1124 Winckelm
658 1092 700 1124 ad
725 1092 928 1134 Euthydem.
955 1103 986 1133 p.
1010 1090 1062 1124 73.
1088 1093 1178 1123 εἰναι
1202 1092 1410 1134 intelligens,
1436 1092 1493 1123 ubi

145 1142 259 1169 tamen
285 1137 516 1169 dissimillima
548 1137 710 1169 confudit
768 1138 919 1168 Veibum
954 1136 1204 1178 ἀιαριιοστεῖι,
1249 1148 1315 1178 quo
1353 1138 1495 1169 fmtasse

144 1183 265 1214 offensi
297 1187 377 1214 sunt
406 1183 475 1215 loci
507 1187 740 1224 corruptoiQes
772 1182 899 1224 legitur
928 1183 1031 1213 etiam
1066 1182 1151 1214 alibi
1184 1183 1273 1224 apud
1306 1182 1495 1221 Platonem,

143 1228 251 1260 veluti
275 1228 470 1270 Sophist.p
473 1226 582 1261 ,253.
606 1229 647 1260 A.
673 1227 749 1260 261.
775 1228 813 1260 G.
837 1229 943 1270 Legg
970 1228 1026 1259 IV.
1053 1238 1084 1269 p
1106 1227 1180 1260 718.
1207 1228 1243 1258 B.
1269 1229 1321 1259 De
1346 1229 1427 1269 Rep.
1454 1228 1493 1259 V

143 1284 173 1314 p.
200 1271 276 1305 462.
301 1273 359 1314 Α.,
392 1239 481 1314 quops
500 1273 593 1305 locos
624 1273 694 1305 iam
718 1273 833 1305 attulit
858 1272 1255 1305 Heind01fius.Astius
1281 1269 1371 1304 εἶναι
1397 1274 1494 1305 traie-

144 1322 235 1350 ctum
259 1322 385 1360 putans
411 1319 496 1350 coni.
524 1315 747 1359 ἀνάρμοστόν
772 1330 805 1350 τε
830 1314 918 1349 εἶπαι
943 1318 997 1350 καὶ
1025 1317 1117 1357 διαφ.

211 1363 254 1395 D.
280 1363 323 1395 εἰ
356 1362 530 1404 διδάξει
564 1361 751 1395 (11τοΙὸ
780 1362 837 1406 Γ.]
888 1362 1019 1403 διδάξω(
1053 1363 1158 1395 Coisl.
1190 1364 1275 1394 Ven.
1311 1363 1382 1395 ΞΣ.
1417 1364 1494 1395 Pa1.

144 1408 314 1440 BCVW.
340 1409 430 1440 Flor.
456 1419 486 1440 a.
513 1418 540 1440 c.
566 1420 608 1441 11].
636 1408 785 1440 vindob.
812 1408 841 1440 1.
866 1407 896 1440 2.
922 1408 952 1441 6.
979 1407 1010 1440 7.
1035 1408 1132 1440 Bodl.
1158 1415 1191 1440 et
1215 1419 1300 1440 corr.
1327 1409 1402 1440 Vat.
1428 1408 1494 1440 Sed

143 1457 236 1485 reete
261 1464 296 1485 se
320 1453 446 1486 habere
471 1453 698 1486 indicativum
723 1454 830 1485 futuri
854 1454 909 1485 vel
934 1453 1058 1485 exinde
1084 1458 1187 1495 patet,
1213 1454 1302 1495 quod
1329 1453 1392 1485 ἐὰν
1411 1451 1493 1493 ἀφί-

144 1510 237 1540 κηται
261 1499 426 1541 scriptum
450 1502 510 1540 est,
536 1510 605 1531 non
631 1498 666 1531 εί
688 1496 859 1539 ἀφίκοιτο.
887 1500 973 1530 conf.
988 1499 1114 1541 Reisig.
1142 1499 1238 1533 Coni.
1254 1499 1358 1531 Arist.
1372 1510 1402 1541 p.
1417 1498 1495 1531 226.

145 1633 296 1665 historic.
334 1643 368 1675 p.
408 1631 484 1666 373.
526 1633 569 1665 ad
608 1633 783 1665 Plutar.ch
901 1634 941 1665 D.

145 1679 268 1713 Mora]
294 1679 334 1710 T.
359 1678 384 1710 Ι.
409 1677 538 1725 [1137.
563 1678 613 1711 ed.
629 1679 693 1713 Ox
719 1680 785 1711 De-

998 1633 1302 1675 αἰσχυνθῆναι
1350 1646 1370 1664 α
1384 1631 1400 1665 ι’»
1414 1632 1493 1675 τόν]

855 1679 992 1710 Poterat
1024 1679 1133 1711 omitti
1164 1677 1279 1710 αὐτόν.
1337 1679 1402 1711 Sed
1427 1681 1495 1711 usi-

145 1723 224 1755 inde
250 1690 450 1776 δημηγόρον
474 1719 564 1756 εἶναι
597 1724 653 1756 vel
680 1723 785 1766 δηιιη-
855 1728 925 1756 tata
964 1728 1015 1755 est
1046 1725 1171 1755 Atticis
1213 1735 1322 1765 neque
1360 1725 1495 1767 ingrata

144 1772 268 1811 γορεῖπ
285 1770 421 1811 propiie
439 1774 490 1802 est
514 1770 787 1809 concionari,

145 1815 389 1846 orationem
415 1814 599 1855 habere,
625 1819 658 1846 et
682 1825 784 1856 oppo-

144 1860 237 1891 nitur
261 1863 307 1891 τιῦ
332 1858 566 1903 διαλέγεσθαι,
599 1863 637 1892 ut
668 1861 785 1892 Prota-

144 1916 215 1947 gor.
241 1915 273 1946 p.
285 1894 373 1937 336.
399 1906 437 1936 Β.
493 1905 559 1937 Sed
590 1906 626 1936 in
660 1906 785 1937 malam

145 1954 274 1991 partem
299 1949 423 1981 dicitur
447 1950 512 1990 sic,
548 1954 587 1982 ut
622 1951 666 1982 sit
697 1951 785 1982 rhe-

146 1999 283 2027 torum
307 2005 418 2027 more
439 1995 620 2037 copiose
638 1995 784 2027 dicere

145 2041 469 2072 ostentationis
511 2050 671 2072 caussa
718 2051 783 2072 ne—

146 2096 225 2126 que
266 2086 308 2117 in
341 2084 531 2117 dicendo
563 2096 711 2117 verum
746 2090 787 2116 et

146 2130 259 2162 utile
299 2135 520 2172 spectare,
561 2131 630 2162 sed
671 2131 787 2162 audi-

147 2176 311 2207 entium
356 2176 548 2218 gratiam
605 2179 784 2217 captare

147 2223 188 2251 et
232 2220 406 2252 inanem
452 2220 677 2253 orationis
723 2231 787 2252 au-

147 2266 298 2306 cupari
320 2265 681 2298 delectationem.
696 2266 786 2298 conf.

145 2310 236 2341 infra
281 2320 313 2352 p.
352 2309 429 2343 502.
475 2311 513 2343 C.
545 2312 587 2343 D.
635 2309 711 2343 519.
743 2312 786 2342 D.

147 2355 289 2387 Theaet.
321 2365 352 2396 p.
387 2354 462 2388 162.
496 2357 538 2389 D.
572 2357 623 2387 De
648 2357 729 2397 Rep.
760 2356 786 2387 I.

146 2397 508 2442 ρ.350.1).-ταύιὸ
524 2413 541 2431 71
567 2399 787 2434 παθόντος

151 2444 212 2482 sk,
257 2449 488 2487 postquam
526 2446 633 2477 Polo
679 2445 788 2478 idem

146 2489 334 2530 accidit,
374 2489 484 2532 quod
517 2490 789 2531 querebatur

147 2535 338 2577 Gorgiae
383 2535 606 2567 accidisse
645 2539 787 2568 tecum

146 2580 409 2612 disserenti.
471 2581 667 2621 Respicitur
690 2581 731 2612 ad
756 2592 787 2622 p.

144 2623 221 2658 461.
246 2625 295 2665 Β,
319 2629 357 2656 ut
380 2626 535 2667 proxima
559 2626 692 2657 docent.

855 1769 1012 1810 repetitio
1037 1769 1181 1801 subiecti
1216 1780 1275 1811 per
1306 1780 1493 1811 pronomen

857 1812 970 1847 αὐτός.
1003 1825 1034 1846 v.
1065 1814 1107 1846 ad
1140 1815 1256 1857 Symp.
1286 1826 1318 1856 p.
1354 1814 1428 1847 195.
1454 1816 1495 1847 A.

855 1860 994 1891 Theaet.
1021 1859 1095 1892 155.
1120 1860 1158 1892 Ε.
1192 1860 1336 1892 Phaedr.
1362 1871 1393 1902 p.
1418 1859 1493 1892 269.

855 1905 896 1936 Α.
928 1905 1153 1936 Schaefer.
1187 1905 1229 1936 ad
1261 1905 1299 1937 L.
1332 1906 1410 1937 Bos.
1442 1907 1494 1937 De

854 1950 975 1991 Ellips.
1015 1961 1047 1991 p.
1086 1949 1139 1982 23.
1174 1950 1263 1982 Ast.
1303 1950 1345 1982 ad
1388 1950 1494 1992 Legg.

854 2006 885 2036 p.
922 1994 972 2027 lO.
1018 1995 1296 2036 Bernhardy.
1351 1995 1494 2037 Syntax.

855 2051 884 2081 p.
919 2038 994 2071 290.
1057 2040 1222 2072 Similiter
1260 2041 1377 2072 Latini
1416 2041 1495 2072 scri—

855 2089 968 2127 ptores
1019 2085 1072 2125 iS‚
1121 2085 1190 2116 hic
1229 2089 1261 2116 et
1298 2085 1379 2117 ille
1419 2091 1495 2127 post

856 2140 979 2162 nomen
1004 2129 1256 2161 substantivum
1281 2131 1441 2162 inferunt.
1463 2142 1495 2162 v.

854 2176 1012 2206 Manut.
1039 2175 1081 2206 ad
1107 2175 1215 2207 Cicer.
1233 2176 1341 2217 Epist.
1367 2176 1409 2207 ad
1432 2177 1495 2207 Fa-

855 2219 941 2251 mill.
966 2220 1042 2259 VII,
1065 2218 1119 2252 26.
1145 2221 1249 2260 XIII,
1274 2220 1327 2253 28.
1353 2225 1386 2253 et
1410 2232 1495 2263 quos

859 2265 978 2296 laudat
1031 2265 1387 2298 Drackenboroh.
1453 2267 1495 2298 ad

856 2311 932 2342 Liv.
958 2310 1067 2350 XXV,
1091 2309 1145 2349 27,
1171 2310 1201 2342 1.

902 2353 962 2386 ὅτι
1001 2352 1299 2397 ἀγανακτοῖεν
1343 2353 1408 2389 c't'l'.
1456 2357 1499 2387 εἴ

859 2412 917 2433 τις
942 2397 991 2439 μὴ
1019 2400 1067 2443 φ]
1086 2401 1160 2432 weil
1181 2401 1227 2432 sie
1242 2400 1390 2441 mamillas]
1404 2402 1495 2432 sein

856 2457 884 2476 w
893 2448 916 2476 7’7'
926 2456 943 2475 7·
953 2445 975 2476 d
985 2455 1000 2476 e
1010 2456 1141 2484 warenn
1151 2446 1243 2478 einer
1254 2456 1286 2477 68
1296 2445 1492 2487 οιὶσῖιΐεαριθ.

858 2490 939 2521 Alia
963 2490 1048 2521 foret
1082 2493 1270 2531 sententia,
1304 2491 1333 2521 si
1365 2488 1409 2521 ἄν
1441 2490 1494 2521 de-

858 2535 1075 2567 sideraretur.
1111 2547 1142 2568 v.
1182 2537 1407 2567 Hermann.
1453 2536 1493 2567 ad

858 2581 970 2622 Viger.
997 2591 1027 2622 p.
1054 2579 1115 2612 741
1136 2592 1205 2622 seq.
1231 2585 1263 2611 et
1288 2582 1427 2622 Poppo
1455 2581 1496 2612 ad

858 2626 1013 2666 Xenoph.
1040 2625 1163 2667 Cyrop.
1189 2627 1215 2665 Ι,
1240 2625 1271 2661 3,
1297 2624 1349 2656 13.

1159 2691 1229 2723 131ξ
