1687 2969
386 118 798 162 PHAEDRUS.
833 121 881 162 P.
916 123 997 164 262
1029 121 1092 165 St.
1329 127 1405 168 161

43 236 348 293 (ἐπικτωμένοις
382 239 519 290 δῆλον
553 235 611 287 ως
648 235 697 282 τὸ
743 236 901 289 πάθος
925 242 1058 283 τοῦτο
1097 239 1151 284 δι’
1192 239 1401 297 ὁμοιοτή-

49 322 133 347 των
169 307 301 347 τινῶν
335 302 547 363 εὶςεῤῥύη.

149 384 281 427 ‹DAL
349 385 554 438 Γίγνεται
590 383 701 436 γοῦν
735 380 888 433 οὕτως.

145 461 252 504 ΣΩ.
309 457 457 505 ’Έστιν
494 454 575 504 οὖν
611 458 729 510 ὅπως
762 460 955 516 τεχνικὸς
1002 465 1122 506 ἔσται
1160 466 1400 521 μεταβιβά-

46 531 132 581 ζειν
166 527 281 571 κατὰ
316 526 500 584 σμικρὸν
535 526 606 571 διά
643 530 732 570 τῶν
756 525 1032 583 ὁμοιοτήτων
1052 528 1142 573 ἀπὸ
1167 534 1246 574 τοῦ
1267 530 1400 585 ὄντος

45 593 251 639 ἑκάστοτε
286 598 354 639 ἐπὶ
390 593 654 638 τούναντίον
690 593 890 649 ἀπάγων,
924 594 951 649 ἢ
988 594 1124 648 αὐτὸς
1144 601 1278 642 τοῦτο
1303 602 1398 644 δια-

44 660 231 721 φεύγειν,
267 661 290 706 ὁ
327 661 387 719 μὴ
425 658 659 718 ὲγνωρικὸς
691 659 713 705 ὃ
755 666 871 706 ἔστιν
906 668 1091 709 ἕκαστον
1116 667 1204 709 τῶν
1231 663 1398 723 ὅντωνς

146 742 277 784 ΦΑΙ.
349 739 410 784 Οὐ
446 738 628 797 μήποτε.

142 819 249 864 ΣΩ.
316 818 478 873 Λόγων
513 815 602 875 ἄρα
639 822 803 874 τέχνην,
836 813 867 861 ὦ
905 824 1072 877 ἑταῖρε,
1108 819 1130 864 ὁ
1169 819 1250 875 τὴν
1284 821 1394 876 ἁλή-

44 889 182 930 θειαν
216 885 276 944 μὴ
312 886 453 937 εἰδώς,
503 885 633 938 δόξας
667 888 711 929 δὲ
748 887 1026 945 τεθηρευκώς
1068 891 1244 941 γελοίαν
1279 889 1395 942 τινά,

44 953 101 1006 ὡς
135 958 255 1006 ἔοικε,
290 956 363 998 καὶ
391 951 576 1010 ἄτεχνον
611 952 856 1012 παρέξεται.

142 1033 273 1077 ΦΛΙ.
339 1028 609 1076 Κινδυνεύει.

145 1109 256 1172 Cap.
290 1108 440 1154 XLV.

509 1110 614 1154 ΣΩ.
682 1110 844 1154 Βούλει
881 1104 983 1162 οὖν,
1033 1117 1079 1154 ἐν
1124 1114 1183 1166 τῷ
1222 1114 1394 1156 Λυσίου

44 1176 183 1235 λόγῳ,
227 1176 279 1222 ὃν
323 1181 490 1238 φέρεις,
534 1180 607 1221 καὶ
657 1184 702 1221 ὲν
751 1176 815 1228 οἷς
850 1176 970 1234 ἡμεῖς
1007 1179 1184 1234 εἴπομεν
1217 1181 1324 1222 ἰδεῖν
1355 1197 1394 1224 τι

44 1240 105 1290 ὧν
137 1248 285 1307 φαμὲν
319 1243 504 1301 ἄτεχνόν
538 1262 582 1288 τε
618 1248 690 1288 καὶ
725 1248 930 1301 ἔντεχνον
967 1243 1106 1300 εἶναι,-

137 1373 261 1405 ἕσται
293 1374 636 1420 μεταβιβάζων]
672 1376 711 1409 V.
735 1376 993 1420 μεταβιβάζων,
1027 1376 1121 1419 quod
1146 1387 1254 1419 nuper
1278 1388 1296 1410 e
1323 1377 1395 1410 Ga-

47 1419 128 1452 leno
155 1419 199 1452 de
223 1419 388 1463 Hippocr.
415 1425 449 1454 et
473 1422 609 1457 Platon.
640 1422 769 1455 decret.
793 1423 852 1457 IX.
878 1435 910 1465 p.
935 1423 1013 1457 331.
1037 1428 1140 1465 atque
1165 1423 1265 1456 codd.
1289 1424 1394 1466 pluri-

45 1465 111 1497 mis
134 1470 336 1499 correctum.
365 1467 463 1501 Bodi.
489 1471 524 1500 et
550 1468 624 1502 Vat.
650 1469 886 1511 μεταβιβάζει,
911 1469 1001 1510 quod
1027 1473 1062 1502 et
1086 1471 1195 1511 ipsum
1219 1470 1398 1502 confirmat

46 1510 257 1548 infinitivum.
304 1513 388 1545 Dein
420 1517 502 1546 vett.
536 1513 630 1546 editt.
665 1514 713 1545 δι’
749 1513 983 1557 ὁμοιοτήτων,
1019 1515 1111 1556 quod
1143 1514 1267 1548 habent
1295 1515 1397 1550 codd.

46 1557 240 1598 paucissimi
265 1567 378 1599 neque
401 1558 422 1590 ii
447 1559 577 1600 optimi.

140 1601 158 1634 ὁ
186 1602 239 1645 μὴ
267 1603 532 1646 ἐγνωρικώς]
560 1605 639 1638 Bas,
665 1603 699 1638 2.
726 1615 801 1637 cum
827 1605 1025 1639 ZDNOP.
1051 1605 1160 1639 Florr.
1187 1617 1218 1640 σ.
1243 1606 1274 1640 h.
1298 1606 1397 1642 vind.

1185 1633 1206 1649 t>

50 1646 84 1681 4.
109 1648 142 1682 7.
164 1660 199 1681 α.
223 1648 380 1690 ἐγνωκώς,
407 1649 499 1691 quod
528 1661 593 1692 ego
620 1661 685 1682 non
710 1651 901 1693 praeferam
928 1652 1086 1693 vulgatae
1112 1653 1259 1684 lectioni-

140 1694 179 1728 C.
228 1693 355 1732 δόξας
381 1694 422 1727 δὲ
447 1695 755 1740 τεθηρευκώς]
782 1696 822 1731 V.
848 1696 1067 1741 τεθηρακώς,
1099 1697 1191 1739 quod
1218 1697 1336 1732 EEF.
1364 1703 1399 1732 et

49 1739 146 1782 pauci
170 1739 226 1772 alii
250 1744 377 1775 tenent.

49 1831 159 1864 ritatis
189 1831 453 1874 investigatione
492 1838 689 1866 constanter

48 1875 216 1920 θηρεύειν
244 1877 380 1919 posuit3
420 1888 520 1920 quam
553 1880 584 1911 in
616 1889 690 1912 rem

49 1923 114 1955 iam
132 1923 188 1956 alii
204 1923 383 1955 laudarunt
402 1924 545 1957 Theaet.
561 1936 594 1967 p.
615 1925 689 1960 198.

49 1970 90 2003 Α.
115 1980 148 2011 p.
163 1967 240 2003 200.
258 1972 299 2001 A.
326 1969 477 2012 Sophist.
502 1970 632 2013 p.-222.
651 1975 690 2005 A.

49 2013 181 2048 Phileb.
206 2025 239 2057 p.
265 2014 320 2049 20.
346 2015 387 2049 D.
420 2016 528 2059 Gorg.
553 2028 586 2060 p.
611 2017 690 2051 489.

50 2059 92 2094 B.
116 2065 149 2103 ρ’.
163 2059 242 2095 490.
265 2063 305 2095 A.
330 2070 361 2094 V.
386 2060 690 2103 Wyttenbach.

51 2105 116 2148 Ep.
142 2106 225 2140 Crit.
257 2117 291 2148 p.
317 2106 348 2141 5.
381 2107 424 2139 ad
459 2107 632 2143 Phaedon.
659 2120 691 2151 p.

54 2151 128 2186 155.
162 2152 326 2186 Heusd.
361 2152 508 2194 specim.
540 2155 625 2187 Crit.
657 2165 690 2196 p.

50 2196 106 2231 88.
124 2197 330 2232 Boisson.
349 2198 391 2231 ad
402 2199 690 2242 Philostr.p.418.

95 2265 272 2308 γελοίαν
315 2266 406 2299 τινὰ
443 2287 486 2291 —
523 2268 693 2312 παρέξε-

50 2311 144 2354 ται]
171 2311 274 2344 Hunc
297 2323 400 2346 usum
428 2314 521 2346 verbi
550 2316 693 2356 παρέχε-

50 2359 141 2388 σθαι
176 2357 393 2391 illustrabunt
427 2370 517 2401 quae
557 2360 695 2402 collegit

49 2401 350 2490 gpstqenbach.
383 2404 426 2437 ad
458 2405 635 2440 Phaedon.
662 2417 693 2448 p.

97 2515 138 2547 ἓν
169 2509 238 2554 οἷς
270 2515 398 2559 ἡμεῖς
429 2519 635 2563 εἴπομεν]
662 2519 694 2553 h.

52 2573 83 2597 e,
108 2560 166 2593 καὶ
189 2562 224 2593 ἐν
247 2561 406 2604 τούτοις,
431 2561 451 2594 ἃ
479 2563 576 2607 ἡμεῖς
600 2568 695 2597 εἵπο-

52 2620 124 2651 μεν.
170 2607 224 2640 De
256 2607 321 2641 hoc
346 2618 409 2640 usu
432 2611 695 2652 praepositionis

53 2654 90 2685 ἐν
115 2653 261 2686 diximus
293 2653 339 2686 ad
365 2654 554 2698 -Rempubh
578 2657 636 2692 lll.
662 2668 696 2700 p.

112 2765 201 2800 Plat.
226 2767 316 2810 opp.
347 2767 421 2801 voi.
449 2767 505 2802 lv,
530 2768 570 2802 P.
599 2769 621 2802 ι.

803 1827 854 1867 οἷν
878 1835 1019 1878 φαμὲν
1050 1834 1238 1875 ἄτεχνόν
1262 1847 1307 1867 τε
1331 1835 1403 1867 καὶ

760 1881 957 1921 ἔντεχνον
983 1880 1116 1924 εἶναι]
1147 1886 1215 1913 Aut
1239 1878 1401 1924 3183611-

759 1925 858 1967 dum,
907 1930 965 1958 aut
1011 1937 1086 1959 cum
1137 1926 1401 1960 Heindorfio

759 1971 974 2005 scribendum
998 1971 1145 2013 ἀτέχνων
1173 1984 1210 2005 τε
1232 1973 1288 2013 na}
1312 1975 1402 2005 ἔντε’-

758 2030 845 2057 χνων
871 2017 976 2059 εἶναι,
1010 2019 1101 2059 quod
1127 2029 1211 2051 sane
1234 2019 1356 2051 veliem
1382 2029 1400 2051 a

760 2063 934 2097 codicibus
959 2069 1051 2096 esset
1075 2064 1332 2098 communitum.
1364 2064 1401 2096 ln

760 2120 798 2142 re
823 2109 926 2142 dubia
958 2110 1119 2142 librorum
1144 2110 1326 2142 lectionem
1351 2110 1402 2142 in-

761 2159 887 2187 tactam
912 2155 1104 2196 relinquere
1122 2156 1312 2187 consultum
1338 2154 1401 2187 du·-

760 2201 890 2240 ximus,
924 2201 1125 2242 praesertim
1160 2211 1262 2241 quum
1293 2210 1402 2242 nuper

763 2246 974 2286 exstiterint,
1013 2246 1069 2286 qui
1108 2247 1279 2287 vulgatam
1318 2246 1403 2278 scri-

762 2296 898 2334 pturam
960 2290 1182 2323 defenderent
1242 2292 1308 2332 sic,
1365 2296 1405 2324 ut

762 2339 795 2370 in
852 2347 893 2369 ea
925 2340 1117 2369 statuerent
1161 2337 1404 2371 attractionem

762 2382 999 2424 imperfectam
1032 2382 1132 2416 cerni.
1189 2384 1404 2426 Quamquam

765 2430 911 2462 alterum
943 2427 1018 2460 talis
1048 2430 1261 2461 attractionis
1287 2440 1406 2462 exem-

759 2476 874 2517 plum,
908 2473 999 2515 quod
1029 2473 1166 2515 quidem
1193 2480 1323 2509 certum
1349 2476 1406 2529 sit³

760 2522 890 2553 nullum
946 2529 1088 2560 usquam
1142 2525 1320 2563 repertum
1368 2522 1406 2553 iri

762 2566 983 2605 arbitramur,
1013 2569 1052 2597 ut
1086 2576 1161 2599 eam
1187 2568 1285 2608 plane
1310 2577 1407 2599 com-

763 2611 958 2644 menticiam
984 2621 1063 2644 esse
1086 2612 1335 2645 existimemus.
1362 2630 1408 2636 —-

764 2657 900 2699 ψιλῶς
923 2668 1019 2698 πως,
1042 2656 1073 2690 h.
1099 2668 1129 2690 e.
1156 2659 1323 2700 exemplis
1347 2657 1409 2690 de-

767 2703 890 2743 stituti,
915 2705 951 2735 nt
974 2703 1050 2745 ipse
1072 2703 1326 2746 interpretatur.

1065 2760 1111 2799 11
