1687 2969
572 155 613 160 —
684 134 800 172 LXVII
872 155 911 160 —

71 256 160 292 tum
196 249 252 291 ad
292 247 483 291 studium
514 248 749 304 sapientiae
780 263 804 290 a
837 246 896 289 ud
926 246 1034 293 alios
1066 244 1341 290 excitandum
1371 251 1415 286 et

68 305 397 363 propagandum
427 304 597 347 habeat.
657 304 746 349 Sed
777 320 799 347 c
819 304 933 346 arius
964 302 1091 344 etiam
1121 301 1229 344 illud
1257 300 1414 344 exinde

69 363 341 420 perspicitur,
382 361 514 417 quod,
546 361 647 404 licet
676 362 721 404 in
759 377 810 403 ea
848 359 1090 417 gravissimi
1120 359 1279 414 quique
1316 359 1414 400 uni-

72 435 220 463 versae
249 418 551 477 philosophiae
577 418 677 467 loci,
708 417 910 460 assumtis
943 416 1072 458 etia-m
1107 415 1410 458 reconditioris

71 476 310 531 doctrinae,
332 475 540 532 imprimis
559 475 894 532 Pythagoricae,
926 473 1096 529 opibus,
1129 472 1413 525 illustrentur,

72 540 216 576 tamen
253 533 396 576 onmia
435 539 564 587 atque
602 532 774 589 singula
813 531 1000 585 denique
1040 545 1089 571 eo
1121 528 1249 571 inodo
1283 545 1415 585 expo-

73 591 159 632 sita
198 606 293 633 esse
330 589 626 646 reperiuntur,
664 595 712 631 ut
742 588 797 630 ad
826 588 913 630 vim
942 592 1226 641 naturamque
1258 586 1413 628 amoris

72 647 320 704 philosophi
348 646 694 703 patefaciendam
725 661 775 688 ac
795 642 1099 686 declarandam
1117 642 1414 685 sollertissime

72 710 322 760 comparata
359 703 457 745 sint.
534 702 634 756 Quo
683 701 857 758 quidem
892 700 1064 743 nomine
1094 700 1278 756 primum
1320 699 1417 740 dili-

72 768 225 817 genter
263 759 690 802 animadvertendum
730 765 818 813 est,
865 757 984 813 quod
1024 756 1080 798 ad
1116 757 1178 798 rei
1207 756 1416 798 iudicium

72 817 311 874 regendum
349 823 466 860 certe
496 833 585 866 non
613 833 767 873 parum
796 814 1000 858 momenti
1031 814 1156 868 facit,
1199 813 1344 855 statim
1371 813 1416 855 in

71 875 285 931 principio
325 874 532 917 orationis
569 890 612 930 p.
655 874 750 916 244.
791 873 842 914 B.
882 887 944 927 sq.
991 870 1186 913 exhiberi
1216 870 1307 913 eius
1338 870 1415 924 rei,

73 931 127 974 de
169 947 254 986 qua
282 947 421 974 sermo
450 933 622 973 iuturus
654 931 732 983 sit,
765 928 1075 972 accuratiorem
1106 927 1414 981 definitionem,

74 987 425 1043 quandoquidem
456 1004 575 1030 amor
605 988 826 1030 subiectus
859 1001 954 1027 esse
991 984 1207 1027 iudicatur
1236 984 1414 1026 furori

75 1046 236 1099 divino,
268 1045 344 1099 qui
376 1049 484 1099 θείᾳ
513 1051 668 1099 μοίρᾳ,
701 1043 890 1085 divino
923 1057 1173 1095 munere,
1216 1041 1296 1096 (de
1328 1057 1414 1096 quo

74 1119 114 1145 v.
155 1102 210 1143 ad
247 1101 473 1144 Phaedon.
512 1118 554 1157 p.
587 1102 654 1143 85.
687 1100 737 1143 C.
768 1100 825 1142 D.
857 1098 923 1141 ed.
955 1099 1016 1153 3.)
1055 1098 1308 1140 mortalibus
1340 1098 1416 1140 ob-

72 1159 240 1215 tingere
288 1158 440 1201 soleat.
511 1158 746 1200 Enimvero
788 1156 953 1198 indicat
992 1156 1052 1197 ibi
1098 1161 1241 1197 orator
1271 1155 1415 1198 verbis

74 1215 349 1269 clarissimis,
387 1215 500 1257 hanc
527 1215 665 1270 ipsam
706 1229 795 1255 rem
833 1228 950 1267 esse,
991 1213 1034 1253 in
1076 1226 1161 1267 qua
1188 1212 1417 1254 trac-tanda

74 1272 215 1316 omnis
254 1282 480 1314 versatura
518 1272 655 1313 oratio
699 1271 769 1313 sit.
835 1270 927 1312 Iam
969 1285 1071 1311 vero
1108 1269 1227 1323 quod
1256 1268 1416 1312 deinde

73 1347 116 1386 p.
149 1330 244 1372 245.
275 1327 326 1371 C.
357 1353 412 1360 --
443 1330 538 1371 246.
569 1329 626 1370 A.
659 1328 897 1369 animorum
937 1326 1256 1382 sempiternitas
1294 1325 1417 1369 duci-

74 1388 156 1430 bus
191 1386 508 1443 Pythagoreis,
552 1384 606 1427 de
652 1385 809 1440 quibus
859 1401 900 1425 v.
943 1382 1052 1425 Cic.
1094 1383 1224 1425 Tusc.
1267 1383 1302 1424 I.
1346 1386 1412 1426 17.

75 1444 224 1499 ibique
251 1443 439 1485 Davis.
472 1443 570 1485 coll.
600 1441 827 1485 Phaedon.
858 1457 899 1497 p.
935 1442 1028 1483 100.
1059 1440 1116 1482 A.
1148 1465 1203 1471 —
1236 1441 1330 1482 107.
1359 1441 1416 1483 A.

74 1501 146 1543 De
184 1500 310 1564 Rep·.
334 1500 398 1565 X,
433 1516 475 1556 p.
517 1501 613 1541 611.
653 1500 709 1541 A.
748 1513 842 1553 sqq.
873 1498 1014 1554 Legg.
1052 1498 1109 1540 X.
1139 1514 1181 1554 p.
1214 1498 1310 1540 893.
1341 1498 1416 1552 A.,

74 1573 129 1600 ex
166 1573 341 1613 proprio
388 1572 578 1612 ipsorum
616 1563 738 1598 motu
779 1555 1119 1608 demonstratur,
1169 1555 1289 1596 nullo
1326 1555 1418 1597 fere

73 1614 251 1671 negotio
282 1613 538 1670 intelligitur
564 1612 768 1670 prudenti
801 1611 982 1654 consilio
1022 1611 1107 1653 hoc
1143 1611 1420 1667 potissimum

20 1718 22 1721 ¹
75 1670 410 1713 immortalitatis
432 1676 734 1727 argumentum
753 1668 966 1710 delectum
987 1683 1098 1722 esse,
1120 1668 1281 1724 quippe
1300 1668 1419 1724 quod

77 1727 376 1784 disputationi,
415 1726 460 1768 in
491 1742 577 1781 qua
607 1726 660 1768 de
698 1726 834 1768 libera
864 1726 1104 1767 animorum
1134 1725 1224 1767 vita
1254 1731 1298 1767 et
1327 1726 1420 1782 agi-

76 1785 241 1827 tatione
283 1784 449 1841 agitur,
496 1784 626 1840 longe
671 1783 728 1825 sit
773 1783 1243 1825 convenientissimum.
1320 1783 1419 1826 Nec

76 1857 181 1885 vero
213 1841 444 1884 obscurum
474 1846 563 1895 est,
595 1855 802 1896 quorsum
830 1840 1066 1896 pertineat,
1100 1839 1218 1894 quod
1247 1856 1289 1896 p.
1322 1841 1420 1882 246.

77 1901 134 1942 A.
163 1913 258 1953 sqq.
289 1898 419 1940 animi
458 1897 524 1939 vis
564 1903 608 1939 et
637 1902 812 1950 natura,
851 1895 1090 1939 secundum
1119 1896 1420 1954 Pythagoreo-

77 1971 173 1998 rum
209 1955 488 2008 sententiam,
540 1954 593 1997 de
645 1969 731 2009 qua
777 1954 981 2010 Prolegg.
1023 1953 1079 1995 ad
1117 1953 1228 1996 Tim.
1269 1971 1310 2010 p.
1351 1955 1418 1996 52.

76 2027 171 2068 sqq.
210 2018 254 2054 et
283 2010 525 2054 Comment.
556 2011 613 2053 ad
647 2011 758 2053 Tim.
788 2027 828 2068 p.
859 2012 925 2052 69.
958 2009 1009 2052 C.
1034 2011 1092 2052 D.
1125 2012 1422 2067 exposuimus,

78 2085 132 2112 ex
159 2075 281 2125 parte
310 2069 526 2123 rationali,
557 2070 817 2124 λογιστικῷ,
849 2066 1097 2121 iracundia,
1152 2071 1347 2120 ι’νίνμικῷ,
1378 2075 1422 2110 et

79 2125 332 2182 cupiditate,
365 2127 694 2179 ἐπιθυμητικῷ,
724 2125 965 2181 composita
985 2130 1115 2178 atque
1136 2125 1285 2166 nativa
1315 2140 1425 2179 qua-

81 2182 178 2225 dam
187 2198 328 2224 rerum
341 2182 585 2225 divinarum
603 2182 869 2239 appetitione
880 2182 1115 2233 instructa,
1139 2181 1253 2238 bigis
1276 2182 1421 2224 currui

80 2239 195 2282 alato
224 2240 382 2282 iunctis
419 2255 518 2283 cum
545 2240 696 2296 auriga
726 2254 805 2281 suo
837 2243 1122 2294 comparatur,
1155 2238 1217 2279 ita
1247 2238 1422 2293 quidem

83 2301 147 2349 ut,
186 2296 314 2339 sicuti
350 2296 436 2338 iam
481 2296 771 2339 Plutarch.
813 2295 1011 2349 Quaestt.
1049 2294 1162 2336 Plat.
1202 2312 1245 2352 p.
1298 2297 1420 2338 1008.

84 2352 318 2395 rectissime
355 2352 590 2407 iudicavit,
635 2368 842 2408 equorum
882 2367 960 2408 par
987 2351 1237 2394 iracundiae
1275 2359 1318 2394 et
1347 2368 1421 2395 cu-

84 2407 299 2464 piditatis,
339 2410 490 2467 auriga
521 2416 664 2451 autem
694 2409 873 2451 rationis
903 2414 1046 2464 partes
1076 2407 1256 2464 habeat,
1289 2424 1422 2464 quum

85 2465 178 2506 alae
207 2465 406 2508 curriculi
436 2466 491 2508 ad
522 2466 848 2509 similitudinem
879 2465 949 2507 vel
970 2480 1171 2507 curruum
1195 2466 1419 2520 alatorum,

87 2521 244 2576 quibus
264 2520 324 2562 dii
345 2523 408 2564 uti
432 2523 720 2566 credebantur
738 2524 798 2578 (v.
837 2523 948 2564 Vos
962 2537 981 2564 s
1007 2522 1257 2580 Mytholog.
1275 2523 1421 2565 Briete

86 2579 138 2620 T.
170 2577 205 2622 I.
234 2594 276 2634 p.
310 2580 403 2621 195.
444 2595 538 2635 sqq.
582 2580 643 2622 ΙΙ.
714 2612 723 2621 .
764 2581 832 2620 71.
872 2593 967 2634 sqq.
1007 2578 1283 2635 Bottiger.
1330 2580 1422 2621 Va-

86 2633 349 2691 sengem'ald.
388 2635 488 2678 Vol.
519 2637 555 2679 Ι.
587 2636 638 2679 P.
695 2637 731 2679 I.
757 2652 802 2692 p.
839 2637 932 2678 104.
964 2636 1088 2691 sqq.)
1132 2636 1202 2677 vel
1230 2636 1418 2679 vehiculi

84 2690 358 2734 Parmenidei
414 2692 555 2746 (Rell.
621 2710 660 2735 v.
725 2693 777 2734 10
822 2692 945 2748 sqq.)
1003 2693 1220 2735 informati
1291 2700 1419 2746 atque

1054 2760 1091 2801 Ε
1133 2761 1153 2782 ..
