1687 2969
474 182 545 219 AD
576 180 818 219 GORGIAM
848 181 1116 218 PLATONIS.
1421 184 1471 217 39

123 308 282 332 munera
301 294 454 344 publica
473 294 788 332 administraruut
799 293 849 340 ἴῃ>.
897 293 1128 330 Huiusmodi
1159 296 1287 331 autem
1307 292 1474 330 civitatis

123 351 288 389 ministri
318 365 437 403 quum
465 352 592 388 minus
622 355 777 399 possent
806 351 1034 387 auctoritate
1071 364 1139 387 sua
1170 363 1299 397 regere
1332 349 1473 386 civium

123 410 297 454 turbam,
328 412 455 458 spreta
484 408 651 453 iustitia,
693 407 967 455 temperantia,
1011 407 1265 452 continentia,
1307 406 1471 456 denique

123 465 289 511 virtute,
330 465 440 502 unice
480 465 517 501 id
558 465 808 505 studuerunt,
850 467 891 500 ut
922 476 984 500 eos
1014 464 1257 512 voluptatum
1285 462 1473 499 illecebris

126 521 333 559 delinirent
370 522 518 571 sibique
548 520 728 571 obsequio
759 519 1091 566 conciliarentffis').
1150 518 1339 559 Quoniam
1377 532 1467 556 vero

124 578 165 614 in
195 578 315 615 libera
342 578 536 627 republica
566 581 647 614 erat
677 576 942 622 necessarium,
974 581 1017 613 ut
1047 576 1111 626 qui
1143 576 1287 626 aliquid
1310 575 1472 612 auctori-

124 634 216 672 tatis
247 647 289 671 ac
318 634 518 682 dignitatis
558 634 619 671 vel
650 633 828 683 consequi
859 634 920 670 vel
961 633 1134 669 obtinere
1164 632 1300 677 vellet,
1340 632 1372 668 is
1402 632 1471 668 im—

125 690 256 740 primis
287 697 408 727 artem
437 690 584 727 dicendi
624 703 696 726 usu
726 695 763 727 et
803 689 1076 726 exercitatione
1116 689 1188 726 sibi
1225 693 1470 736 compararet,

126 747 361 785 exstiterunt
402 747 477 784 illis
506 746 740 795 temporibus
782 746 881 784 inter
911 746 1100 794 sophistas
1140 745 1204 795 qui
1244 759 1319 781 non
1349 745 1470 781 solum

125 804 396 852 profiterentur
425 816 464 841 se
493 803 605 852 ipsos,
636 816 886 853 quaeeunque
926 816 985 839 res
1018 802 1166 839 infinite
1206 802 1328 850 posita
1360 806 1471 845 esset,

124 861 170 897 de
201 873 246 897 ea
275 860 419 906 dicere,
450 861 515 897 sed
547 860 662 897 etiam
692 860 775 896 aliis
806 860 951 896 dicendi
984 863 1021 896 et
1052 872 1137 895 cum
1165 859 1305 907 populo
1335 858 1471 905 agendi

124 916 347 954 facultatem
385 916 579 966 impertire
607 930 718 965 posse
749 916 932 953 iactarent
942 916 1042 961 ⁷'·'''‘'='‘²'=²).
1102 917 1273 955 Quorum
1302 915 1471 952 virorum

125 973 263 1019 studia,
294 973 365 1010 etsi
395 973 526 1010 multis
547 973 718 1022 partibus
742 973 948 1009 laudabilia
967 974 1135 1017 fuerunt,
1165 975 1294 1009 tamen
1324 971 1469 1009 civitati

125 1030 367 1067 Athenarum
416 1043 606 1066 summum
646 1029 859 1067 attulerunt
908 1029 1190 1066 detrimentum.
1268 1028 1474 1065 Excitabat

126 1086 227 1123 enim
257 1100 320 1123 eos
350 1086 569 1124 ambitionis
598 1087 840 1133 magnitudo,
881 1099 978 1136 quae
1016 1099 1144 1122 omnes
1173 1085 1388 1130 invaserat,
1428 1089 1473 1122 ut

122 1146 325 1192 praecepta
355 1142 447 1180 artis
477 1155 553 1179 non
584 1143 631 1179 ad
651 1143 807 1180 virtutis
827 1143 1023 1188 rationem,
1056 1143 1120 1179 sed
1151 1142 1197 1178 ad
1219 1141 1472 1191 cupiditatum

123 1200 402 1248 turpitudinem
432 1200 755 1237 accommodarent
767 1199 813 1246 †).
873 1198 1057 1239 Quocirca
1096 1212 1177 1235 sese
1207 1198 1383 1235 dicebant
1417 1198 1471 1234 di-

125 1256 285 1306 sciplina
313 1269 383 1293 sua
410 1255 449 1293 id
479 1256 700 1301 effecturos,
732 1262 794 1301 ut,
826 1256 889 1306 qui
920 1256 988 1292 illa
1017 1255 1075 1292 usi
1106 1259 1252 1301 essent,
1294 1255 1318 1290 ii
1352 1255 1389 1291 in
1422 1254 1471 1291 ci-

125 1313 246 1351 vitate
275 1313 562 1350 dominarentur
592 1312 803 1363 ceterisque
834 1314 1083 1361 imperarent;
1120 1311 1311 1361 perveniri
1343 1315 1471 1348 autem

125 1383 168 1407 eo
197 1382 307 1418 posse
337 1369 622 1407 arbitrabantur
651 1369 721 1415 sie,
753 1374 796 1407 ut
826 1370 891 1420 qui
921 1369 1069 1406 dicendi
1095 1369 1316 1406 facultatem
1344 1373 1472 1405 essent

126 1426 319 1464 consecuti
350 1439 395 1463 ea
424 1427 471 1463 ad
503 1427 728 1475 captandam
758 1427 877 1475 plebis
907 1426 1070 1474 gratiam
1101 1439 1143 1462 ac
1163 1425 1472 1463 benevolentiam

127 1482 457 1530 abute1·entur††).
516 1481 589 1519 His
629 1483 803 1519 omuibus
843 1483 960 1531 igitur
999 1489 1120 1520 artem
1150 1482 1301 1519 civilem
1330 1482 1473 1531 pariter

127 1543 242 1590 atque
261 1539 489 1576 rhetoricam
511 1539 657 1576 censuit
678 1539 844 1577 evasisse
864 1539 1067 1588 pravitatis
1087 1539 1313 1576 ministram.
1344 1538 1472 1578 Quum

127 1609 217 1633 vero
247 1601 409 1646 utraque
438 1600 517 1633 tam
547 1600 648 1633 arcto
678 1595 831 1634 vinculo
870 1596 1047 1643 colligata
1086 1600 1123 1633 et
1159 1608 1331 1632 coiniexa
1361 1601 1472 1641 esset,

126 1657 170 1690 ut
200 1653 319 1690 altera
350 1652 508 1689 alterius
539 1652 683 1688 auxilio
712 1653 877 1689 maxime
907 1653 1105 1700 indigeret,
1152 1652 1368 1689 mirandum
1396 1665 1472 1688 non

127 1713 202 1755 est,
234 1709 335 1760 quod
365 1721 484 1759 quum
513 1709 553 1745 in
583 1709 667 1745 aliis
698 1709 821 1755 libris,
853 1709 974 1746 veluti
1004 1709 1041 1745 in
1073 1710 1238 1746 Menone
1268 1721 1311 1745 ac
1341 1709 1472 1746 Prota—

127 1779 228 1814 gora,
258 1770 341 1803 tum
370 1765 487 1802 etiam
515 1765 555 1801 in
586 1765 726 1813 Gorgia
754 1766 961 1803 rhetorices
991 1779 1077 1802 cum
1108 1765 1356 1813 castigatione
1386 1779 1472 1802 con-

126 1822 254 1859 iunxit
272 1822 365 1859 artis
386 1821 508 1860 civilis
527 1822 871 1871 reprehensionem,
902 1828 946 1860 ut
973 1836 1048 1859 non
1070 1822 1151 1859 sine
1172 1835 1305 1859 caussa
1323 1827 1474 1871 praeter

128 1878 307 1927 Gorgiam
328 1878 512 1917 etPolum
532 1878 648 1916 etiam
659 1879 852 1916 Calliclem
873 1879 995 1918 civem
1015 1879 1245 1917 disserentes
1265 1879 1472 1917 induxerit.

212 1990 285 2029 His
313 2004 404 2030 vero
442 1991 498 2029 ita
533 1991 717 2041 expositis
755 1992 885 2029 licebit
924 1993 1078 2030 tandem
1117 1992 1311 2042 aliquanto
1351 1992 1473 2030 tutius

128 2049 303 2085 accedere
344 2049 391 2085 ad
430 2048 692 2098 quaestionem
730 2049 776 2085 de
816 2049 990 2095 consilio,
1034 2049 1134 2099 quod
1176 2049 1284 2086 Plato
1323 2048 1363 2085 in
1402 2049 1474 2085 hoc

128 2118 240 2154 opere
278 2104 475 2142 scribendo
515 2109 701 2155 sequutus
742 2105 802 2143 sit.
870 2106 941 2143 Est
981 2110 1108 2142 autem
1147 2105 1262 2151 illud,
1309 2105 1340 2141 si
1381 2105 1473 2155 quid

128 2161 294 2199 iudicare
323 2174 535 2210 possumus,
566 2175 643 2198 non
672 2162 711 2198 in
743 2162 817 2198 alia
846 2175 886 2199 re
916 2162 1083 2211 positum
1112 2162 1184 2198 nisi
1217 2162 1256 2198 in
1286 2175 1341 2207 eo,
1373 2162 1473 2212 quod

127 2217 314 2256 rhetorice
344 2222 383 2256 et
411 2231 472 2255 ars
502 2218 635 2264 civilis,
666 2218 790 2269 qualis
820 2223 902 2255 tum
931 2232 1012 2255 sese
1042 2219 1245 2264 extulerat,
1276 2218 1366 2268 quia
1394 2223 1474 2255 tota

130 2275 176 2310 ad
206 2274 358 2312 inanem
386 2274 468 2312 veri
498 2275 666 2325 iustique
697 2275 880 2323 speciem,
921 2276 968 2311 ad
1000 2288 1138 2312 vanam
1166 2275 1360 2323 potentiae
1389 2289 1473 2324 pos-

128 2330 353 2377 sessionem,
394 2331 560 2382 denique
590 2332 638 2368 ad
666 2331 958 2380 intemperantis
996 2331 1178 2368 lubidinis
1217 2331 1473 2380 expletionem

130 2391 211 2424 erat
249 2392 483 2436 comparata,
532 2388 757 2426 inhonestae
806 2387 1009 2437 pravitatis
1049 2388 1348 2439 conimictaeque
1388 2402 1473 2426 cum

196 2550 239 2617 Σὲ
254 2551 295 2581 V.
313 2549 427 2626 Ippol‘i
444 2550 572 2626 Slocrat.
596 2563 626 2594 p.
652 2551 706 2584 23.
731 2553 769 2583 E.
794 2553 931 2583 Menon.
956 2562 987 2593 p.
1012 2550 1065 2583 90.
1090 2553 1127 2583 B.
1153 2551 1269 2594 ibique
1294 2557 1410 2585 annot.

198 2595 594 2683 ssaei)'Tv.¹¹i³yr0'tagI‹31f351{.
619 2641 694 2674 316.
721 2642 756 2673 e.
784 2652 812 2683 p.
838 2640 912 2673 318.
940 2642 976 2673 B.
1002 2642 1044 2673 ai.

196 2688 231 2726 †)
256 2686 296 2717 V.
311 2685 454 2717 Phaedr.
477 2697 508 2728 p.
526 2685 600 2719 260.
619 2687 658 2718 A.
683 2688 735 2719 De
749 2686 892 2729 Republ.
918 2687 975 2718 VI.
995 2698 1027 2729 p.
1046 2685 1172 2719 493.A.
1198 2687 1285 2719 Tim.
1311 2698 1343 2729 p.
1363 2685 1417 2719 87.
1435 2688 1473 2719 Β.

198 2732 258 2774 ††)
285 2732 387 2774 Gorg.
410 2731 547 2773 passim.
