1687 2969
238 165 255 200 1
267 165 315 200 14
788 161 1050 199 PLATONIS

193 295 218 311 .-
237 270 406 322 βάλλειν
435 268 480 310 ἐκ
507 272 592 310 τῶν
619 269 799 310 πόλεων.
842 267 995 310 ἐκεῖνοι
1031 267 1109 321 μὲν
1137 266 1218 320 γὰρ
1248 267 1488 319 παρέδοσαν
1518 267 1584 308 ἐπὶ

126 471 206 512 457

237 338 295 390 τῷ
337 335 509 382 δικαίως
548 338 732 388 χρῆσθαι
769 335 935 382 τούτοις
973 334 1079 386 πρὸς
1116 332 1216 380 τοὺς
1249 333 1477 386 πολεμίους
1512 333 1584 374 καὶ

237 400 338 448 τοὺς
375 400 647 449 ἀδικοῦντας,
684 398 1008 451 ἀμυνομένους,
1049 397 1105 451 μὴ
1142 397 1430 451 ὑπάρχοντας·
1472 398 1513 438 οἱ
1540 397 1584 438 δὲ

239 463 598 518 μεταστρέψαντες
625 467 807 517 χρῶνται
834 471 884 517 τῇ
916 464 1029 516 ἰσχύϊ
1054 462 1124 504 καὶ
1151 469 1201 515 τῇ
1230 461 1378 517 τέχνῃ,
1410 463 1489 504 οὐκ
1517 462 1585 516 ὀρ-

236 533 338 579 θῶς.
376 533 539 571 οὔκουν
569 529 610 570 οἱ
636 530 877 579 διδάξαντες
905 528 1108 581 πονηροί,
1150 526 1248 568 οὐδὲ
1284 529 1311 581 ἦ
1338 526 1460 582 τέχνη
1489 531 1586 569 οὔτε

239 596 350 636 αἰτία
380 597 475 635 οὔτε
503 594 671 648 πονηρὰ
701 595 858 635 τούτου
888 593 1009 634 ἕνεκα
1038 592 1150 633 ἐστιν
1168 626 1177 643 ,
1216 589 1301 633 ἄλλ’
1331 593 1373 634 οἷ
1398 594 1454 646 μὴ
1483 593 1585 646 χρώ-

241 676 375 714 μενοι,
405 656 536 713 οἶμαι,
566 661 720 713 ὀρθῶς.
753 659 776 699 ὁ
808 658 934 706 αὐτὸς
963 658 1013 711 δὴ
1042 659 1168 711 λόγος
1195 659 1265 699 καὶ
1293 657 1388 710 περὶ
1414 664 1488 710 τῆς
1517 658 1585 711 ῥη-

237 731 425 803 τορικῆς.
459 725 641 772 δυνατὸς
677 723 754 777 μὲν
792 723 873 798 γὰρ
902 724 1008 775 πρὸς
1036 724 1225 772 ἅπαντας
1255 722 1367 764 ἐστιν
1395 723 1419 763 ὁ
1447 722 1587 776 ῥήτωρ

238 790 307 832 καὶ
336 789 431 842 περὶ
459 791 617 838 παντὸς
644 787 800 841 λέγειν
839 788 938 837 ὡςτε
968 789 1261 840 πιθανώτερος
1289 785 1396 829 εἶναι
1426 786 1471 828 ἐν
1501 791 1588 835 τοῖς

239 857 447 909 πλήθεσιν
486 850 672 918 ἐμβραχὺ
712 868 805 906 περι
848 851 950 895 ὅτου
989 854 1043 894 ἂν
1080 855 1304 907 βούληται·
1346 850 1431 894 ἀλλ’
1461 851 1588 893 οὐδέν

237 937 276 962 τι
296 923 458 974 μαλλον
481 921 639 961 τούτου
661 919 782 960 ἕνεκα
811 920 876 959 δεῖ
902 922 998 959 οὐτε
1026 934 1126 967 τους
1155 918 1326 971 ἰατρους
1353 916 1431 971 τὴν
1460 917 1588 967 δόξαν

238 986 540 1038 ἀφαιρεῖσθαι,
582 982 646 1025 ὅτι
683 985 858 1025 δύναιτο
889 983 942 1023 ἓιν
971 990 1096 1024 τοῦτο
1126 990 1320 1037 ποιῆσαι,
1363 985 1458 1023 οὔτε
1487 996 1587 1030 τους

237 1053 394 1098 ἄλλους
422 1050 723 1103 δημιουργούς,
753 1049 857 1090 ἄλλα
886 1049 1057 1097 δικαίως
1084 1048 1154 1089 καὶ
1182 1055 1232 1102 τῇ
1262 1048 1462 1102 ῥητορικῇ
1490 1053 1585 1100 χρῆ-

304 1190 341 1220 Ρ.
366 1187 442 1220 457.
488 1189 525 1219 Β.
574 1186 634 1219 ὅτι
661 1186 845 1219 δύναιτο
866 1186 916 1218 ἂν
944 1200 966 1218 τ.
994 1187 1045 1229 π.]
1081 1188 1122 1219 V.
1148 1185 1322 1224 δύναιντο,
1356 1186 1445 1228 quod
1471 1196 1582 1217 emen-

237 1234 333 1267 davit
356 1233 533 1265 Heindorf.
582 1233 798 1275 Singularem
824 1232 965 1264 δύναιτο
989 1232 1167 1264 confirmat
1191 1234 1267 1264 Par.
1292 1233 1318 1264 I.
1342 1232 1433 1264 Flor.
1458 1242 1484 1266 s.
1509 1243 1542 1263 x.

305 1302 370 1332 καὶ
405 1304 452 1342 τῇ
487 1298 691 1342 ῥητορικῇ
722 1299 798 1342 χρ.]
836 1304 871 1341 τῇ
904 1311 968 1332 om.
999 1300 1075 1331 Vat.
1108 1300 1195 1331 Ven.
1222 1300 1260 1331 Σ.
1297 1298 1398 1331 Vind.
1422 1299 1453 1331 2.
1485 1298 1584 1330 Bodl.

238 1347 326 1389 Aug.
351 1347 490 1378 Meerm.
538 1346 627 1377 Dein
652 1346 827 1387 Hirsehig.
857 1343 936 1386 ἄλλῃ
964 1350 1042 1378 ante
1067 1342 1202 1387 ἀγωνίᾳ
1226 1345 1388 1385 inseruit,
1424 1355 1490 1385 quo
1516 1354 1584 1375 non

237 1402 332 1433 opus.
371 1391 464 1422 Idem
488 1402 569 1422 mox
594 1390 697 1422 verba
722 1389 758 1422 ἐκ
785 1394 848 1422 τῶν
873 1389 1008 1421 πόλεων
1033 1389 1138 1422 abiiei
1162 1390 1246 1422 vult.
1272 1390 1361 1422 conf.
1387 1400 1418 1432 p.
1439 1388 1516 1421 460.
1541 1390 1584 1420 D.

306 1457 375 1490 ἐπὶ
410 1456 556 1500 δικαίᾳ
587 1457 731 1500 χρείᾳ]
770 1458 826 1490 Sic:
869 1458 944 1489 Vat.
977 1458 1062 1489 Ven.
1090 1457 1168 1489 ΞΣ.

236 1598 322 1629 qnae
353 1587 511 1619 dicuntur
535 1587 677 1619 Graecis
702 1585 877 1627 ἐσφαιρω-

235 1632 320 1671 μὲιτι
343 1630 493 1664 ἀκόντια.
543 1634 639 1672 Quae
671 1637 751 1663 sunt
774 1633 878 1663 verba

236 1678 488 1710 casauboni
513 1678 555 1709 ad
580 1677 751 1718 Theophr.
777 1677 878 1708 Char.

234 1734 266 1764 p.
286 1722 337 1755 79.
354 1723 433 1754 edit.
449 1723 562 1754 Fiseh.
583 1733 614 1754 v.
639 1723 745 1754 Plat.
772 1723 877 1764 Legg.

235 1766 356 1808 p.813.
370 1769 409 1799 E.
435 1768 626 1809 Xenoph.
647 1768 712 1798 An.
735 1768 777 1807 II,
795 1767 824 1807 1,
847 1766 876 1799 7.

234 1813 351 1854 ibique
384 1814 529 1854 interpp.
585 1813 742 1844 Ceterum
775 1814 877 1843 etiam

235 1858 405 1899 sophistas
430 1862 535 1889 artem
556 1857 810 1889 tractandorum
826 1868 875 1889 ar-

233 1914 365 1934 morum
382 1904 553 1944 professos
572 1914 645 1934 esse
669 1908 810 1944 apparet
834 1913 875 1934 ex

234 1948 383 1989 Euthyd.
416 1958 447 1989 p.
472 1947 547 1979 271.
573 1949 611 1979 E.
646 1948 748 1979 Xen.
773 1949 874 1979 Meni.

233 1993 297 2033 III,
322 1993 350 2024 1.
387 1994 427 2024 cf.
454 1993 707 2024 Schneider.
744 1993 785 2024 ad
810 1993 875 2024 Xe-

233 2038 334 2080 noph.
354 2038 503 2069 Anabas.
525 2038 568 2077 II,
589 2037 619 2078 1,
641 2037 669 2071 7.
696 2038 777 2069 Loe
790 2037 876 2069 ella

233 2083 276 2114 ad
301 2084 457 2125 Xenoph.
483 2083 608 2124 Ephes.
626 2094 657 2124 p.
676 2081 750 2114 127.
782 2083 874 2113 Male

233 2132 314 2160 vett.
330 2128 423 2160 editt.
441 2127 481 2160 ἐν
497 2126 604 2169 ὄχλοις
620 2139 651 2166 μ.
674 2147 715 2151 —-
741 2127 875 2158 Deinde

232 2173 333 2204 multi
368 2173 465 2205 codd.
502 2171 586 2205 οὐδὲ
619 2171 738 2204 τούτου
774 2173 876 2204 ἕνεκα

234 2230 256 2249 τ.
286 2230 333 2257 m„
368 2219 458 2259 quod
484 2219 609 2260 recepit
634 2218 779 2250 Bekke
791 2228 836 2249 ru
848 2228 876 2251 S.

233 2263 300 2295 Sed
332 2264 485 2305 praefero
517 2268 666 2294 veterem
690 2264 873 2295 lectionem

233 2310 437 2349 optimorum
472 2308 637 2340 librorum
673 2309 873 2339 auctoritate

231 2354 407 2385 munitam.
448 2354 535 2385 Nan]
561 2353 767 2385 adiiciuntur
790 2353 873 2384 haee

231 2408 299 2429 non
334 2399 407 2429 sine
441 2399 475 2429 vi
511 2404 544 2429 et
577 2399 762 2439 gravitate,
807 2408 872 2438 quo

230 2443 340 2484 magis
372 2444 547 2484 superiora
571 2443 651 2483 illa,
684 2441 725 2474 οὐ
751 2441 871 2473 τούτου

231 2487 330 2519 ἕνεκα
362 2487 414 2519 δεῖ
437 2485 524 2529 πρὸς
548 2487 700 2521 ἅπαντας
722 2488 872 2529 χρῆσθαι

231 2529 466 2573 ἀνθρώπους,
515 2533 729 2564 illustrentur
772 2536 872 2573 atque

230 2577 482 2609 confirmentur.
519 2578 559 2609 In
584 2577 773 2610 cuiusmodi
797 2588 871 2609 sen-

229 2623 344 2654 tentiis
392 2626 525 2654 constat
572 2624 682 2654 omitti
732 2623 871 2654 coniun-

229 2668 378 2699 ctionum
410 2667 560 2700 vincula.
616 2669 767 2699 Astius
793 2677 869 2699 eum

1206 1457 1308 1489 Vind.
1333 1456 1366 1489 2.
1388 1456 1420 1489 6.
1445 1455 1476 1489 7.
1511 1457 1585 1488 Par.

947 1586 1238 1617 Findeisenio
1270 1590 1346 1628 post
1370 1583 1586 1627 ἀνθρώπους

947 1631 1021 1663 eolo
1037 1631 1315 1673 distinguendum
1334 1635 1367 1663 et
1382 1632 1476 1673 prius
1500 1631 1587 1662 illud

948 1675 1069 1707 τούτου
1095 1676 1196 1708 ἕνεκα
1226 1676 1430 1708 eiiciendum
1459 1686 1586 1708 censet.

946 1722 1023 1753 Non
1044 1721 1161 1763 probo.

990 1767 1029 1798 E.
1077 1765 1147 1798 ἐπὶ
1187 1770 1238 1808 τῷ
1277 1766 1455 1799 δικαίως
1491 1771 1586 1807 χρῆ-

948 1811 1073 1854 σθαι]
1100 1813 1152 1843 De
1177 1812 1242 1843 hoc
1266 1812 1382 1844 dativo
1407 1822 1438 1843 v.
1463 1822 1494 1852 p.
1508 1809 1584 1842 457.

945 1857 983 1887 B.
1017 1867 1048 1897 p.
1080 1856 1156 1890 480.
1188 1858 1230 1888 D.
1279 1857 1374 1888 Solet
1405 1857 1496 1891 enim
1529 1855 1588 1886 ἐπί

944 1902 993 1933 ita
1018 1903 1185 1941 construi,
1217 1902 1277 1933 ubi
1302 1912 1477 1941 caussam,
1508 1911 1586 1932 con-

944 1946 1059 1978 silium
1090 1947 1145 1978 vel
1170 1947 1272 1978 finem
1295 1947 1440 1986 indicat,
1476 1956 1586 1987 neque

944 1993 1156 2023 necessarius
1196 1997 1247 2024 est
1285 1993 1514 2024 aecusativus.
1555 2001 1586 2022 V.

943 2037 1089 2069 Lexie.
1115 2037 1308 2079 Xenoph.
1333 2034 1585 2078 T.11.p.259.

943 2080 1010 2114 263
1026 2093 1095 2123 seq
1113 2087 1145 2113 et
1169 2084 1195 2114 F
1204 2083 1408 2115 iseherus
1435 2082 1477 2113 ad
1494 2081 1586 2112 We]-

944 2127 1003 2158 ler.
1031 2129 1087 2161 Gr.
1106 2129 1146 2159 T
1164 2129 1225 2159 III.
1248 2129 1285 2159 P.
1310 2128 1352 2159 II.
1378 2139 1409 2169 p.
1434 2125 1501 2158 234
1516 2137 1585 2167 seq.

943 2191 987 2195 —
1012 2183 1092 2211 aaz
1108 2172 1341 2212 νοιιένους,
1374 2170 1426 2213 μὴ
1454 2169 1583 2212 ὑπάρ-

943 2229 1018 2258 χο]
1029 2229 1115 2253 τα5·
1142 2223 1185 2250 ut
1209 2228 1251 2249 se
1276 2216 1583 2256 defenderent,

943 2273 1028 2294 non
1061 2262 1354 2294 adorirentur.
1402 2262 1469 2301 Qui
1492 2262 1585 2302 prior

943 2308 1041 2339 alteri
1064 2308 1167 2339 infert
1185 2308 1354 2346 iniuriam,
1380 2308 1408 2338 is
1435 2304 1585 2347 ὑπάρξαι

940 2350 1075 2384 ἀδικίας
1106 2357 1139 2383 et
1168 2353 1304 2394 saepius
1329 2352 1431 2384 etiam
1456 2351 1585 2392 simpli-

942 2398 1023 2429 citer
1056 2395 1202 2437 ὑπάρξαι
1227 2397 1359 2428 dieitur.
1406 2396 1585 2438 Loquendi

940 2453 1067 2484 genus,
1107 2442 1196 2483 apud
1229 2447 1379 2474 oratores
1411 2443 1581 2483 frequens,

941 2487 1135 2519 doctissime
1160 2487 1345 2519 illustravit
1369 2488 1399 2517 V
1410 2488 1449 2519 al
1462 2498 1478 2517 c
1488 2487 1510 2517 k
1521 2498 1581 2517 en.

940 2532 983 2564 ad
1000 2533 1118 2573 Eurip.
1136 2533 1313 2564 Phoeniss.
1327 2543 1357 2563 v.
1376 2531 1471 2564 1576.
1492 2532 1580 2563 conf.

940 2581 1054 2609 nostra
1086 2577 1128 2608 ad
1159 2578 1265 2619 Legg.
1290 2578 1350 2609 IX.
1383 2588 1415 2618 p.
1441 2576 1517 2609 869.
1543 2576 1579 2607 C.

940 2626 971 2654 et
1003 2621 1042 2653 de
1075 2622 1141 2653 loci
1166 2623 1335 2654 sententia
1360 2623 1411 2652 De
1436 2621 1579 2652 antidos.

938 2679 970 2709 p.
1004 2665 1077 2699 113.
1111 2665 1155 2699 23
1186 2678 1277 2708 seqq.
1312 2668 1361 2699 ed.
1396 2667 1500 2699 Orell.
1539 2684 1578 2689 —·
