1687 2969
186 170 232 205 18
656 169 1016 208 PROLEGOMEN
1019 172 1055 207 A

184 282 349 328 ptatem,
389 293 503 330 quam
533 282 717 329 afferunt,
757 284 819 320 vel
854 287 1008 332 propter
1043 281 1253 319 utilitatem
1289 282 1353 319 vel
1381 284 1535 330 propter

183 339 410 386 utrumque,
450 337 669 388 pariterque
708 340 837 388 turpia
873 340 937 377 vel
984 339 1031 375 ob
1073 338 1242 375 dolorem
1259 346 1262 349 '
1280 339 1343 376 vel
1381 342 1535 386 propter

187 393 368 428 damnum
415 394 478 431 vel
517 400 672 443 propter
717 400 924 446 utrumque
982 395 1095 432 simul
1144 394 1273 443 turpia
1320 398 1534 432 censentur.

186 449 324 498 Itaque
364 449 395 486 si
434 450 525 500 quid
556 451 629 487 alio
660 453 839 501 quopiam
876 451 1073 500 pulchrius
1110 457 1188 496 est,
1228 451 1304 488 tale
1342 450 1437 487 illud
1468 464 1534 487 ex-

186 505 289 542 sistit
317 506 458 543 maiore
489 520 603 557 quam
632 508 748 545 habet
785 509 847 545 vel
876 508 1045 545 utilitate
1074 507 1137 544 vel
1166 507 1381 555 voluptate,
1421 507 1533 544 vicis-

186 560 334 611 simque
366 563 397 598 si
427 563 519 612 quid
548 564 698 612 turpius
729 564 802 600 alio
829 564 1008 614 quopiam
1037 567 1224 609 censetur,
1254 563 1406 611 turpius
1435 563 1533 599 iudi-

186 622 295 654 catur
322 620 383 655 vel
413 624 568 668 propter
595 621 777 657 maiorem
797 621 974 665 dolorem,
1005 633 1169 670 quocum
1199 623 1257 656 est
1276 619 1532 665 coniunctum,

186 674 249 711 Vel
279 675 369 724 quia
397 675 520 712 maius
556 677 737 712 damnum
775 677 896 714 affert.
957 676 996 713 Si
1035 676 1154 723 igitur
1190 676 1342 725 turpius
1380 679 1439 713 est
1477 676 1534 712 in-

186 730 324 766 iuriam
353 731 477 768 facere
507 745 622 782 quam
653 733 839 781 accipere,
877 733 913 769 id
946 736 1102 781 apparet
1130 733 1185 769 ita
1214 745 1316 778 0550,
1348 736 1415 769 aut
1444 732 1534 782 quia

188 787 283 823 illud
302 788 388 835 plus
407 788 546 824 doloris
575 789 702 831 habet,
734 793 800 826 aut
829 790 930 839 quod
956 789 1056 825 malo
1077 789 1240 825 alterum
1272 792 1437 837 superat,
1468 793 1535 825 aut

187 843 368 892 quoniam
388 848 467 881 tam
487 845 626 881 doloris
655 858 770 895 quam
794 845 884 881 malj
906 849 1021 895 atque
1043 845 1170 881 damni
1190 845 1397 893 plurimum
1418 846 1535 882 habet

187 899 419 937 adiunctum.
487 900 616 940 Quum
654 915 744 938 vero
784 902 910 938 minus
948 901 1087 938 doloris
1126 902 1267 939 habeat
1304 901 1535 938 maleficium

187 969 303 1005 quam
331 956 494 994 iniuriae
523 958 733 1006 perpessio,
774 971 927 995 necesse
957 962 1015 995 est
1050 958 1229 994 iniuriam
1266 958 1390 995 facere
1419 971 1535 1008 quam

189 1012 357 1061 accipere
387 1013 537 1062 turpius
574 1014 731 1051 iudicari
762 1019 958 1063 proptera,
999 1016 1101 1064 quod
1138 1014 1225 1063 plus
1263 1014 1354 1051 mali
1382 1015 1534 1051 habeat.

189 1069 272 1104 Iam
302 1069 332 1105 si
362 1069 459 1106 illud
487 1075 643 1118 propter
677 1072 821 1108 malum
851 1075 1028 1108 censetur
1064 1071 1235 1119 turpius,
1276 1071 1531 1121 consequitur,

189 1129 232 1162 ut
261 1125 376 1162 etiam
406 1126 514 1174 peius
544 1127 604 1163 sit.
645 1127 840 1177 Quidquid
871 1127 973 1163 enim
1001 1128 1101 1163 malo
1122 1127 1225 1163 aliud
1255 1127 1347 1178 quid
1368 1131 1534 1176 superat,

188 1181 226 1217 id
275 1182 411 1218 merito
449 1183 514 1219 1110
552 1183 661 1231 peius
701 1181 862 1231 (κάκιον)
902 1197 984 1220 0550
1024 1184 1224 1221 iudicatur.
1293 1184 1355 1220 Ex
1394 1184 1534 1234 quibus

189 1238 455 1288 consequitur,
486 1243 530 1276 ut
558 1253 670 1276 1101110
699 1246 800 1277 recte
829 1240 938 1277 malit
966 1239 1147 1276 iniuriam
1175 1242 1299 1277 faeere
1329 1253 1445 1290 quam
1475 1253 1534 1276 ac-

189 1294 332 1342 cipere:
362 1295 457 1331 illud
488 1295 590 1332 0111111
619 1297 738 1334 altero
767 1310 843 1332 11011
874 1297 996 1332 50111111
1024 1297 1174 1345 turpius
1205 1300 1281 1342 est,
1321 1297 1387 1333 sed
1417 1296 1534 1334 etiam

189 1350 308 1398 peius.
373 1352 414 1387 P.
447 1353 538 1388 474.
580 1352 618 1389 C.
659 1375 715 1378 —
764 1355 856 1390 475.
896 1354 940 1389 E.
980 1374 1035 1378 —
1073 1354 1158 1389 Iam
1204 1366 1295 1390 vero
1345 1353 1411 1389 ubi
1461 1353 1534 1390 isto

189 1408 299 1443 modo
327 1407 631 1445 demonstratum
668 1414 725 1446 est
754 1410 905 1458 turpius
934 1409 1120 1459 peiusque
1149 1422 1231 1446 0550
1259 1409 1439 1446 iniuriam
1478 1409 1535 1445 in-

188 1463 287 1500 ferre
317 1477 432 1513 (11111111
460 1465 633 1511 tolerare,
662 1466 903 1514 progreditur
924 1466 1097 1503 Socrates
1127 1466 1174 1502 ad
1194 1466 1428 1514 probandam
1449 1478 1533 1502 sen-

187 1520 349 1557 tentiam
379 1533 496 1563 suam,
527 1535 603 1571 qua
632 1535 720 1558 eum
749 1522 985 1560 iudicaverat
1015 1535 1096 1559 esse
1125 1523 1237 1570 longe
1266 1522 1532 1568 miserrimum,

188 1576 253 1625 qui
283 1577 571 1614 malefactorum
607 1591 762 1615 suorum
800 1591 941 1627 poenas
978 1579 1104 1615 nullas
1133 1579 1252 1616 daret.
1320 1580 1535 1626 Argumen-

187 1636 293 1669 tatur
322 1637 451 1670 autem
489 1635 568 1670 fere
604 1635 676 1671 hoe
714 1636 836 1672 modo.
894 1637 1041 1672 Poenas
1079 1636 1169 1672 dare
1208 1638 1247 1672 et
1285 1635 1384 1672 iuste
1424 1635 1536 1673 casti-

189 1689 282 1736 gari,
312 1689 343 1725 51
372 1690 506 1726 feceris
535 1691 687 1737 iniuste,
715 1705 837 1728 unum
865 1691 1041 1742 idemque
1071 1704 1153 1729 esse
1182 1695 1284 1729 recte
1309 1691 1532 1728 iudicamus.

188 1746 306 1781 Porro
334 1759 586 1797 quaecunque
621 1748 724 1785 iusta
760 1752 868 1794 sunt,
909 1749 1042 1785 eadem
1081 1748 1197 1785 etiam
1234 1748 1394 1797 pulchra
1432 1752 1533 1785 sunt.

188 1802 271 1837 Iam
301 1803 412 1852 quale
443 1807 501 1841 est
528 1803 586 1849 id,
628 1805 728 1854 quod
767 1805 853 1855 quis
891 1805 955 1841 alii
995 1804 1145 1841 cuidam
1182 1804 1293 1851 facit,
1334 1805 1411 1842 tale
1439 1805 1533 1842 item

187 1858 353 1895 habetur
381 1860 481 1908 quod
512 1860 608 1897 alter
637 1862 683 1897 ab
714 1874 758 1897 eo
787 1861 943 1909 patitur.
983 1861 1020 1897 N
1021 1861 1125 1908 egari
1155 1863 1284 1897 autem
1312 1874 1388 1897 non
1408 1864 1535 1909 potest

187 1927 329 1962 poenas
358 1915 448 1951 dare
477 1915 574 1952 nihil
603 1929 685 1953 esse
716 1917 820 1953 aliud
849 1917 924 1954 11151
952 1917 1030 1965 pati
1072 1916 1217 1967 aliquid
1257 1917 1304 1953 ab
1335 1917 1408 1954 alio
1438 1930 1531 1967 quo-

187 1970 290 2019 piam
318 1974 421 2008 recte
451 1972 673 2019 castigante.
731 1974 814 2009 Iam
843 1973 908 2023 qui
938 1974 1101 2020 castigat
1128 1976 1242 2019 recte,
1272 1973 1320 2019 15,
1352 1973 1534 2024 quoniam

188 2027 304 2063 etiam
342 2027 442 2065 iuste
482 2029 661 2076 castigat,
702 2029 804 2066 iusta
840 2030 964 2066 facere
1002 2030 1228 2067 iudicandus
1268 2034 1336 2067 051.
1394 2032 1533 2080 Itaque

189 2083 254 2133 qui
284 2084 494 2131 castigatur
520 2085 595 2131 ita,
632 2090 677 2122 ut
704 2099 845 2135 poenas
875 2086 975 2132 luat,
1016 2086 1048 2123 is
1076 2086 1180 2123 iusta
1208 2086 1364 2135 patitur.
1422 2088 1534 2124 Iusta

189 2144 318 2176 autem
346 2141 506 2188 pulchra
535 2155 617 2178 esse
647 2146 759 2179 antea
795 2142 1023 2179 concessisti.
1081 2142 1248 2179 Pulchra
1284 2155 1394 2191 porro
1434 2144 1534 2179 bona

189 2210 271 2232 esse
300 2196 468 2234 diximus
497 2198 559 2235 vel
588 2202 742 2247 propter
760 2199 1038 2236 iucunditatem
1057 2199 1121 2236 vel
1138 2202 1293 2248 propter
1311 2198 1530 2236 utilitatem.

188 2252 299 2289 Unde
329 2257 487 2302 apparet
524 2254 611 2291 boni
652 2255 743 2305 quid
783 2255 950 2292 accidere
980 2256 1034 2302 ei,
1074 2255 1141 2305 qui
1177 2254 1370 2304 puniatur.
1430 2256 1531 2303 Ergo

188 2309 303 2345 etiam
341 2310 549 2347 utilitatem
587 2324 636 2348 ex
673 2325 795 2360 poena
831 2312 1032 2360 percipiet:
1072 2324 1171 2361 quae
1208 2311 1249 2347 in
1288 2324 1455 2361 quanam
1490 2325 1530 2349 re

189 2368 384 2411 cernatur,
414 2380 491 2402 non
521 2370 579 2404 est
607 2367 761 2405 difficile
791 2368 992 2417 explicare.
1051 2367 1255 2405 Liberatur
1284 2368 1385 2405 enim
1414 2368 1530 2404 animi

187 2421 398 2469 pravitate,
438 2423 509 2458 hoe
548 2428 605 2460 est
633 2425 732 2461 1111110
769 2425 955 2470 maximo,
996 2423 1304 2474 quandoquidem
1340 2424 1532 2462 iniustitia

187 2478 356 2514 omnium
384 2481 421 2515 et
451 2480 616 2527 corporis
645 2484 683 2518 et
713 2480 827 2517 animi
856 2481 1093 2529 pravitatum
1132 2484 1190 2517 est
1224 2480 1444 2529 turpissima
1474 2484 1531 2517 at-

187 2547 262 2583 que
298 2534 472 2582 pessima.
512 2536 553 2572 P.
586 2537 677 2573 476.
708 2538 754 2574 A.
794 2559 849 2563 —
889 2538 980 2574 477.
1011 2537 1055 2573 Ε.
1120 2536 1249 2576 Quum
1287 2540 1416 2574 autem
1454 2550 1531 2573 una

186 2590 236 2626 sit
263 2590 434 2627 iustitiae
473 2593 707 2629 exercendae
746 2606 806 2629 ars
846 2597 960 2643 atque
999 2592 1096 2630 ratio
1127 2591 1266 2642 (δίκη),
1305 2606 1374 2641 per
1402 2606 1528 2643 quam,

186 2646 299 2683 sicuti
327 2659 395 2694 per
428 2648 654 2684 medicinam
684 2662 706 2685 a
735 2649 875 2686 morbis
904 2649 1088 2697 corporis,
1128 2649 1184 2686 ita
1213 2651 1260 2687 ab
1290 2649 1407 2685 animi
1443 2662 1528 2698 pra-

185 2702 305 2740 vitate
335 2706 373 2740 et
402 2703 591 2741 iniustitia
618 2705 844 2753 liberamur,
875 2705 1042 2742 dubitari
1071 2718 1146 2742 non
1177 2708 1322 2754 potest,
1361 2704 1453 2755 quin
1484 2718 1530 2742 ea
