1687 2969
770 200 811 204 -
882 180 1018 218 XXXIV
1101 201 1128 203 a

278 294 331 336 de
371 293 502 335 totius
543 291 684 347 operis
729 300 980 348 argumento
1018 293 1233 333 sententia
1255 294 1451 346 nitatur,
1485 310 1611 349 quain

277 349 511 393 clarissime
536 355 752 404 appareat.
784 349 906 402 Quae
920 356 1068 390 tamen
1102 350 1243 390 omnia
1263 366 1346 404 quo
1367 351 1463 406 plus
1483 351 1611 391 etiam

275 407 385 449 lucis
425 405 664 460 accipiant,
698 405 882 461 denique
927 407 1052 446 etiam
1092 406 1287 460 quaestio
1319 406 1370 447 do
1409 407 1612 462 tempori7

277 465 356 506 bus
386 460 658 517 suscipienda
689 463 782 515 erit,
815 463 969 517 quibus
991 462 1235 503 Phaedrum
1266 463 1417 504 litteris
1440 464 1613 519 consig-

278 526 424 562 natum
455 534 549 560 esse
579 519 808 560 verisimile
840 520 907 561 sit.
976 519 1097 560 llaec
1131 519 1259 574 igitur
1290 520 1432 560 omnia
1462 520 1610 561 ordine

277 577 480 631 deinceps
513 591 726 631 exponere
758 576 1020 624 conabimur,
1051 575 1095 616 in
1127 591 1212 630 qua
1242 575 1413 630 quidem
1445 591 1492 616 re
1515 592 1613 617 ver-

279 633 468 675 sabimur
494 632 567 685 ita⁷
596 638 642 673 ut
664 632 789 673 simul
808 633 1055 674 universum
1086 631 1275 673 Phaedri
1307 639 1610 688 argumentum

277 689 589 737 veluti‚obiter
626 689 900 730 collustretur
939 695 981 729 et
1021 688 1076 729 ad
1106 689 1338 744 pleniorem
1361 686 1615 744 intelligen-

276 747 380 789 tiam
406 745 677 801 provehatur.

388 803 543 857 Itaque
583 802 765 857 primum
806 801 979 856 quidem
1009 801 1238 857 diligenter
1268 800 1501 842 tenendum
1532 808 1613 854 est⁷

279 876 364 915 quo
403 875 490 900 non
539 857 835 900 animadverso
881 857 1041 899 iudicia
1071 858 1288 899 hominum
1335 857 1387 898 de
1426 857 1614 899 Phaedri

279 923 368 958 arte
408 921 450 957 et
492 915 802 970 compositione
845 929 947 956 sane
989 915 1167 956 mirifice
1209 915 1458 970 perturbata
1497 922 1611 969 sunt,

275 974 502 1015 Platonem
531 972 574 1011 in
606 971 687 1012 hoc
717 987 845 1027 opere
892 970 1118 1012 condendo
1170 971 1320 1012 eodem
1351 987 1477 1012 usum
1519 987 1614 1013 esse

276 1029 482 1081 artificio⁷
543 1043 627 1082 quo
685 1028 728 1068 in
771 1027 966 1083 plurimis
1035 1028 1126 1068 aliis
1192 1027 1460 1069 sermonibus
1511 1028 1615 1069 arti-

275 1085 465 1127 ficiosius
512 1084 741 1125 elaboratis
778 1099 881 1126 usus
913 1099 1006 1125 esse
1037 1084 1260 1139 reperitur.
1293 1090 1339 1124 ut
1370 1083 1453 1125 duo
1487 1084 1612 1125 simul

275 1148 528 1199 argumenta
557 1141 648 1196 pari
672 1156 802 1196 opera
830 1141 1178 1196 pertractaverit,
1221 1156 1401 1195 quorum
1433 1141 1612 1182 alterum

274 1199 329 1240 ad
360 1212 627 1240 communem
650 1196 870 1239 hominum
894 1197 1023 1239 vitam
1044 1197 1221 1251 eiusque
1240 1212 1393 1245 mores.
1417 1197 1614 1238 instituta

274 1255 438 1308 studia⁷
480 1253 658 1295 consilia
688 1253 898 1309 denique,
931 1253 1195 1295 aestimanda
1226 1260 1352 1308 atque
1382 1253 1614 1294 iudicanda

274 1313 482 1364 refertur,
530 1311 708 1351 alterum
739 1317 937 1351 versatur
967 1310 1010 1350 in
1041 1311 1206 1351 ratione
1239 1324 1289 1350 ac
1320 1309 1513 1351 doctrina
1545 1326 1614 1352 sa-

275 1369 462 1425 pientiae
507 1366 765 1422 explicanda
794 1373 924 1422 atque
953 1366 1222 1419 illustranda7
1255 1367 1313 1406 ita
1344 1366 1532 1421 quidem,
1564 1374 1614 1408 ut

274 1431 502 1479 utrumque
534 1423 720 1478 denique
753 1423 808 1464 ad
831 1423 1013 1464 eundem
1033 1424 1204 1465 omnino
1234 1423 1365 1464 finem
1384 1424 1611 1479 pertineat,

274 1481 572 1535 communique
584 1480 799 1522 scribendi
818 1481 995 1522 consilio
1008 1480 1224 1521 inserviat.
1256 1480 1326 1520 De
1342 1496 1425 1535 qua
1441 1480 1614 1535 quidem

305 1537 520 1593 hilosophi
560 1536 748 1578 sollertia
790 1538 992 1591 quoniam
1044 1537 1296 1592 explicatius
1346 1537 1530 1578 diximus
1568 1537 1613 1577 in

273 1556 600 1651 f’rolegome11is
640 1593 695 1634 ad
740 1592 855 1649 Opp.
898 1594 1009 1634 Plat.
1050 1593 1150 1634 Vol.
1189 1592 1225 1634 I.
1266 1593 1314 1634 P.
1346 1594 1381 1634 I.
1412 1610 1454 1649 p.
1484 1593 1612 1634 XLI.

275 1668 370 1708 sqq.
411 1650 477 1692 ed.
510 1652 548 1692 3.
582 1650 649 1691 ed.
681 1648 836 1703 Goth..
879 1666 965 1691 non
997 1656 1063 1690 est
1094 1665 1171 1691 cur
1199 1649 1281 1691 hoc
1311 1650 1406 1691 loco
1437 1650 1611 1691 uberius

275 1722 553 1765 exponamus.
614 1707 785 1748 Etenim
824 1707 868 1747 in
899 1706 1099 1747 Phaedro
1139 1721 1270 1761 quum
1300 1722 1367 1748 ars
1397 1707 1613 1748 rhetorica

274 1765 468 1808 inscitiae
500 1770 540 1805 et
571 1764 748 1804 inertiae
780 1769 1006 1820 arguatur„
1050 1763 1110 1803 ita
1140 1770 1189 1803 ut
1218 1763 1355 1817 ipsam
1386 1778 1613 1819 argumen-

274 1823 328 1864 tis
360 1820 651 1863 subtilissimis
691 1819 1009 1861 demonstretur
1039 1820 1130 1860 sine
1161 1818 1460 1875 philosophiae
1489 1835 1613 1875 prae-

273 1878 385 1920 sidio
419 1884 461 1918 et
503 1876 750 1917 adiumento
794 1876 911 1917 nullo
942 1884 1068 1931 pacto
1109 1875 1344 1917 consistere
1384 1890 1513 1931 posse
1544 1883 1612 1917 ut-

304 1941 373 1977 ote
402 1950 426 1975 a
455 1932 598 1975 studio
629 1932 822 1973 veritatis
855 1932 981 1988 plane
1012 1947 1218 1985 aversam,
1248 1938 1337 1973 tum
1359 1933 1487 1978 etiam
1516 1932 1613 1989 phi-

271 1952 493 2047 lbsophiae
512 1989 646 2030 virtus
668 2004 717 2029 ac
736 1990 999 2044 praestantia
1020 2005 1070 2029 eo
1101 1987 1229 2030 modo
1259 1988 1537 2043 illuminatur,
1564 1995 1614 2030 ut

270 2048 448 2090 reclusis
478 2045 639 2087 ultimis
659 2045 794 2100 ipsius
811 2045 1019 2098 fontibus⁷
1044 2045 1088 2086 in
1119 2045 1249 2086 animi
1280 2045 1368 2086 vita
1396 2045 1542 2087 divina
1571 2052 1614 2087 et

271 2105 417 2146 nativa
444 2102 587 2144 indole
607 2102 777 2157 positis7
803 2102 1015 2157 principia
1036 2102 1126 2143 eius
1151 2108 1279 2156 atque
1299 2102 1509 2143 elementa
1543 2103 1609 2143 vel

271 2163 315 2203 in
347 2160 518 2202 infinita
561 2157 744 2214 quadam
784 2158 976 2199 idearum
1019 2159 1282 2214 appetitione
1325 2164 1367 2199 et
1396 2159 1612 2214 primitiva

271 2234 416 2260 earum
436 2215 814 2272 comprehensione
833 2215 901 2256 vel
919 2215 961 2255 in
982 2215 1234 2257 dialecticae
1252 2215 1611 2257 commentatione

272 2272 519 2330 quaerenda
558 2286 652 2313 esse
684 2271 934 2313 ostendatur
973 2278 1100 2327 atque
1142 2271 1333 2313 indidem
1365 2272 1491 2312 etiam
1534 2271 1610 2313 do-

270 2338 432 2384 ceatur,
475 2334 637 2383 quanta
668 2343 881 2383 quamque
901 2328 1164 2370 admirabilis
1193 2329 1328 2383 ipsius
1358 2328 1423 2369 vis
1455 2334 1498 2368 et
1517 2328 1610 2368 effi-

270 2389 430 2430 cacitas
461 2386 515 2428 sit
544 2386 588 2426 in
619 2384 862 2426 hominibus
887 2384 941 2425 ad
966 2385 1054 2426 veri
1081 2385 1306 2426 scientiam
1335 2390 1377 2425 et
1397 2385 1610 2440 cognitio-

269 2460 367 2486 nem
409 2440 656 2486 erudiendis
696 2448 825 2496 atque
855 2441 1143 2483 instituendis.
1203 2441 1418 2483 Nimirum
1447 2447 1610 2482 utrum-

270 2516 353 2557 que
410 2504 733 2556 argumentum,
797 2498 1068 2553 quantumvis
1110 2498 1246 2553 primo
1296 2497 1506 2553 adspectu
1546 2497 1610 2538 di-

268 2572 440 2599 versum
490 2555 567 2607 sit7
629 2560 792 2609 tamen,
834 2554 907 2596 ubi
952 2570 1042 2595 rem
1081 2554 1331 2611 diligentius
1364 2553 1609 2595 considera-

267 2615 477 2666 verimus,
521 2617 607 2652 tam
653 2616 772 2653 arcto
811 2611 982 2653 vinculo
1026 2611 1237 2652 contineri
1276 2610 1498 2652 fatendum
1526 2616 1608 2663 est,

266 2677 316 2712 ut
334 2670 388 2712 ad
420 2683 632 2712 summum
660 2667 940 2723 ultimumque
970 2668 1100 2709 finem
1130 2668 1356 2709 universae
1387 2667 1611 2722 scriptioni

267 2727 534 2783 propositum
550 2724 798 2780 planissime
820 2723 1186 2767 accommodatum
1215 2724 1434 2766 habeat-ur.
1495 2722 1609 2765 Nam
