1687 2969
417 127 772 171 PHAEDRU

789 127 833 170 S.
866 128 915 169 P.
950 131 1029 171 242
1064 129 1127 171 St.
1411 128 1461 167 723

105 250 260 306 σαφῶς
296 240 378 291 οὖν
416 244 497 299 ἤδη
533 245 761 302 μανθάνω
802 242 851 288 τὸ
888 243 1148 300 ἁμάρτημα.
1195 242 1252 293 ὡς
1287 243 1340 295 δή
1381 261 1464 294 τοι,

101 309 132 358 ὦ
169 319 327 372 ἑταῖρε,
365 313 580 369 μαντικόν
614 318 660 368 γέ
696 329 738 355 τι
769 314 842 355 καὶ
867 310 890 364 ἡ
919 310 1052 370 ψυχή.
1088 313 1159 366 ἐμὲ
1186 308 1272 365 γὰρ
1295 311 1461 366 ἔθραξε

98 387 176 439 μέν
210 399 252 424 τι
289 383 362 424 καὶ
397 377 536 423 πάλαι
572 382 755 432 λέγοντα
789 377 869 422 τὸν
913 378 1068 433 λόγον,
1113 381 1186 420 καί
1220 395 1310 428 πως
1345 380 1463 428 ὲδυς-

100 447 316 504 ωπούμην
352 446 455 490 κατ’

496 444 700 503 Ἴβυκον,
743 444 813 502 μή
864 463 915 488 τι
960 443 1112 501 παρὰ
1161 447 1329 495 θεοῖς
1363 443 1457 500 εὲμ-
1490 453 1534 493 Ι)

98 513 333 572 βλακῶν
390 512 568 569 τιμὰν
621 512 767 570 πρὸς
821 510 1153 570 ἀνθρώπων
1207 510 1462 573 ἀμείψω·

100 585 182 628 νῦν
219 582 256 626 δ’
299 578 503 643 ᾔσθημαι
540 578 591 624 τὸ
628 579 886 639 ἁμάρτημα.

194 712 244 750 ὡς
269 713 319 755 δή
344 723 436 752 τοι,
462 707 486 743 ὦ
510 711 584 754 ἐπ]
614 711 653 743 V.
681 709 725 747 ὠς
750 709 791 752 ὃν]
818 723 864 751 τι,
889 709 981 752 quod
1010 722 1050 744 ex
1069 710 1170 744 codd.
1189 712 1328 754 optimis
1352 724 1471 745 emen·
1518 722 1520 724 ·

102 759 242 800 datum,
273 768 468 802 quanquam
503 756 534 790 hi
560 759 684 800 partim
710 761 872 800 corrupte
896 755 939 793 ὡς
965 756 1021 799 δή,
1051 760 1100 790 vel
1127 758 1180 798 δέ,
1211 771 1272 790 ποι
1301 760 1470 801 scriptum

103 807 274 841 exhibent.

196 852 236 886 D.
262 847 492 895 ἆμβλακὼν
516 847 669 892 τιμὰν]
698 847 756 880 Sic
774 847 873 882 BodI.
898 847 1057 881 AHGT
1076 848 1182 883 Editt.
1216 847 1413 892 ἇμπλακών,
1441 861 1472 883 v.

103 942 254 975 debeant
277 940 439 983 intelligi:
472 949 648 981 semper
682 949 751 970 nu-

103 994 214 1029 tem,
248 986 615 1030 quotiescunque
653 984 753 1017 mihi

104 1033 325 1075 obtingit,
376 1042 438 1064 me
487 1031 661 1063 retinet
708 1041 753 1062 ac

103 1080 334 1119 deterret,
361 1076 523 1119 siquid
550 1075 753 1108 facturus

103 1136 202 1159 sum.
253 1124 322 1156 Iam
347 1133 431 1156 vero
449 1122 617 1155 dubitatio
644 1122 754 1154 nasci-

104 1176 178 1212 tur,
213 1170 324 1202 sintne
361 1168 445 1201 haec
479 1168 582 1200 verba
624 1173 757 1200 temere

103 1218 252 1255 invecta,
281 1225 321 1247 an
348 1214 536 1257 prudenter
559 1218 594 1245 et
619 1214 758 1246 consu!-

104 1267 141 1296 to
172 1261 388 1304 interposita.
447 1260 526 1294 Qua
565 1259 608 1292 de
633 1269 670 1291 re
695 1259 758 1291 mi-

103 1318 162 1341 ror
205 1307 330 1339 nemini
370 1315 488 1339 eorum
529 1305 560 1337 in
605 1309 756 1337 mentem

104 1353 241 1387 venisse
298 1351 496 1385 accuratius
558 1350 756 1392 disquirere,

103 1400 160 1443 qui
201 1399 244 1431 de
286 1397 351 1430 Ioci
397 1396 534 1438 ineptiis
583 1396 760 1438 conquesti

106 1450 195 1480 sunt.
245 1444 291 1476 Et
324 1443 403 1476 mihi
437 1443 575 1485 quidem
612 1453 678 1474 non
705 1446 759 1474 est

107 1491 268 1530 dubium,
309 1489 387 1531 quin
422 1489 569 1530 scriptor
608 1488 759 1520 iustissi-

106 1547 197 1570 mam
231 1535 387 1568 habuerit
420 1544 576 1567 caussam
605 1534 760 1566 inseren-

108 1583 173 1615 dae
216 1581 314 1614 huius
355 1580 608 1613 admonitionis,
672 1580 758 1613 Nam

107 1629 254 1672 primum
289 1626 342 1659 vel
383 1629 526 1668 propter
566 1625 669 1657 verba
711 1625 760 1657 in-

110 1670 456 1732 sequentia·“11pwu'7v
481 1671 578 1706 ἔδοξα
604 1669 763 1703 αυτόθεν

110 1719 278 1759 οἰκοῦσαι,
317 1715 339 1757 ἥ
369 1729 424 1760 με’
445 1715 506 1748 σι”κ
539 1718 578 1747 ἐᾶ
610 1715 762 1757 ἀπιέναι,

110 1770 151 1799 ut
185 1762 363 1798 Phaedrus
398 1763 431 1794 in
466 1762 657 1795 universum
691 1773 761 1794 rem

112 1811 374 1848 admoneretur,
399 1809 630 1840 necessarium
657 1808 762 1840 videri

112 1859 262 1901 poterat.
312 1854 444 1887 Deinde
468 1854 684 1887 manifestum
711 1858 765 1886 est

111 1902 326 1936 daemonium
354 1899 436 1940 hoc,
482 1899 573 1941 quod
598 1900 764 1932 retinendi

112 1953 247 1981 tantum
272 1957 312 1980 ac
327 1945 524 1978 deterrendi
543 1946 609 1978 vim
636 1945 763 1978 habere

114 1995 259 2035 dicitur,
295 1992 338 2024 ab
363 1991 439 2034 ipso
468 1988 614 2024 Socr'ate
638 1991 765 2034 opponi

113 2041 227 2074 animo
276 2036 479 2070 vaticinandi
518 2047 559 2070 ac
596 2037 764 2069 divinandi

115 2086 279 2118 facultate
305 2083 484 2126 praedito.
503 2083 569 2124 cui,
598 2084 655 2115 ubi
681 2083 764 2116 dae-

116 2131 266 2165 monium
293 2128 418 2171 aquuid
443 2129 515 2161 fieri
542 2129 763 2171 prohibuerit.

119 2175 284 2219 suspicari
309 2185 349 2207 ac
374 2175 527 2207 divinare
544 2175 657 2216 liceat,
682 2174 763 2216 quid

119 2224 164 2255 sit
187 2221 281 2264 quod
305 2225 483 2264 peccatum
509 2220 610 2252 suerit
637 2226 671 2253 et
697 2230 764 2262 quo

117 2269 151 2302 id
179 2266 281 2300 modo
315 2267 443 2309 expiari
477 2265 617 2302 debeat.
665 2267 766 2300 Quae

120 2313 234 2347 omnia
264 2313 320 2354 qui
361 2312 540 2353 diligenter
574 2311 766 2354 perpende-

120 2360 208 2398 rint,
240 2368 300 2390 eos
332 2368 510 2401 sperpmus
545 2358 642 2390 nobis
668 2357 767 2389 facile

123 2415 201 2438 esse
242 2413 489 2444 concessuros,
532 2405 605 2436 sine
645 2403 768 2436 idonea

124 2459 250 2484 caussa
283 2448 368 2480 hunc
401 2449 513 2481 locum
549 2461 567 2482 a
599 2451 679 2481 viris
705 2449 768 2480 do-

121 2498 186 2530 ctis
221 2495 254 2527 in
287 2495 504 2535 giossematis
537 2496 768 2538 suspicionem

121 2544 282 2576 vocatum
309 2549 398 2572 esse.

162 2589 201 2621 C.
229 2584 333 2618 δ’σον
351 2587 423 2627 μὲν
441 2585 614 2630 ἐμαυτῷ
630 2585 769 2630 μόνον

125 2630 304 2673 ἱκανός]
356 2631 523 2665 Videlicet
574 2643 637 2665 nec
684 2641 767 2665 vero

125 2681 208 2714 aliis.
257 2677 317 2711 Sic
349 2675 431 2708 ἀλλὰ
460 2695 500 2701 -—
528 2680 587 2719 μέν
618 2678 768 2720 positum

126 2724 277 2768 Sophist.
297 2734 329 2765 p.
345 2723 424 2758 240.
438 2723 478 2756 B.
504 2723 662 2767 οὐδαμῶς
686 2722 769 2764 ἅλη-

822 937 928 969 9ιι·ο’ν
974 951 1029 981 γε,
1080 938 1158 971 ἀλλ’
1215 940 1330 977 ἐοικὸς
1379 943 1466 983 ιιέν.

821 984 966 1019 Theaet.
983 997 1014 1027 p.
1033 984 1110 1018 20¹.
1124 986 1161 1020 B.
1186 986 1345 1029 οὐδαμῶς
1369 989 1469 1030 ἔγωγε

821 1043 851 1061 0
845 1044 938 1074 μαι
962 1030 1045 1062 ἀλλὰ
1073 1036 1185 1062 mima
1211 1037 1298 1075 μέν.
1328 1034 1412 1066 Ibid.
1439 1045 1473 1076 p.

828 1077 967 1111 1(17.Β.
1005 1075 1133 1119 τρόπον
1160 1077 1253 1121 δέ7’
1281 1079 1385 1111 ἄλλοι
1409 1079 1473 1110 ου’-

823 1123 943 1165 ὃεμΙαν
967 1123 1072 1164 ἔχειν,
1105 1122 1187 1154 ἀλλὰ
1226 1124 1373 1166 δυίαιιιν
1397 1127 1474 1168 μὲν

823 1168 915 1212 αὐτῷ
951 1172 1229 1211 παραγεγονέναι.
1267 1170 1406 1205 Lachet.
1442 1182 1474 1212 Ρ.

828 1214 902 1249 182.
930 1215 970 1246 D.
1006 1214 1081 1245 ἀλλ’
1116 1217 1187 1246 ἔστι
1218 1217 1293 1259 μὲν
1321 1216 1479 1256 χαλεπὸν

824 1261 939 1303 λέγειν,
975 1261 1158 1300 Protagor.
1194 1272 1226 1304 p.
1251 1261 1329 1296 344.
1358 1263 1398 1295 Α.
1433 1262 1476 1294 ου’

824 1307 890 1350 γὰρ
926 1306 1035 1345 εἶναι,
1076 1306 1160 1338 ἀλλὰ
1200 1309 1366 1350 γενέσθαι
1398 1312 1478 1351 μέν

825 1355 926 1386 ἐστιν.
958 1351 1049 1385 Men.
1074 1364 1104 1394 p.
1131 1352 1187 1387 87.
1214 1355 1260 1386 A·
1301 1354 1397 1385 οὔπω
1425 1353 1479 1383 οῗ-

828 1399 890 1438 ὄα,
916 1399 944 1430 εἰ
970 1399 1040 1430 ἴση
1064 1401 1173 1430 τοῦτο
1200 1403 1376 1439 τοιοῦτον,
1403 1398 1475 1431 ἀλλ’

827 1443 933 1486 ὥςπερ
961 1446 1039 1486 μέν
1071 1457 1145 1476 τινα
1178 1443 1353 1478 ὑπόθεσιν
1377 1444 1479 1488 οἶμαι

828 1491 1009 1533 προῦργου
1034 1490 1131 1531 ἔχειν.
1158 1491 1289 1525 Criton.
1308 1503 1339 1532 Ρ.
1362 1491 1416 1526 43,
1438 1492 1478 1524 I).

829 1536 871 1569 01¹5
904 1549 958 1568 τοι
991 1534 1029 1574 δ’)
1065 1535 1231 1578 ἀφῖκται,
1266 1537 1349 1568 ἀλλὰ
1387 1538 1479 1568 δοκεῖ

828 1585 900 1624 μέν
922 1593 984 1623 μοι
1013 1580 1102 1621 ἥξειν
1131 1582 1293 1625 τήμερον,
1345 1583 1480 1615 Videti-

830 1631 886 1659 cet
926 1627 1121 1669 oppositum
1158 1629 1282 1660 talibus
1324 1629 1355 1660 in
1395 1629 1481 1661 Iocis

832 1674 897 1704 iam
925 1673 1120 1705 continetur
1144 1674 1390 1714 superioribus.
1431 1674 1482 1706 De

833 1718 894 1751 hac
928 1719 1082 1751 Socratis
1117 1719 1333 1761 professione
1365 1723 1482 1752 autem

833 1764 921 1798 conf.
948 1764 1117 1798 Maxim.
1144 1764 1306 1806 Tyrius
1331 1765 1423 1799 XIV.
1452 1764 1484 1798 3.

833 1808 917 1842 ὅσον
943 1808 1037 1853 mins}
1069 1809 1186 1842 ἱκανὸν
1211 1810 1297 1842 εἶναι
1319 1823 1487 1853 χρησμῳ-

835 1856 926 1896 δεῖν,
962 1857 1016 1887 ubi
1049 1866 1081 1890 v.
1116 1856 1264 1890 Davis.
1312 1857 1488 1899 Respexit

835 1900 921 1934 haec
955 1902 1055 1934 etiam
1094 1902 1180 1934 Dio
1215 1902 1242 1934 C
1263 1901 1279 1934 Ιι
1298 1912 1313 1934 1·
1332 1913 1352 1944 y
1369 1914 1397 1934 s.
1425 1903 1488 1935 Or.

833 1947 961 1980 XVIII.
989 1959 1020 1990 ρ.
1034 1946 1111 1981 294.
1129 1947 1181 1982 ed.
1199 1948 1361 1990 Emper.:
1387 1950 1491 1990 μέχρι

830 1993 895 2037 γὰρ
924 1997 1001 2034 νῦν,
1028 1992 1134 2035 ὥςπερ
1161 2006 1213 2031 τις
1236 1996 1300 2035 ἔφη
1325 1997 1390 2025 τῶν
1417 2006 1487 2024 πα-

831 2041 934 2071 λαιῶν
959 2038 1056 2081 1ιῦτῷ
1091 2038 1205 2075 ἱκανὸς
1231 2039 1319 2071 εἶναι
1342 2037 1482 2081 μάντις,

831 2084 920 2128 κάγὼ
946 2085 1093 2128 ἐξαρκεῖν
1118 2084 1213 2125 ᾤμην
1238 2086 1376 2127 ἐμαυτῷ
1402 2084 1482 2126 περὶ

830 2131 916 2166 τοὺς
940 2130 1075 2173 λόγους.
1123 2130 1289 2163 NimIrum
1326 2130 1481 2171 qunutio

833 2176 928 2219 apud
954 2177 1143 2217 scriptores
1161 2175 1373 2218 posteriores
1399 2175 1482 2208 abiit

834 2223 866 2255 in
891 2222 1119 2265 proverbium.

880 2288 931 2326 ὡς
978 2286 1030 2329 δή
1071 2300 1140 2320 τοι
1171 2287 1235 2330 —]
1283 2288 1484 2330 quippe

834 2344 997 2373 revera,
1023 2344 1112 2366 nam
1138 2333 1359 2376 profecto.
1399 2333 1483 2366 Vide

836 2380 878 2413 ad
910 2380 1068 2421 Reipubi.
1101 2381 1174 2412 Iibr.
1209 2380 1250 2414 II.
1278 2391 1309 2422 p.
1337 2378 1416 2413 366.
1443 2380 1482 2412 C.

837 2446 881 2450 ——
906 2426 1125 2458 Contractam
1140 2426 1286 2458 formam
1315 2423 1484 2467 Oro'tnw

839 2471 970 2510 Atticis,
998 2472 1218 2513 inprimisque
1247 2471 1395 2511 Platoni,
1423 2481 1483 2502 ve-

838 2517 1014 2550 hementer
1031 2518 1199 2559 pIacnisse
1216 2517 1334 2549 docuit
1365 2516 1437 2548 Pie
1450 2526 1485 2547 r·-

837 2572 926 2595 son.
963 2562 1007 2594 ad
1041 2563 1150 2595 Moer.
1179 2574 1209 2605 p.
1240 2562 1314 2596 186.
1340 2561 1486 2594 Ruhn-

838 2610 931 2641 ken.
955 2607 997 2640 ad
1027 2608 1116 2642 Tim.
1141 2620 1173 2651 p.
1199 2608 1242 2643 93
1271 2618 1323 2649 sq.

883 2675 1209 2720 ἐδυςωτιοόμην
1247 2675 1342 2709 κατ’
1381 2674 1487 2715 Ἴβυ-

838 2721 929 2765 κον]
968 2722 1222 2756 Lobeckius
1265 2723 1307 2756 ad
1342 2720 1484 2763 Phryni-
