1687 2969
585 94 862 132 —Xl—

45 225 145 251 vero
181 208 292 259 haec
342 208 485 250 omnia
526 207 756 249 transitum
808 207 861 248 ad
894 222 1009 259 eam,
1051 223 1159 262 quae
1193 208 1401 266 deinceps

43 266 255 322 agitatur,
301 265 614 320 quaestionem.
674 264 789 306 Nam
830 263 930 310 inde
974 280 998 305 a
1040 280 1080 319 p.
1115 267 1204 309 253.
1247 267 1303 308 D.
1336 268 1402 308 in-

43 323 236 365 stituitur
278 321 519 378 disputatio
576 321 638 363 de
688 327 842 362 recta
883 336 941 370 ac
991 321 1213 363 vitiosa
1257 325 1401 365 scri-

42 379 212 422 bendi
252 378 600 433 dicendique
642 379 881 421 ratione..
957 377 1030 418 Ad
1074 378 1191 431 quod
1224 380 1396 434 quidum

42 441 342 493 argumentum
384 435 746 477 considerandum
790 450 921 489 quum
951 434 1176 477 Phaedrus
1206 445 1402 491 promtus

41 499 306 550 paratusque
327 493 398 546 sit,
430 493 591 548 quippe
622 491 722 533 inde
754 492 1021 547 voluptatem
1043 506 1143 532 vere
1168 492 1400 549 ingenuam

42 549 383 592 redundaturam
422 564 517 591 esse
558 549 823 602 existimans,
857 556 948 589 tum
981 548 1184 590 Socrates
1219 558 1398 592 venuste

42 613 86 648 et
114 607 277 648 urbane
309 607 438 647 etiam
469 605 641 648 cicadas
674 606 734 646 ait
766 605 809 646 in
840 605 999 646 vicinia
1019 612 1248 662 cantantes
1280 608 1398 663 ipsos

42 662 261 706 adhortari
301 662 462 718 videri,
512 663 766 718 praesertim
806 677 938 717 quum
969 677 1042 703 eae
1086 661 1315 718 Calliopae
1360 673 1401 706 ot

41 719 232 763 Uraniae
260 720 483 772 nuntient,
516 720 691 774 quinam
722 720 834 760 inter
855 718 1047 760 homines
1082 718 1400 779 philosophiam

40 777 187 819 colant
228 783 271 818 et
309 777 354 818 in
391 776 620 819 tractanda
658 783 749 818 arte
801 776 964 818 musica
1011 777 1214 831 occupati
1267 778 1399 819 vitam

41 833 204 890 degant
235 835 296 890 (p.
333 835 428 876 258.
460 833 514 875 E.
549 859 602 864 —
634 835 729 875 259.
763 833 837 888 E.)
867 859 919 863 —
979 832 1231 874 Instituitur
1258 842 1400 877 autem

40 890 193 932 harum
232 906 375 932 rerum
419 890 658 946 disputatio
692 891 768 944 sic,
803 897 851 931 ut
880 905 966 930 una
997 889 1235 944 eademque
1268 908 1402 947 opera

43 947 170 989 simul
216 948 343 989 binae
394 947 671 1002 quaestiones
710 953 1052 1004 pertractentur,
1105 947 1232 988 sicuti
1286 949 1401 990 haud

41 1004 224 1045 obscure
265 1020 307 1060 p.
341 1006 435 1046 277.
467 1004 518 1046 B.
551 1030 605 1035 --
647 1004 700 1045 E.
734 1003 839 1059 Cap.
874 1003 1024 1045 LXII.
1058 1010 1101 1045 et
1130 1003 1304 1046 LXIII.
1337 1006 1401 1047 in-

40 1059 228 1102 dicatum
269 1066 347 1103 est.
417 1061 531 1103 Nam
561 1061 662 1102 dum
695 1060 963 1115 disquiritur,
999 1076 1240 1114 quanam
1272 1078 1401 1104 con—

40 1116 256 1160 ditione
330 1119 574 1173 scriptio
645 1117 920 1159 librorum
977 1117 1274 1161 laudibilis
1349 1128 1402 1161 et

39 1174 256 1228 quando
287 1175 474 1231 turpis
506 1174 793 1216 existimanda
824 1174 902 1228 sit,
944 1174 1070 1215 simul
1119 1174 1248 1215 etiam
1288 1176 1397 1217 illud

40 1230 304 1286 ostenditur,
349 1231 468 1285 quod
509 1237 552 1273 et
592 1231 734 1287 ipsum
777 1230 832 1272 ad
872 1247 961 1272 rem
1011 1238 1282 1286 praesentem
1333 1235 1401 1275 vel

39 1288 222 1330 maxime
261 1289 476 1344 pertinet,
517 1288 657 1344 quid
687 1289 739 1329 in
770 1304 896 1329 reru
914 1304 954 1328 m
986 1303 1045 1329 ac
1077 1291 1403 1331 sentcntia-

37 1360 152 1385 rum
172 1345 516 1387 tractatione
549 1345 688 1387 artis
719 1345 931 1386 rationi
961 1351 1399 1389 consentaneum

40 1416 161 1443 esse
202 1403 437 1444 censeri
479 1401 692 1444 debeat.
770 1402 925 1456 Itaque
964 1402 1038 1443 ubi
1078 1402 1263 1457 primum
1304 1419 1399 1446 sus-

38 1464 164 1514 cepta
182 1465 248 1500 est
277 1458 330 1501 de
361 1460 524 1515 optimo
547 1459 767 1501 scribendi
800 1474 958 1514 genere
993 1458 1247 1514 disputatio,
1278 1463 1397 1516 prin-

41 1515 155 1570 cipio
199 1515 373 1570 quidem
405 1517 467 1573 (p.
500 1517 595 1558 255).
628 1517 681 1557 E.
718 1541 769 1546 —
803 1516 897 1556 262.
932 1513 1008 1570 C.)
1050 1516 1242 1571 graviter
1274 1519 1395 1574 copi-

39 1587 200 1625 oseque
234 1572 429 1627 docetur,
457 1573 513 1614 ad
554 1589 697 1614 veram
731 1588 1066 1629 germanamque
1100 1573 1273 1615 dicendi
1304 1575 1396 1616 lau-

38 1627 137 1669 dem
179 1629 353 1671 omnino
403 1629 565 1684 requiri
606 1622 876 1671 veritatis
916 1629 1245 1684 scientiam,
1303 1633 1395 1673 sine

38 1700 125 1739 qua
160 1700 214 1726 ne
255 1701 306 1727 ea
349 1686 523 1741 quidem
562 1687 797 1728 consistere
838 1686 977 1741 possit
1014 1685 1246 1739 rhetorica,
1282 1703 1394 1742 quae

36 1741 161 1784 unice
202 1750 439 1799 aucupetur
478 1744 665 1798 speciem
712 1742 1117 1785 verisimilitudinis.
1200 1744 1267 1786 Ex
1311 1761 1397 1799 quo

37 1798 315 1854 perspicuum
355 1815 451 1841 esse
492 1800 642 1854 debet,
684 1800 869 1856 primum
911 1799 1085 1853 quidem
1117 1799 1265 1842 doceri
1297 1802 1394 1856 hoc,

37 1870 216 1896 rerum
256 1856 660 1909 inventionem,
708 1872 836 1911 qnam
878 1856 1070 1898 rhetores
1102 1865 1286 1911 vocant,
1331 1865 1398 1899 to-

37 1918 123 1953 tam
154 1911 395 1954 ducendam
428 1929 522 1956 esse
555 1929 606 1954 ex
634 1913 936 1970 philosophiae
969 1914 1151 1955 scientia
1182 1922 1225 1956 et
1244 1916 1395 1972 cogni-

35 1968 167 2011 tione.
226 1969 326 2012 Hoc
357 1978 502 2012 autem
533 1970 829 2012 demonstrato
863 1970 1020 2011 deinde
1052 1971 1182 2012 etiam
1212 1972 1395 2015 ulterius

67 2025 299 2068 roceditur.
333 2026 594 2069 Ostenditur
611 2028 723 2069 enim
743 2027 1102 2081 luculentissime,
1128 2030 1396 2071 accuratiore

35 2041 257 2139 'Lysianae
289 2085 498 2126 orationis
530 2100 713 2126 censura
735 2084 951 2138 instituta,
986 2085 1211 2126 scientiam
1238 2098 1280 2127 et
1300 2086 1396 2141 phi-

34 2139 278 2195 losophiam
328 2141 454 2182 etiam
504 2141 559 2182 ad
614 2141 721 2183 duas
772 2141 876 2183 alias
930 2141 1203 2196 eloquentiae
1250 2150 1398 2198 partes

35 2197 211 2251 requiri,
247 2197 606 2253 quandoquidem
639 2214 725 2240 non
756 2197 885 2239 modo
924 2196 972 2239 τὸ
1014 2215 1230 2252 emeliam,
1279 2201 1396 2254 quod

35 2251 80 2293 in
125 2260 253 2309 apta
301 2255 713 2297 sententiarum
780 2254 1160 2310 dispositione
1224 2263 1395 2311 atque

38 2310 442 2354 coniunctione
475 2318 687 2364 cernatur,
723 2311 823 2352 inde
857 2327 1115 2367 suspensum
1137 2313 1194 2354 sit
1216 2314 1278 2368 (p.
1298 2315 1393 2355 2132.

38 2363 88 2406 C.
114 2391 168 2396 —
194 2368 289 2421 ⁶268.
314 2369 416 2422 A.);
454 2385 599 2410 verum
620 2369 751 2410 etiam
780 2369 863 2409 vis
896 2369 1078 2424 ipsius
1109 2376 1158 2410 et
1189 2370 1395 2411 effica—

37 2421 179 2464 citas
212 2425 255 2465 in
299 2426 453 2468 animis
494 2426 731 2482 legentium
770 2425 837 2466 vel
870 2426 1136 2467 audientium
1170 2442 1220 2467 ex
1242 2427 1393 2468 eadem

36 2478 246 2534 pendeatq
278 2482 332 2523 ad
363 2489 593 2536 utrumque
625 2483 736 2523 enim
760 2497 868 2536 opus
901 2498 993 2524 esse
1026 2489 1114 2523 arte
1147 2483 1390 2531 dialectica,

37 2552 123 2589 qua
161 2536 355 2581 rhetores
395 2546 636 2593 arguuntur
679 2539 810 2594 vulgo
843 2539 950 2579 male
973 2555 1144 2592 carere,
1179 2541 1390 2594 ouiusq110

36 2593 146 2633 ratio
189 2593 288 2635 (lata
330 2596 389 2636 rei
433 2593 760 2652 opportunitate
793 2596 834 2636 in
866 2596 1098 2637 illustriore
1128 2597 1222 2638 luce
1256 2598 1390 2638 collo-

36 2656 159 2691 catur
198 2652 260 2706 (p.
301 2651 395 2692 268.
439 2654 492 2693 A.
526 2679 578 2683 —-
621 2654 713 2694 274.
754 2652 842 2706 B.)
920 2652 1135 2705 Quocirca
1176 2659 1266 2694 toto
1307 2654 1390 2695 hoc,
