1687 2969
241 105 317 144 146

719 101 1092 145 PLATONIS

235 221 323 263 νῶν
357 224 503 272 ἕνεκας
537 218 588 262 οὐ
624 216 708 275 γάρ
740 236 827 263 που
862 224 1032 263 ἐκείνων
1067 235 1140 274 γε,
1185 212 1246 261 ὧν
1281 219 1582 275 προλυπηθῆ-

235 303 310 329 ναι
345 289 418 337 δεῖ,
454 282 480 338 ἢ
514 288 621 342 μηδὲ
659 284 875 340 ἡσθῆναι,
912 285 934 330 ὃ
973 285 1024 339 δὴ
1061 284 1211 340 ὀλίγου
1247 288 1387 329 πᾶσαι
1418 288 1582 343 αἱπερὶ

236 404 533 438 vehementissime
574 407 686 439 animo
722 417 876 439 commo-

238 457 318 491 tus,
352 452 498 493 ideoque
529 453 689 484 continuo
723 453 879 485 docentis

237 502 353 540 partes
377 498 537 540 suscipit,
573 499 619 529 ita
647 503 683 529 ut
708 498 794 530 adeo
819 498 880 530 ad-

239 544 299 575 dat
338 553 425 584 quae
468 544 701 576 sublimiorem
746 545 880 586 sapien-

238 591 317 621 tiam
330 589 459 630 spirare
476 589 679 622 videanturt
709 591 797 626 τίνος
824 592 882 632 μὲν

239 632 300 666 οὖν
332 634 422 666 ἕνεκα
451 635 519 668 κτλ.
554 635 583 669 ll.
620 646 648 668 e.
680 633 765 671 imo
799 638 876 677 (μὲν

239 678 319 722 οὖν)
356 681 583 713 cuiusnam
624 681 684 712 rei
728 682 875 723 gratia

237 727 345 759 adeo
379 736 511 768 prope
551 726 720 758 vixerit
757 727 876 768 quis-

238 774 362 815 piam,
384 772 466 804 nisi
493 772 651 803 talium
677 773 774 804 volu
789 777 876 813 pta·

239 823 327 850 tum
383 817 551 858 gratia?
617 817 709 850 Non
749 818 875 856 enim,

241 864 405 906 opinor,
426 864 595 895 illarum
617 867 740 895 certe
760 873 876 895 caus-

242 920 288 941 sa
342 908 569 940 vivendum
626 913 715 948 est,
775 913 877 941 ante

242 964 352 996 quas
384 958 591 996 oporteat
626 964 699 986 nos
725 953 879 987 dolore

242 1004 288 1033 et
312 1000 508 1032 tristitia
543 999 661 1032 affici
693 1005 766 1032 aut
792 1001 880 1042 pla-

241 1056 289 1078 ne
314 1055 463 1078 carere
488 1046 741 1087 voluptate,
766 1045 879 1088 quod

241 1092 337 1124 sere
377 1101 523 1123 omnes
562 1092 762 1132 corporis
812 1102 879 1123 vo-

243 1139 441 1178 luptates
473 1137 561 1169 sibi
598 1136 755 1170 liabent
784 1148 880 1180 pro-

243 1183 395 1225 prium3
437 1187 708 1224 quapropter
744 1184 875 1215 etiam

242 1230 336 1260 iure
394 1232 608 1260 vocantur
670 1227 875 1266 illibera-

240 1273 320 1311 les.
368 1273 529 1306 Nimirum
554 1274 680 1306 urbane
697 1274 878 1315 faceteque

242 1321 342 1352 Plato
376 1319 422 1351 ita
455 1318 624 1352 hominem
652 1321 789 1353 mollem
816 1330 878 1352 nec

240 1371 381 1397 naturae
418 1366 626 1407 voluptatum
674 1366 878 1408 imperitum,

242 1410 302 1443 sed
335 1410 496 1443 interiore
527 1421 641 1443 earum
674 1412 791 1443 notitia
816 1412 880 1444 im-

242 1457 359 1488 butum
400 1457 494 1489 finxit
524 1456 671 1498 ideoque
711 1457 793 1489 hanc
825 1469 879 1489 sa-

244 1503 404 1544 pientiam
453 1512 545 1534 suam
586 1503 630 1534 ita
679 1513 881 1545 expromere

242 1548 362 1587 iussit,
389 1551 428 1579 ut
452 1558 644 1587 summum,
668 1558 734 1590 quo
760 1554 880 1590 captus

242 1596 395 1633 tenetur,
428 1604 623 1626 sermonum
657 1594 880 1626 instituendo-

241 1649 313 1671 rum
341 1642 375 1670 et
400 1639 643 1672 audiendorum
673 1639 880 1672 desiderium

240 1686 349 1726 palam
372 1684 491 1724 faciat,
518 1690 552 1718 et
578 1686 804 1718 illiberale
830 1686 881 1717 di-

241 1735 296 1762 cat
314 1740 403 1770 esse,
420 1731 495 1762 aliis
511 1731 686 1773 indulgere
699 1732 882 1774 voluptati-

242 1777 317 1810 bns.
365 1776 430 1809 Cui
457 1776 580 1810 deinde
605 1778 792 1809 assentiens
816 1777 884 1809 So-

244 1826 375 1862 crates,
405 1822 489 1854 scite
514 1827 548 1855 et
573 1823 699 1854 urbane
724 1823 884 1855 cavillans

245 1878 331 1909 quae
372 1868 429 1900 ille
464 1867 640 1910 professus
672 1872 741 1908 est,
783 1869 884 1901 etiam

246 1912 384 1945 cicadas
417 1913 448 1945 in
480 1913 597 1945 vicinia
631 1917 803 1946 morantes
840 1914 886 1946 ait

245 1959 336 2001 ipsos
354 1959 501 2001 graviter
521 1969 751 1998 commonere,
777 1962 815 1990 ut
843 1959 885 1991 de

244 2006 366 2038 talibus
392 2005 495 2037 rebus
512 2014 687 2036 sermones
705 2005 882 2044 misceant,

244 2054 366 2095 quippe
391 2060 477 2092 quae
502 2050 674 2082 Musarum
708 2050 776 2082 sint
800 2060 883 2082 nun·

243 2100 330 2138 tiae,
364 2096 508 2129 Uraniae
533 2101 567 2128 et
592 2095 766 2137 Calliopae
790 2106 882 2128 com-

245 2143 444 2177 mendantes
478 2152 559 2181 eos,
607 2141 661 2182 qui
698 2141 729 2173 in
770 2151 881 2174 rerum

243 2190 436 2232 graviorum
474 2187 764 2220 commentatione
807 2197 882 2219 ver-

245 2239 384 2274 sentur,
433 2244 494 2267 eos
535 2237 667 2272 autem,
718 2232 774 2274 qui
813 2233 881 2264 iam

245 2286 400 2322 tempore
425 2278 608 2312 meridiano
624 2288 744 2310 somno
769 2279 881 2310 indul-

245 2330 367 2366 geant,
409 2329 580 2366 tamquam
624 2323 883 2357 illiberales

249 2369 480 2413 (ἀνδράποδα)
522 2374 757 2402 conteniturae
796 2370 881 2403 sint:

245 2426 331 2457 quae
355 2416 427 2457 ipsa
451 2415 554 2447 verba
593 2415 782 2447 certissimo
807 2420 884 2447 sunt

245 2464 459 2503 argumento,
484 2460 673 2493 Phaedrum
698 2465 797 2493 antea
822 2460 885 2496 τὰς

244 2506 515 2549 ἀνδραποὸόόεις
533 2504 656 2545 ἡδοναῖς
670 2517 881 2539 commemo-

244 2563 358 2593 rasse,
392 2562 479 2593 quae
503 2550 554 2582 liic
583 2551 692 2584 faceta
716 2553 884 2585 allusione

245 2601 440 2640 tanguntur.
489 2597 605 2637 Itaque
622 2597 730 2638 facile,
750 2598 881 2641 opinor,

245 2643 461 2686 intelligitur,
502 2646 612 2674 totum
653 2644 765 2676 locum
806 2653 883 2676 esse

247 2699 366 2722 sanum
414 2693 447 2722 et
492 2688 719 2729 incorruptum
770 2699 882 2730 neque

945 407 1015 438 ullo
1056 404 1160 437 modo
1203 405 1375 438 sollicitari
1413 410 1585 449 oportere.

947 452 1115 494 Superest
1143 455 1274 490 tamen,
1307 455 1344 483 ut
1381 450 1424 484 de
1456 452 1586 484 duabus

947 498 1050 530 rebus
1074 496 1325 529 admonendum
1353 496 1408 536 sit,
1434 507 1520 538 quae
1543 497 1587 529 ad

951 543 1096 575 eundum
1119 543 1240 574 clarius
1265 542 1499 575 illustrandum
1525 553 1587 574 va-

950 590 1049 622 leant.
1109 588 1242 620 Etenim
1271 589 1417 629 primum
1448 587 1587 629 quidem

951 634 993 667 de
1018 634 1211 667 cicadarum
1246 633 1356 666 fabula
1384 636 1501 676 paucis
1527 644 1587 666 ex—

945 681 1125 722 plicavisse
1146 680 1282 719 iuvabit,
1308 690 1397 721 quae
1422 689 1587 720 quorsum

944 727 1132 769 pertineat,
1166 726 1207 757 ab
1242 725 1481 767 interpretibus
1519 735 1586 757 non

944 781 1186 813 usquequaque
1201 776 1414 812 perspectum
1430 774 1493 804 est.
1515 771 1586 803 Du-

944 818 1019 859 plici
1054 821 1167 848 autem
1199 817 1334 848 nomine
1367 816 1504 848 videtur
1533 816 1585 848 fa-

945 864 1033 895 bella
1058 862 1215 894 notabilis
1241 872 1317 894 esse
1346 861 1500 903 adeoque
1524 861 1588 894 du-

945 909 1066 951 plicem
1100 908 1144 939 ob
1178 917 1335 939 caussam
1373 908 1586 949 interposita,

944 953 1110 995 siquidem
1145 957 1179 985 et
1212 952 1254 985 ad
1281 952 1427 995 lepidam
1453 954 1588 986 cavilla-

944 1001 1072 1032 tionem
1098 1002 1297 1040 comparata
1331 1003 1402 1039 est,
1437 1002 1472 1031 et
1497 1000 1587 1031 valet

946 1048 1047 1078 etiam
1075 1055 1139 1084 eo,
1173 1048 1210 1076 ut
1242 1044 1408 1076 liominem
1434 1044 1476 1076 ad
1501 1045 1590 1077 libe-

947 1091 1064 1124 ralium
1108 1091 1233 1122 artium
1272 1100 1312 1122 ac
1356 1089 1588 1123 doctrinarum

946 1137 1095 1169 studium
1131 1147 1149 1168 a
1185 1140 1304 1167 natura
1343 1135 1472 1168 factum
1512 1146 1590 1169 esse

945 1182 1157 1216 ostendatur.
1199 1182 1328 1213 Etenim
1346 1181 1480 1214 cicadas
1505 1192 1589 1214 con-

945 1233 1013 1260 stat
1037 1239 1056 1259 a
1081 1228 1222 1260 Graecis
1249 1227 1420 1259 veteribus
1455 1226 1588 1260 habitas

946 1285 1025 1307 esse
1050 1283 1109 1316 pro
1135 1272 1339 1315 garrulitatis
1379 1276 1414 1304 et
1437 1273 1590 1314 loquaci-

948 1320 1025 1353 tatis
1063 1319 1251 1358 indicibus,
1295 1323 1333 1350 ut
1367 1319 1468 1350 etiam
1508 1329 1590 1361 pro-

948 1365 1121 1398 verbium:
1160 1369 1316 1406 τέττιγος
1341 1362 1588 1408 εὐφωνότερος,

950 1411 1108 1444 cicada
1134 1411 1343 1447 vocalior,
1369 1409 1589 1443 inhominem

948 1457 1118 1499 impendio
1154 1457 1324 1497 garrulum
1355 1459 1588 1498 usurparetur.

949 1504 1028 1537 Quo
1061 1502 1196 1534 nomine
1226 1502 1330 1534 etiam
1367 1501 1590 1534 Athenienses

949 1548 1115 1581 interdum
1143 1557 1220 1579 cum
1239 1547 1362 1579 cicadis
1386 1556 1590 1589 comparan-

950 1599 1024 1633 tur,
1060 1603 1203 1635 quorum
1234 1592 1395 1634 imprimis
1430 1593 1510 1625 inde
1545 1593 1590 1625 ab

950 1643 1065 1673 aetate
1093 1639 1234 1671 Periclis
1265 1639 1383 1680 ingens
1418 1638 1590 1671 extitisset

949 1686 1128 1728 garrulitas
1147 1689 1248 1725 atque
1274 1683 1499 1716 immoderata
1520 1684 1589 1716 dis-

950 1730 1084 1764 serendi
1109 1740 1149 1762 ac
1180 1729 1329 1772 litigandi
1357 1722 1534 1772 cupiditas.
1560 1740 1590 1764 v.

950 1781 1087 1819 praeter
1126 1775 1300 1809 Homer.
1342 1775 1437 1808 Iliad.
1469 1775 1525 1809 111.
1558 1786 1589 1810 v,

954 1823 1012 1857 151
1030 1832 1103 1863 sqq.
1130 1821 1187 1863 qui
1213 1820 1300 1852 hunc
1316 1831 1414 1852 usum
1432 1821 1591 1862 loquendi

950 1868 1137 1911 praeivisse
1166 1865 1321 1907 videtur,
1362 1866 1590 1908 Aristoph.

953 1916 1034 1946 Avv.
1060 1924 1091 1946 v.
1110 1912 1165 1946 39.
1191 1912 1304 1953 ibique
1320 1912 1426 1955 intpp.
1452 1911 1540 1946 Nub.
1557 1923 1590 1948 v.

950 1958 1027 1994 980.
1060 1958 1188 2000 Equitt.
1213 1968 1242 1991 v,
1272 1957 1344 1992 133.
1370 1959 1447 1992 coll.
1479 1956 1591 1991 Tliu-

951 2004 1040 2046 cyd.
1068 2004 1092 2036 l.
1119 2003 1149 2038 6.
1176 2003 1353 2036 Platon.
1381 2003 1468 2046 ng.
1505 2003 1531 2037 1.
1556 2016 1590 2046 p.

951 2050 1028 2084 641.
1059 2049 1098 2083 Ε.
1142 2050 1376 2083 Aristotel.
1413 2049 1515 2083 Rliet.
1548 2050 1591 2084 ll.

950 2096 1005 2136 23,
1032 2106 1062 2129 n.
1112 2095 1228 2137 ltaque
1253 2095 1417 2128 Socrates
1451 2094 1515 2128 hac
1538 2095 1590 2128 fa-

950 2142 1029 2173 bula
1045 2141 1229 2174 enarranda
1244 2140 1438 2173 Phaedrum
1456 2141 1591 2175 videtur

950 2187 1062 2230 lepide
1095 2187 1289 2228 urbaneque
1325 2185 1436 2218 ridere
1468 2190 1590 2230 utpote

950 2231 1186 2265 confabulandi
1210 2230 1465 2274 cupidissimum
1479 2233 1589 2265 omni-

950 2289 1063 2320 noque
1087 2287 1281 2310 sermonum
1310 2278 1409 2319 longe
1425 2279 1590 2311 amantis-

951 2326 1073 2356 simum
1101 2333 1209 2364 eoque
1234 2323 1308 2365 ipso
1329 2323 1428 2356 etiam
1451 2324 1590 2357 Atheni·

951 2380 1050 2402 enses
1075 2369 1193 2401 leniter
1207 2369 1366 2402 cavillari.
1391 2369 1590 2403 Cavendum

950 2420 1062 2448 tamen
1081 2418 1145 2453 est,
1165 2424 1206 2446 ne
1223 2415 1254 2446 in
1269 2415 1332 2447 hoc
1350 2424 1415 2446 uno
1435 2419 1589 2457 putemus

947 2461 1058 2494 inesse
1066 2459 1187 2494 omnia.
1205 2460 1290 2493 Nam
1304 2461 1589 2493 meraeirrisionis

950 2507 1058 2548 gratia
1083 2505 1109 2537 si
1138 2505 1248 2538 fabula
1265 2506 1463 2548 interposita
1483 2509 1588 2546 esset,

949 2562 1030 2584 sane
1066 2562 1105 2584 ea
1146 2551 1364 2585 veliementer
1410 2551 1588 2593 displicere

950 2597 1091 2630 deberet
1116 2601 1234 2638 utpote
1258 2598 1398 2630 alienior
1421 2597 1462 2629 ab
1486 2606 1590 2638 argu-

949 2646 1065 2676 mento
1091 2642 1164 2675 libri
1189 2644 1360 2686 primario,
1386 2642 1588 2685 praesertim

949 2698 1050 2730 quum
1085 2687 1182 2721 etiarn
1222 2689 1355 2731 longior
1402 2687 1444 2720 sit
1484 2691 1589 2729 atque
