1687 2969
797 174 1073 211 —XL——

266 292 314 329 ut
351 299 462 340 quae
505 284 561 327 ad
597 300 694 328 eum
735 286 1022 342 pertinerent,
1060 299 1112 327 ea
1151 299 1236 326 non
1275 299 1394 326 esse
1441 283 1610 339 (εἶναι)

267 342 346 386 sed
386 342 515 384 fieri
546 343 844 398 (γίγνεσθαι)
886 340 1070 383 dicenda
1110 347 1278 395 essent,
1310 341 1470 397 quippe
1502 356 1613 395 quae

265 413 500 453 numquam
549 405 666 441 certo
715 400 1021 451 consisterent,
1085 397 1163 439 sed
1221 404 1430 453 perpetuo
1488 397 1613 452 quasi

268 455 442 497 flumine
464 455 741 511 agitarentur.
801 455 871 496 De
894 470 979 509 qua
999 454 1138 511 ipsius
1169 454 1378 495 sententia
1406 470 1447 495 v.
1468 454 1612 495 Phae-

268 512 370 555 don.
410 528 452 568 p.
491 514 558 555 80.
602 513 659 554 A.
699 513 751 553 B.
783 527 878 567 sqq.
917 511 1027 553 Tim.
1068 527 1110 567 p.
1145 512 1212 552 28.
1244 511 1300 552 A.
1341 511 1408 551 52.
1438 510 1494 552 D.
1541 510 1613 552 De

267 569 376 625 Rep.
419 568 501 611 VI.
541 586 583 626 p.
625 570 721 611 507.
762 567 813 611 C.
857 583 951 623 sqq.
993 567 1193 624 Sympos.
1234 584 1276 624 p.
1317 568 1414 608 211.
1459 567 1515 610 Α.
1560 565 1611 608 C.

266 625 439 668 Phileb.
488 642 531 682 p.
582 627 647 667 15.
685 626 742 667 A.
785 627 851 667 53.
897 625 954 666 D.
997 640 1092 679 sqq.
1162 623 1381 677 Quorsum
1427 623 1614 679 pertinet

267 682 477 739 imprimis
517 682 644 724 etiam
680 682 927 738 praeclarus
967 681 1038 722 ille
1068 682 1189 723 locus
1223 679 1413 722 Phaedri
1441 696 1483 736 p.
1516 681 1611 722 247.

267 740 324 781 A.
357 754 470 794 sqq.,
504 739 578 781 ubi
608 738 726 794 quod
754 738 986 795 species
1016 738 1105 780 sive
1136 736 1302 783 ideaje·
1326 737 1370 777 in
1402 737 1509 778 coeli
1541 751 1613 778 su-

268 795 445 852 perficie
488 810 623 850 eaque
666 811 754 837 non
793 794 976 847 ahenea,
1019 794 1147 836 sicuti
1187 792 1444 848 quibusdam
1473 793 1614 835 visum

271 858 363 906 est,
410 851 488 893 sed
516 853 661 908 potius
691 852 892 893 aetherea
921 858 964 892 et
992 850 1179 905 liquida,
1219 849 1482 906 spectandae
1512 865 1614 906 pro-

271 914 512 966 ponuntur,
553 909 830 950 vehementer
867 907 1026 949 iudicio
1065 923 1142 949 suo
1182 907 1282 948 falsi
1317 913 1418 948 sunt
1467 905 1614 960 quiid

269 965 444 1022 proprio
466 979 597 1006 sensu
626 970 899 1021 acceperunt,
931 979 1063 1018 quum
1084 978 1137 1004 ex
1157 969 1250 1004 toto
1274 963 1370 1004 loco
1392 968 1612 1018 appareat,

270 1020 577 1078 philosophum
605 1020 726 1063 ideas
758 1021 818 1063 ibi
847 1036 933 1062 non
965 1020 1047 1061 alio
1067 1019 1196 1061 modo
1226 1019 1403 1061 finxisse
1435 1019 1614 1076 adspec-

270 1077 451 1132 tabiles,
484 1092 612 1132 quam
643 1093 728 1133 quo
764 1077 865 1119 alibi
898 1077 1025 1118 etiam
1051 1076 1185 1118 verba
1224 1080 1455 1121 θεᾶσθαι..
1487 1075 1611 1129 ὁρᾶν,

267 1136 459 1189 βλέπειν.
479 1134 532 1176 al.
559 1133 616 1176 ad
639 1134 769 1175 animi
787 1134 1029 1188 mentisque
1053 1132 1456 1188 contemplationem
1474 1139 1614 1175 trans-

272 1192 492 1242 feruntur3
535 1190 587 1233 de
620 1206 706 1246 quo
736 1206 818 1233 usu
850 1189 1058 1244 loquendi
1088 1205 1127 1231 V.
1158 1190 1274 1231 Ast.
1319 1189 1375 1230 ad
1410 1189 1613 1231 Politia-m

268 1265 312 1304 p.
353 1248 447 1290 573.
491 1253 534 1289 et
580 1246 839 1289 Creuzer.
881 1246 936 1288 ad
974 1246 1135 1288 Plotin.
1174 1246 1244 1287 De
1283 1245 1524 1287 Pulcritud.
1568 1262 1612 1301 p.

271 1306 339 1347 36.
381 1310 423 1346 et
452 1306 545 1346 210.
617 1304 782 1345 Verum
819 1304 902 1346 hoc
942 1310 1160 1357 tamquam
1202 1318 1280 1358 per
1319 1303 1612 1354 occasionem3

272 1361 459 1403 redimus
497 1360 553 1402 ad
581 1361 866 1417 propositum.
916 1360 1129 1402 Distinxit
1157 1360 1289 1415 igitur
1328 1358 1613 1415 philosophus

274 1418 490 1474 duplicem
519 1417 741 1471 mundum,
773 1418 953 1458 alterum
973 1416 1302 1472 intelligibilem,
1334 1415 1515 1457 alterum
1537 1415 1612 1457 ad-

272 1474 565 1531 spectabilem.
638 1475 739 1530 Hoc
777 1489 880 1516 vero
922 1472 1072 1515 mundi
1102 1473 1346 1514 discrimine
1376 1472 1612 1514 constituto

271 1546 542 1586 consequens
582 1545 675 1573 esse
712 1530 942 1584 iudicavit,
984 1536 1032 1571 ut
1070 1529 1262 1571 veritatis
1289 1528 1531 1571 scientia
1561 1534 1613 1570 et

272 1588 532 1644 cognitio
587 1587 761 1629 nomine
810 1603 887 1629 suo
932 1586 1063 1643 digna
1109 1584 1380 1640 (ἐπιστήμη)
1424 1601 1477 1627 ex
1514 1585 1612 1627 unis

271 1644 380 1687 ideis
401 1643 637 1701 repetenda
658 1650 790 1695 esset3
822 1644 952 1685 rebus
976 1642 1342 1699 adspecta-bilibus
1363 1647 1495 1697 atque
1515 1657 1611 1684 sen-

272 1717 398 1744 suum
426 1701 695 1757 perceptioni
714 1701 920 1742 subiectis
950 1700 1057 1741 nihil
1087 1699 1173 1741 nisi
1205 1699 1408 1755 opinio
1440 1697 1610 1754 (δόξα),

273 1774 383 1813 quae
415 1764 529 1800 esset
567 1757 690 1812 quasi
717 1758 831 1799 illius
864 1757 1038 1810 umbra,
1071 1756 1395 1810 relinqueretur.
1427 1772 1466 1796 V.
1499 1755 1610 1797 Tim.

271 1831 315 1871 p.
347 1816 413 1857 28.
444 1816 500 1857 A.
539 1814 749 1856 Phaedon
776 1830 818 1870 p.
850 1815 916 1855 65.
958 1813 1015 1854 D.
1057 1814 1123 1854 74.
1161 1813 1212 1853 B.
1252 1827 1348 1867 sqq.
1388 1811 1459 1853 De
1498 1811 1610 1868 Rep.

271 1888 314 1927 p.
345 1873 443 1913 477.
474 1871 643 1914 Phileb.
674 1887 716 1926 p.
752 1872 817 1912 15.
848 1871 905 1912 A.
936 1871 1003 1911 59.
1035 1868 1085 1911 C.
1119 1870 1266 1925 Symp.
1297 1885 1339 1924 p.
1365 1869 1523 1910 211.Α
1555 1894 1610 1899 —·
1667 1874 1670 1875 ⁷

275 1928 326 1970 C.
355 1927 544 1971 Phaedr.
575 1943 617 1982 p.
650 1928 744 1969 247.
774 1927 826 1969 E.
857 1941 952 1980 sqq.
983 1927 1038 1967 A.
1070 1943 1112 1982 p.
1145 1927 1239 1968 250.
1270 1926 1323 1967 Ε.
1355 1926 1409 1966 al.
1454 1925 1610 1979 Neque

273 2001 376 2028 vero
416 1984 472 2026 ad.
508 1984 702 2026 veritatis
754 1984 978 2025 scientiam
1016 1983 1245 2025 arbitratus
1298 1988 1364 2024 est
1419 1982 1471 2024 ab
1515 1982 1609 2024 aliis

273 2041 489 2098 perveniri
527 2055 654 2097 posse
693 2040 777 2082 nisi
812 2040 865 2081 ab
904 2039 979 2093 iis,
1031 2040 1105 2094 qui
1141 2045 1350 2096 perpetuo
1388 2039 1432 2080 in
1467 2054 1609 2080 rerum

274 2105 545 2141 aeternarum
596 2097 802 2138 memoria
850 2095 1130 2138 instauranda
1187 2103 1315 2150 atque
1376 2095 1610 2138 recolenda

274 2160 559 2198 versarentur.
617 2153 671 2195 Id
712 2160 853 2195 autem
880 2152 979 2194 ideo
1011 2153 1106 2194 fieri
1134 2168 1262 2209 posse
1294 2153 1475 2206 censuit,
1508 2151 1610 2207 quia

275 2213 403 2254 animi
441 2211 630 2265 humani,
660 2210 912 2267 priusquam
948 2209 993 2251 in
1024 2210 1108 2252 hoc
1139 2209 1307 2251 mortali
1335 2224 1514 2264 corpore
1543 2209 1608 2250 in-

275 2268 574 2320 cluderentur,
617 2267 717 2310 olim
745 2267 789 2308 in
818 2267 907 2308 vita
935 2266 1144 2308 diviniore
1174 2281 1260 2308 una
1290 2281 1386 2307 cum
1417 2265 1499 2307 diis
1529 2265 1608 2306 im-

274 2326 526 2367 mortalibus
575 2324 731 2367 versati
777 2329 946 2377 essent,
992 2324 1036 2365 in
1067 2338 1153 2378 qua
1190 2322 1296 2378 ipsis
1325 2337 1467 2363 rerum
1498 2321 1607 2364 divi-

272 2397 424 2423 narum
469 2381 799 2437 spectandarum
848 2380 992 2422 oblata
1039 2386 1155 2422 esset
1198 2379 1512 2435 opportunitas.
1563 2395 1605 2420 v.

273 2437 496 2480 Phaedon.
544 2454 586 2494 p.
629 2440 694 2480 73.
733 2439 789 2479 A.
831 2438 896 2479 75.
935 2437 989 2479 Β.
1032 2451 1095 2490 sq.
1128 2437 1194 2478 79.
1225 2436 1283 2477 D.
1317 2437 1396 2478 102
1424 2461 1480 2467 —
1511 2437 1605 2477 107.

274 2493 324 2535 C.
364 2494 551 2536 Phaedr.
592 2510 634 2550 p.
680 2496 775 2536 249.
815 2493 868 2535 E.
907 2495 1001 2536 250.
1042 2494 1101 2534 A.
1143 2493 1238 2535 247.
1291 2491 1341 2535 C.
1389 2492 1459 2534 De
1496 2492 1605 2547 Rep.

272 2551 378 2593 VII.
416 2568 457 2608 p.
498 2553 593 2594 534.
634 2551 686 2592 B.
729 2550 780 2593 C.
810 2551 920 2592 Tim.
962 2567 1002 2607 p.
1035 2552 1102 2593 30.
1143 2550 1196 2591 B.
1227 2548 1359 2602 Quod
1389 2548 1605 2604 quomodo

271 2608 634 2664 interpretandum
675 2608 743 2659 sit,
776 2608 819 2649 in
849 2607 994 2664 aprico
1025 2613 1102 2649 est.
1162 2605 1336 2662 Quippe
1368 2606 1496 2648 animi
1524 2605 1603 2646 hu-

271 2665 385 2706 mani
425 2665 619 2706 Platonis
667 2664 827 2706 iudicio
868 2680 921 2706 ex
967 2664 1140 2706 numine
1191 2662 1336 2705 divino
1387 2670 1603 2717 tamquam

269 2721 449 2764 delibati
479 2721 675 2778 primitus
705 2720 956 2764 diviniorem
986 2720 1248 2775 liberamque
1279 2736 1303 2761 a
1331 2718 1603 2763 mortalitatis
