1687 2969
392 144 810 189 PHAEDRUS.
846 146 894 187 P.
934 147 1015 186 260
1048 143 1111 187 St.
1357 146 1432 185 153

189 265 321 308 ΦΑΙ.
394 265 623 306 Φαίνεται.

180 331 287 374 ΣΩ.
344 328 480 375 Ὅταν
514 323 594 373 οὖν
629 328 652 373 ὁ
687 327 919 388 ῥητορικὸς
952 328 1129 383 ἀγνοῶν
1156 325 1432 382 ἀγαθὸνκαὶ

77 396 226 450 κακόν,
263 397 412 454 λαβὼν
447 397 576 441 πόλιν
611 395 812 448 ὠςαύτως
839 400 1023 452 ἔχουσαν
1054 398 1205 456 πείθῃ,
1240 393 1299 448 μὴ
1338 399 1433 449 περὶ

76 463 186 510 ὄνου
221 467 346 515 σκιᾶς
382 463 438 515 ὡς
474 468 612 507 ἵππου
650 462 725 507 τὸν
773 467 955 507 ἔπαινον
991 461 1275 518 ποιούμενος,
1319 460 1432 516 ἀλλὰ

78 535 176 589 περὶ
214 534 352 576 κακοῦ
388 530 445 582 ὡς
477 531 679 587 ἀγαθοῦ,
716 531 846 583 δόξας
882 532 925 573 δὲ
963 529 1171 582 πλήθους
1205 532 1434 584 μεμελετη-

75 597 159 650 κώς
195 602 317 659 πείσῃ
350 596 463 642 κακὰ
498 597 709 654 πράττειν
744 598 845 641 ἀντ’

661 662 900 723 ῥητορικὴν
942 663 1113 722 καρπὸν

77 666 159 710 οἴει
194 664 302 721 μετὰ
347 668 489 709 ταῦτα
535 663 616 717 τὴν

75 734 267 791 θερίζειν
278 751 292 787 ‚·

169 887 210 919 D.
257 885 425 927 καρπὸν
461 881 514 918 ὧν
544 887 743 929 ἔσπειρε]
774 880 820 917 ὧν
850 885 949 919 vind.

77 932 298 972 ΓΣΦΒΗ,
324 931 415 973 quod
441 931 659 966 desiderabat
684 933 867 974 stephan..

449 978 557 1021 Vulgo
583 980 705 1022 iegitur
728 978 780 1012 ὅν.

76 979 173 1018 kero,
202 978 398 1012 Buttmann.

78 1025 142 1057 mis
169 1024 261 1057 libris
286 1028 484 1057 revocatum
509 1028 572 1057 est.

74 1136 242 1177 adhiberi,
285 1136 342 1169 ubi
384 1137 552 1169 exercitus
592 1137 718 1169 intelli-

73 1183 203 1226 gendus
231 1186 293 1215 est.
339 1182 443 1217 Quod
458 1184 566 1225 ipsum
585 1183 720 1215 videtur

75 1229 244 1269 effecisse,
270 1232 308 1260 ut
333 1228 475 1271 στρατιὰ
501 1230 650 1261 maxime
676 1228 718 1261 de

74 1275 226 1308 exercitu
253 1274 541 1316 frequentaretur.

117 1341 422 1385 ἀποπολεμεῖν
477 1356 520 1375 τε
565 1341 718 1385 χρήσι-

72 1388 180 1431 μον]
212 1387 242 1423 h.
269 1399 297 1422 e.
323 1390 482 1432 πολεμεῖν
505 1387 568 1421 ἀπ’
595 1387 721 1430 αὐτοῦ,

73 1438 112 1466 ut
159 1439 253 1467 recte
301 1434 546 1476 interpretatur
584 1435 719 1467 Hein-

73 1479 207 1519 dors..
238 1490 440 1522 comparans
479 1482 659 1521 Protagor.
687 1491 720 1522 p.

73 1525 151 1560 350.
171 1531 211 1559 A.
235 1525 303 1559 ἀπὸ
331 1529 395 1558 τῶν
417 1527 528 1559 ἳππων
548 1526 719 1569 πολεμεῖν.

122 1594 161 1626 C.
212 1589 299 1636 ’Ap’
350 1589 428 1627 οὖν
475 1594 521 1626 ου’
573 1598 719 1637 κρεῖτ-

77 1640 224 1683 10²¹—]
243 1639 400 1672 Ficinus:
424 1640 573 1673 Nonne
599 1651 718 1682 prae-

76 1690 168 1718 stat
196 1686 441 1719 ridiculum
469 1687 651 1719 amicum
681 1686 720 1727 (i.

76 1743 106 1765 e.
118 1735 275 1773 tanquam
287 1733 454 1774 amicum)
473 1742 581 1773 esse,
597 1741 720 1773 quam

74 1788 250 1820 gravem
283 1778 485 1819 (callidum)
519 1782 553 1810 et
578 1778 720 1809 inimi-

74 1833 165 1856 cum
209 1823 491 1866 (malitiosumfl
551 1823 718 1856 Nimirum

73 1868 138 1902 hoc
170 1868 270 1909 dicit,
304 1879 398 1910 eum,
441 1869 497 1912 qui
527 1869 606 1911 quid
640 1879 719 1901 sua—

72 1914 171 1955 deat,
195 1925 295 1956 quem
321 1915 458 1957 quidem
485 1925 575 1948 nunc
599 1916 718 1958 appel-

73 1961 121 1993 lat
147 1961 266 2002 φίλον,
292 1962 406 2003 potius
431 1961 506 1994 fore
529 1961 720 2001 ridiculum,

73 2016 175 2048 quam
209 2008 280 2039 eius
314 2008 526 2047 rationibus,
567 2007 618 2039 cui
659 2007 721 2039 aii-

73 2052 152 2093 quid
191 2053 338 2085 suadere
377 2057 537 2093 conetur,
580 2063 719 2094 gravem

75 2102 109 2130 et
135 2098 317 2133 inimicum.
367 2099 485 2138 Φίλον,
506 2099 597 2140 quod
618 2103 721 2131 vocat

75 2142 140 2174 τὸν
165 2145 354 2185 πείθοντα,
389 2146 493 2177 sumit
525 2149 628 2186 atque
657 2155 720 2186 po—

76 2189 123 2220 nit
148 2189 253 2231 iilum,
279 2191 337 2232 qui
362 2191 460 2223 alteri
485 2189 614 2232 aliquid
640 2200 720 2222 sua-

75 2235 173 2275 deat,
215 2246 294 2277 erga
335 2236 422 2269 hunc
454 2247 532 2269 esse
567 2237 718 2268 benevo-

75 2281 154 2314 lum.
213 2281 314 2319 Quod
361 2282 497 2323 quidem
539 2281 649 2324 lepide
684 2285 718 2313 et

75 2326 203 2359 urbane
234 2327 380 2361 Phaedri
424 2328 532 2371 gratia
564 2329 611 2360 ita
646 2327 717 2359 fieri

74 2371 230 2411 videtur,
277 2374 330 2406 cui
373 2374 512 2415 Lysim,
565 2373 718 2415 quamvis

74 2419 201 2450 amoris
221 2417 392 2451 divinioris
411 2424 529 2452 natura
555 2430 621 2452 non
639 2428 718 2461 per-

75 2468 214 2505 specta,
251 2468 364 2497 tamen
393 2466 596 2497 sententiam
622 2475 718 2497 suam

74 2513 112 2541 ut
147 2510 275 2541 amicus
307 2510 493 2544 benevolus
534 2521 721 2554 persua-

73 2559 205 2588 serat

118 2599 172 2643 μὴ
202 2599 301 2643 περὶ
326 2599 431 2632 ὄνου
456 2603 597 2643 σκιᾶς]
626 2603 720 2634 Allu-

74 2645 159 2679 dens
192 2646 235 2678 ad
269 2647 482 2688 proverbium
514 2647 598 2679 ὄνου
632 2646 720 2686 σκιά,

73 2691 164 2732 quod
197 2692 362 2734 significat
396 2702 466 2725 rem
501 2692 613 2733 nihili,
657 2704 720 2735 pro

76 2737 158 2770 ὄνον
182 2738 268 2771 dixit
293 2737 376 2771 ὄνου
393 2741 497 2775 σκιᾶς.
546 2738 637 2772 Male
657 2739 719 2782 igi-

897 597 1113 653 ἀγαθῶν,
1158 595 1289 639 ποῖόν
1335 613 1433 639 τινα

1160 658 1220 706 ὧν
1264 666 1428 720 ἔσπειρε

983 886 1012 918 l.
1042 884 1073 918 3.
1097 884 1128 918 ὃ.
1162 883 1255 917 Fior.
1288 896 1318 918 a.
1344 895 1372 917 c.
1400 883 1428 916 ii.

829 978 911 1011 Mox
936 989 972 1020 γε
998 981 1077 1020 post
1101 975 1141 1008 ου’
1169 975 1259 1008 πάνυ
1284 987 1326 1009 ex
1342 977 1431 1018 opti-

788 1140 844 1169 tur
883 1134 1140 1171 Heindorf...
1182 1135 1335 1176 quamvis
1375 1146 1431 1167 as—

789 1182 959 1215 sentiente
1018 1180 1270 1222 Bernhardy
1319 1181 1431 1225 Ency—

789 1229 878 1270 clop.
916 1228 1036 1261 Phiioi.
1064 1239 1095 1270 p.
1126 1226 1200 1260 147.
1236 1237 1310 1259 voc.
1338 1231 1433 1262 σκιᾶς

789 1274 1046 1310 exterminavit,
1084 1273 1154 1306 iure
1187 1273 1229 1305 ab
1256 1273 1351 1305 Astio
1378 1283 1435 1304 re-

787 1319 989 1398 prehenlsuS.
1021 1320 1208 1352 Praeterea
1225 1320 1301 1361 lege
1318 1318 1432 1352 Schoi.

786 1365 828 1398 ad
857 1365 886 1398 h.
914 1367 933 1399 Ι.

833 1411 872 1446 D.
898 1409 1068 1450 καρπὸν
1093 1412 1147 1442 ὠν
1171 1409 1350 1452 ἔσπειρε
1376 1410 1430 1453 θ]

785 1457 813 1490 L
819 1458 929 1500 egitur
949 1457 1052 1498 vulgo
1078 1454 1129 1494 δ”,ι
1155 1455 1247 1497 quod
1277 1455 1433 1488 Astius

785 1504 833 1536 sic
839 1483 1027 1536 ⁷:defenditzi
1054 1500 1258 1541 ἢ,Καρτιόν
1246 1514 1288 1533 ον
1303 1504 1431 1543 ἔσπειρε

786 1549 957 1593 θερίζειν,
984 1549 1112 1589 inquit
1146 1548 1245 1579 Plato
1271 1549 1342 1581 sine
1369 1547 1431 1579 du-

786 1595 841 1627 bio
875 1595 988 1636 posuit
1021 1597 1164 1636 propter
1197 1595 1430 1635 proverbium,

785 1640 876 1682 quod
908 1640 1068 1673 Hermias
1093 1650 1124 1681 p.
1156 1637 1229 1672 182.
1258 1640 1377 1672 affert:
1411 1638 1428 1669 ὁ

789 1686 873 1717 κακὰ
902 1687 1046 1728 σπείρων
1074 1683 1156 1716 κακὰ
1174 1684 1317 1728 θερίζει.
1342 1684 1430 1718 conf.

790 1731 907 1765 Schol.
935 1743 967 1774 p.
990 1730 1068 1765 317.
1095 1730 1203 1764 Bekk.
1243 1735 1277 1762 et
1302 1731 1384 1763 Era
1398 1741 1433 1761 s-

788 1779 839 1810 mi
868 1777 998 1820 Adagg.
1024 1777 1083 1810 111.
1109 1777 1140 1809 7.
1158 1776 1212 1811 60.
1234 1787 1267 1818 p.
1283 1776 1361 1811 649.
1378 1777 1432 1810 ed.

789 1824 865 1856 Col.
923 1824 1056 1863 Verba,
1102 1823 1290 1864 praemisso
1331 1822 1435 1854 ποῖόν

787 1882 877 1910 τινα,
903 1870 934 1902 in
961 1879 1027 1911 quo
1054 1869 1244 1901 sententiae
1269 1869 1318 1900 vis
1334 1869 1433 1909 inest

786 1916 832 1948 ita
866 1920 985 1948 coacta
1016 1918 1113 1955 sunt,
1155 1919 1192 1946 ut
1233 1915 1318 1947 soivi
1352 1925 1433 1957 pos-

789 1962 875 1994 sint:
907 1959 1041 2004 καρπὸν
1072 1972 1112 1992 ον
1145 1962 1292 2003 ἔσπειρε,
1329 1960 1432 1992 ποῖόν

788 2020 866 2039 Τίνα
892 2009 957 2039 otu
981 2006 1068 2038 Εἶναι
1092 2018 1131 2038 0²
1157 2018 1242 2048 μὲἵα
1272 2010 1385 2038 ’[αῦῖα
1412 2021 1428 2046 1)

790 2052 950 2095 ῥητορικὴ
978 2051 1144 2094 θερίζειςι
1150 2055 1159 2069 ⁶
1208 2052 1434 2084 Artificiosior

788 2105 906 2132 tamen
932 2102 966 2131 et
990 2098 1180 2131 contortior
1212 2109 1250 2130 ea
1278 2101 1330 2129 est
1355 2109 1431 2129 ver-

788 2145 909 2177 borum
952 2145 1144 2186 explicatio.
1208 2145 1257 2174 Ac
1295 2142 1432 2175 videtur

788 2195 966 2233 praeterea
1010 2190 1111 2222 etiam
1156 2199 1211 2221 res
1244 2189 1314 2230 ipsa
1347 2188 1432 2221 hanc

785 2237 936 2277 flagitare
955 2236 1173 2267 sententiam:
1203 2245 1222 2275 q
1236 2244 1255 2265 u
1266 2245 1283 2266 e
1294 2244 1324 2266 m
1337 2245 1354 2266 n
1368 2245 1386 2266 a
1399 2246 1430 2267 ni

785 2282 977 2314 fructum
1008 2284 1138 2322 putas
1171 2283 1312 2312 artem
1340 2291 1431 2313 ora-

786 2327 945 2360 toriam
980 2324 1151 2369 exiis,
1191 2336 1300 2367 quae
1340 2330 1432 2358 tan-

787 2383 915 2415 quam
967 2372 1134 2404 semina
1190 2373 1429 2414 sparserit,

786 2430 807 2460 p
821 2421 1004 2459 erceptu
1019 2427 1101 2450 ram
1130 2428 1240 2457 esse,
1255 2427 1330 2450 nam
1346 2419 1431 2450 scri-

788 2464 953 2496 bendum:
981 2462 1082 2494 ποῖόν
1106 2462 1168 2494 τιν)
1196 2462 1237 2494 (ἲν
1261 2464 1335 2498 οἴει,
1363 2465 1430 2496 Ac—

790 2509 880 2542 cedit
903 2508 997 2550 quod
1024 2503 1070 2541 ὧν
1094 2509 1125 2541 in
1150 2509 1244 2542 libris
1262 2519 1327 2541 non
1347 2520 1430 2552 pau-

789 2556 837 2587 cis
864 2555 972 2596 iisque
1009 2555 1091 2587 satis
1117 2555 1231 2596 probis
1256 2559 1428 2597 repertum

789 2605 852 2634 est.
902 2600 1087 2633 Praeterea
1107 2601 1266 2633 alluditur
1282 2600 1429 2633 sortasse

788 2647 915 2679 ironice
941 2646 981 2678 ad
998 2646 1123 2678 dictum
1146 2646 1318 2688 quoddam
1338 2647 1429 2678 Gor-

787 2693 884 2734 giae,
912 2692 1007 2724 cuius
1032 2691 1187 2726 meminit
1213 2692 1428 2724 Aristote-

788 2739 852 2771 ieS
879 2737 1019 2771 Rhetor.
1047 2738 1106 2772 Ill.
1131 2737 1162 2772 3.
1192 2736 1230 2770 σι)
1260 2737 1291 2770 δὲ
1317 2740 1428 2769 ταῦτα

905 931 1072 974 probante
1095 930 1310 969 Heindorfim
1339 930 1451 962 Beth>
