1687 2969
177 452 219 492 I)

253 76 327 114 104
733 73 1115 116 PLATONIS

247 188 444 250 λοσόᾳου
483 189 678 233 διάνοια·
727 191 837 245 πρὸς
878 189 963 247 γὰρ
1013 194 1192 239 ἐκείνοις
1225 189 1294 233 ἀεί
1325 196 1413 234 ἐστι
1449 192 1595 252 μνήμῃ

248 256 361 299 κατὰ
418 253 628 313 δύναμιν,
687 255 798 313 πρὸς
858 256 1003 314 οἷς-περ
1054 254 1166 307 θεὸς
1214 254 1274 300 ὢν
1316 256 1444 308 ῧιῖός
1494 264 1599 301 ἐστι.

251 331 342 374 τοῖς
377 326 421 367 δὲ
461 322 513 377 δὴ
548 322 770 375 τοιούτοις
802 322 918 378 ἀνὴρ
950 322 1259 380 ὑπομνήμασιν
1294 322 1448 378 ὀρθῶς
1479 325 1599 381 χρώ-

249 407 399 446 μενος,
436 393 603 442 τελέους
639 390 707 434 ἀεὶ
741 389 914 441 τελετὰς
948 389 1236 446 τελούμενος,
1284 393 1424 441 τέλεος
1460 390 1598 442 ὅντως

249 455 384 513 μόνος
416 463 622 514 γίγνεται.
658 458 936 514 ἐξιστάμενος
965 460 1010 501 δὲ
1032 460 1119 500 τῶν
1141 456 1442 513 ἀνθρωπίνων
1464 473 1601 502 σπου-

337 587 451 631 πρὸς·
489 585 640 631 οἷσπερ
677 588 782 625 θεὸς
813 588 865 620 ιίιι
901 588 1029 627 θεῖός
1058 590 1098 620 ἐι
1110 591 1171 628 τι]
1223 588 1405 626 Quattuor
1436 588 1607 621 lectiones-

248 639 417 666 memorat
444 634 601 667 Hermias
634 634 674 666 ad
710 634 738 667 h.
773 636 792 668 l.
821 636 881 667 Tio
867 647 1006 690 ωσιιρεᾊῖς
1041 635 1173 687 inquit,
1207 636 1370 675 ([έοοιται
1406 636 1550 675 7ραφιιί·
1580 634 1599 675 ἢ

246 680 334 720 πρὸς
358 684 474 721 olgi-129
500 679 517 710 ὁ
547 680 632 717 θεὸς
656 693 701 711 ιον
720 679 806 717 θεὸς
830 683 862 711 ἰιι
855 694 931 721 πιν,
958 680 976 721 ἢ
1002 693 1045 711 πα
1041 680 1101 711 λἰν
1131 679 1229 717 θεῖός
1249 682 1352 711 ‹fo-tu
1377 677 1398 719 ἢ
1428 679 1513 720 μετὰ
1534 683 1600 711 τοῦ

247 725 411 767 ἅρθυου,
444 739 507 766 που
493 738 531 762 υς
564 729 677 766 οἱςι-ιερ
710 725 728 757 ὁ
759 726 845 761 θεὸς
878 726 922 757 ὢν
949 726 1034 762 θευς
1058 727 1090 756 ἒσ
1085 739 1166 764 ιῑιν,
1194 724 1213 766 ιζ’
1238 724 1342 756 mim
1374 725 1474 760 θεῖός
1498 728 1598 757 ἐστιν.

249 772 431 803 Articulum
458 770 473 802 ὅ
506 773 606 809 »ulcro
632 776 711 803 ante
739 772 825 808 θεὸς
850 772 1090 813 interpositum
1119 770 1418 804 0111.Bodl.5at
1447 771 1527 805 V,en
1560 772 1600 804 ΙΙ.

247 817 325 849 Par.
352 816 510 850 GNOT
536 816 628 849 Flor.
654 828 686 858 g.
711 816 741 851 11.

244 927 479 969 scribendum,
512 940 544 972 p.
580 927 659 963 245.
692 928 731 962 D.
780 931 888 960 τοῦτο

241 973 328 1016 πηγὴ
355 975 409 1005 καὶ
433 974 519 1017 ἀρχὴ
553 974 719 1015 κινήσεως,
745 974 845 1016 Reip.
863 974 889 1006 Ι.

242 1031 275 1063 p.
300 1019 378 1054 342.
407 1022 445 1052 Α.
481 1022 551 1052 ἔστι
576 1021 610 1052 δὲ
634 1023 740 1053 τοῦτο
765 1031 890 1062 τυραν-

245 1067 309 1107 νίς,
334 1067 393 1098 ubi
417 1077 448 1101 v.
473 1070 588 1100 annot.
615 1066 723 1107 Gorg.
750 1076 782 1107 p.
809 1065 888 1100 504.

243 1112 284 1145 l).
332 1115 444 1144 ταῦτα
483 1111 515 1144 δ’
565 1111 636 1143 ἐστὶ
676 1111 888 1152 δικαιοσύνη.

244 1156 418 1192 Phaedon.
439 1169 469 1200 p.
489 1157 596 1192 73.[).
615 1161 718 1190 τοῦτο
745 1156 780 1188 d'
802 1157 890 1188 ἐστὶν

245 1202 442 1246 ἀνάμνησις.
487 1203 588 1246 Apol.
621 1202 717 1236 Soet.
764 1213 796 1245 p.
836 1203 890 1236 ⁵29.

247 1253 286 1280 A.
326 1250 438 1280 καίτοι
468 1253 574 1281 τοῦτο
606 1252 674 1286 πῶς
705 1247 768 1279 οὐκ
800 1247 892 1291 ἆμα-

247 1294 315 1325 ma
346 1295 444 1326 ἐστίν.
497 1294 664 1327 Videlicet
697 1297 805 1325 τοῦτο
840 1298 892 1326 est

246 1337 285 1371 τὸ
315 1339 459 1374 ξυνιέναι
481 1339 562 1372 κατ’
591 1340 682 1375 εἶδος
707 1339 892 1382 λεγόμενον

245 1386 316 1417 κτλ.
352 1386 452 1419 conf.
479 1385 707 1419 Schaefer.
742 1385 784 1417 ad
821 1386 890 1418 De-

247 1431 416 1466 mosthen.
442 1434 571 1474 Appar.
602 1430 644 1463 T.
673 1431 712 1465 V.
749 1441 783 1473 p.
809 1431 888 1467 289.

290 1498 398 1543 πρὸς
421 1497 502 1543 γὰρ
527 1499 889 1537 ἐκείνοις-’θεῖ-

247 1543 293 1581 ός
325 1546 396 1576 ἐστ
409 1545 442 1588 ι]
490 1545 681 1578 Dictionem
714 1543 800 1589 πρός
824 1558 891 1578 τινι

244 1589 331 1622 εἶναι
361 1592 415 1624 vel
446 1591 644 1633 γίγνεσθαι,
675 1592 715 1624 in
739 1592 890 1634 aliqua

245 1646 290 1668 re
336 1647 428 1669 esse
472 1636 688 1678 defixum,
745 1641 890 1670 totum

246 1681 288 1713 in
322 1683 469 1724 aliqua
500 1692 546 1715 re
588 1693 701 1720 esse,
740 1683 892 1716 illustra-

248 1727 358 1760 vimus
388 1727 431 1760 ad
464 1728 590 1770 Remp.
623 1728 711 1762 Vlll.
749 1740 779 1771 p.
813 1728 892 1763 567.

247 1778 288 1806 A.
346 1773 445 1806 Adde
484 1783 572 1815 quae
614 1774 753 1816 collegit
782 1774 892 1815 Wyt-

249 1818 450 1851 tenbach.
477 1818 520 1851 ad
546 1819 720 1853 Phaedon.
754 1831 786 1862 p.
811 1819 891 1854 223.

250 1867 284 1896 et
308 1863 443 1896 Menex.
476 1875 509 1906 p.
541 1864 621 1899 239.
645 1866 688 1896 D.
724 1866 758 1896 ἐν
783 1866 892 1906 ἐκείνῳ

248 1911 294 1951 τῷ
308 1907 421 1953 χρόνῳ
439 1908 640 1952 γιγνόμενον
656 1909 758 1952 λόγῳ.
782 1911 888 1952 Legg.

248 1954 306 1988 Ill.
349 1966 380 1996 p.
413 1954 490 1990 683.
523 1956 561 1989 C.
600 1955 779 1997 γενώμεθα
816 1960 890 1993 ταῖς

247 2001 413 2036 διανοίαις
434 2001 468 2033 ἐν
492 2004 537 2044 τῷ
563 2001 640 2033 τότε
663 1999 790 2044 χρόνῳ.
838 2002 890 2034 De

249 2047 339 2087 Rep.
363 2046 423 2080 Ill.
450 2058 483 2090 p.
508 2047 587 2082 396.
613 2047 654 2082 Ι),
704 2047 787 2079 Mox
811 2051 889 2079 ante

249 2091 336 2129 θεός
361 2102 441 2125 cum
469 2094 592 2126 Astio
625 2091 799 2124 codicibus
826 2093 888 2124 ob-

249 2139 512 2179 temperavimus
556 2138 735 2171 articulum
784 2138 888 2170 omit-

250 2183 408 2216 tentibus.
461 2185 521 2217 Sic
546 2184 588 2217 P.
613 2183 690 2217 248.
718 2186 756 2217 A.
783 2182 801 2224 ἡ
832 2186 892 2226 μὲν

247 2228 370 2269 ἄριστα
387 2231 459 2271 θεῷ
472 2229 622 2272 ἑπομένη.
643 2227 726 2263 lbid.
744 2229 783 2261 C.
796 2227 888 2270 ψυχὴ

247 2277 321 2317 θεῷ
346 2273 549 2314 ξυνοπαδός.
575 2276 614 2308 Ρ.
640 2274 718 2309 249-
743 2275 783 2308 C.
805 2286 891 2318 συμ-

247 2323 461 2363 πορευθεῖσα
486 2323 570 2365 θεῷ.

293 2387 334 2418 D.
358 2392 651 2421 νουθετεῖται
674 2409 719 2413 —
745 2387 795 2426 ὥς
818 2401 890 2421 ηα-

247 2433 452 2475 ρακινῶν]
505 2435 663 2476 Vulgaris
702 2435 787 2468 haec
825 2434 889 2467 fuit

247 2477 529 2520 philosophorum
541 2480 772 2522 reprehensio,
786 2491 887 2522 quam

247 2523 350 2556 Plato
383 2524 495 2566 tetigit
527 2526 628 2558 etiam
661 2527 715 2559 De
739 2526 888 2568 Republ.

248 2568 302 2602 Vl.
327 2580 360 2611 p.
385 2568 466 2603 487.
489 2571 560 2602 VII.
587 2582 620 2613 p.
645 2572 723 2607 517.
748 2572 788 2604 D.
813 2572 888 2613 pul-

248 2613 414 2648 cherrime
432 2617 609 2649 exornavit
626 2617 735 2659 Gorg.
755 2627 776 2659 p
807 2617 888 2652 481.

247 2660 288 2691 C.
306 2670 380 2703 sqq.
398 2680 441 2685 ——-
465 2666 742 2705 παρακινεῖν,
768 2673 887 2696 vesa-

792 818 950 850 Dativum
978 830 1038 859 μιι
1037 830 1092 860 -μη
1120 827 1181 859 pro
1205 815 1323 859 μνηίιη
1346 816 1412 848 iam
1440 816 1599 849 Hermias

956 937 1052 960 num
1081 938 1149 960 ess
1167 939 1206 967 e,
1233 933 1472 961 commotae
1490 938 1602 961 men-

956 974 1018 1005 tis
1057 984 1181 1012 esse,
1227 973 1447 1014 delirare,
1482 979 1520 1006 ut
1551 975 1602 1007 De

956 1019 1102 1061 Republ.
1142 1019 1212 1051 vll.
1252 1030 1284 1061 p.
1316 1018 1394 1053 540.
1430 1023 1469 1054 Α.
1509 1021 1599 1052 Ari-

957 1064 1100 1107 stopli.
1139 1065 1226 1097 Rau.
1262 1064 1341 1100 658.
1372 1075 1403 1099 v.
1443 1065 1602 1098 Sellae—

958 1110 1000 1142 se
1013 1121 1038 1144 r.
1075 1110 1115 1142 ad
1143 1110 1303 1153 Sopliocl.
1332 1111 1423 1145 Alae.
1461 1122 1493 1154 p.
1523 1110 1603 1146 2:27.

959 1158 1047 1188 Ast.
1090 1156 1131 1188 ad
1167 1155 1196 1187 Ιι.
1231 1157 1250 1190 l.
1291 1156 1515 1191 Hermann.
1558 1157 1601 1188 ad

961 1201 1100 1235 Lucian.
1128 1203 1171 1234 de
1200 1201 1289 1236 Hist.
1316 1202 1456 1234 Conscr.
1475 1213 1506 1244 p.
1523 1202 1600 1237 278.

962 1247 1091 1279 Eodem
1126 1247 1229 1280 modo
1255 1247 1425 1280 ὑποκινεῖν
1450 1249 1601 1290 positum

960 1293 1010 1324 De
1036 1294 1125 1335 Rep.
1151 1293 1210 1327 lX.
1236 1304 1267 1335 p.
1293 1292 1370 1327 573.
1398 1294 1436 1325 C.

998 1339 1113 1370 ’Ἐστι
1137 1338 1182 1379 δὴ
1215 1335 1291 1369 οὖν
1315 1338 1510 1381 δεῦρο-]
1530 1340 1602 1372 Re-

958 1395 1118 1417 versurus
1162 1389 1278 1416 orator
1316 1385 1357 1418 ad
1403 1385 1476 1424 illa,
1515 1396 1603 1427 quae

958 1441 1061 1472 supra
1099 1430 1142 1463 de
1182 1430 1281 1462 xariis
1319 1430 1419 1463 animi
1451 1409 1600 1463 c’oncita-

957 1477 1058 1508 tionis
1082 1476 1261 1517 generibus
1272 1476 1472 1522 exposuit,
1498 1477 1602 1509 utitur

957 1502 1131 1563 particulis
1165 1521 1203 1561 ὀὴ
1241 1525 1323 1561 οὑν,
1358 1531 1500 1563 quarum
1533 1523 1600 1555 vim

957 1568 1003 1600 ita
1030 1567 1142 1600 licebit
1166 1567 1352 1606 declarare,
1378 1571 1417 1599 ut
1443 1567 1528 1599 hanc
1550 1568 1603 1600 di-

959 1623 1077 1645 camus
1103 1623 1179 1646 esse
1210 1613 1452 1646 sententiarum
1478 1624 1602 1646 conse-

959 1659 1148 1691 cutionem:
1197 1658 1281 1691 Iam
1325 1668 1427 1690 vero
1458 1663 1505 1691 ut
1538 1669 1602 1692 re-

959 1709 1183 1737 vertamur
1235 1703 1349 1736 unde
1412 1703 1602 1737 deflexit

960 1761 981 1783 o
1000 1761 1016 1782 ι·
1034 1761 1053 1782 a
1070 1751 1161 1790 tio,
1215 1749 1446 1781 incidimus
1493 1760 1602 1782 nunc

959 1797 1105 1838 ipsum
1137 1796 1175 1827 in
1209 1799 1408 1836 quartum
1435 1795 1600 1828 furoris

959 1851 1121 1882 genus,
1163 1840 1216 1872 de
1254 1850 1334 1881 quo
1379 1841 1599 1882 explican—

960 1887 1053 1918 dum
1093 1886 1189 1919 erit.
1254 1886 1391 1927 Quippe
1425 1887 1600 1919 illustratis

958 1932 1065 1964 tribus
1096 1931 1219 1964 furoris
1251 1932 1455 1973 generibus,
1487 1933 1520 1964 in
1547 1932 1599 1964 di-

957 1978 1147 2016 vinatione,
1201 1978 1367 2011 scelerum
1409 1978 1601 2019 expiatione

957 2033 1033 2055 cum
1065 2022 1304 2055 initiationibus
1334 2023 1502 2064 mysticis,
1547 2028 1600 2055 at-

958 2078 1025 2110 que
1052 2069 1210 2100 instinctu
1235 2069 1372 2110 poetico
1390 2069 1597 2110 conspicuis,

956 2114 1035 2146 inde
1067 2125 1086 2146 a
1111 2125 1140 2156 p.
1166 2114 1243 2147 245.
1274 2113 1312 2148 C.
1343 2119 1504 2155 coeperat
1536 2114 1598 2146 de-

959 2164 1152 2192 monstrare
1189 2161 1318 2191 animos
1350 2170 1426 2191 esse
1457 2160 1599 2192 immor-

958 2207 1043 2237 tales
1076 2209 1111 2238 et
1145 2206 1178 2237 in
1210 2206 1280 2237 vita
1310 2205 1388 2236 olim
1423 2215 1497 2237 cum
1532 2205 1593 2237 diis

961 2256 1037 2283 acta
1075 2261 1129 2283 res
1168 2252 1339 2283 coelestes
1376 2251 1597 2291 spectavisse.

957 2297 1027 2329 lam
1060 2306 1163 2338 quum
1193 2306 1306 2328 sermo
1341 2296 1442 2328 veluti
1475 2301 1598 2337 sponte

958 2341 999 2374 ad
1027 2342 1118 2384 prius
1135 2345 1369 2383 argumentum
1388 2341 1520 2374 delatus
1545 2343 1597 2374 vi-

959 2388 1100 2427 deatur,
1142 2391 1297 2428 quartum
1334 2386 1457 2421 furoris
1489 2398 1599 2430 genus

962 2433 1103 2464 instituit
1126 2433 1306 2472 illustrare,
1331 2432 1420 2473 quod
1447 2434 1596 2476 positum

958 2482 1011 2510 est
1034 2478 1067 2509 in
1091 2488 1218 2518 amore,
1242 2478 1402 2519 quodque
1422 2480 1493 2511 vult
1518 2489 1596 2511 esse

957 2523 1104 2556 omnium
1132 2525 1230 2566 longe
1253 2524 1594 2566 praestantissimum.

1002 2567 1048 2611 ἢν
1074 2568 1178 2600 δ’ταν
1206 2569 1250 2601 τὸ
1277 2569 1460 2610 τῆὃέτις
1485 2568 1595 2611 ὁρῶν

957 2633 1001 2639 -
1038 2614 1229 2657 ἐραστης
1275 2614 1529 2657 καλεῖται]
1545 2615 1593 2647 lta

957 2664 1068 2694 totum
1094 2660 1179 2693 liunc
1207 2662 1317 2694 locum
1345 2671 1363 2693 e
1387 2659 1485 2693 codd.
1514 2671 1592 2694 mss.
