1687 2969
439 166 682 205 GORGIAS.
712 167 756 203 P.
788 169 880 203 483.
910 169 1002 203 484.
1033 167 1091 204 ed.
1125 166 1180 203 St.
1405 168 1480 202 201

136 281 311 324 τοῦτον,
342 275 394 315 ὃν
422 274 541 328 ἡμεῖς
568 273 811 328 τιθέμεθα,
834 274 1085 322 πλάττοντες
1090 273 1214 335 ῥτοὺς
1244 274 1486 326 βελτίστους

135 339 206 381 καὶ
235 338 626 393 ἐῤῥωμενεστάτους
653 340 776 394 ἡμῶν
798 339 954 387 αὐτῶν,
985 337 1030 380 ἐκ
1052 338 1162 380 νέων
1180 340 1485 392 λαμβάνοντες,

136 404 272 458 ὥςπερ
300 402 473 453 λέοντας
501 403 806 458 κατεπᾴδοντες
844 418 887 445 τε
924 404 995 445 καὶ
1022 405 1319 457 γοητεύοντες,
1360 419 1484 445 κατα-

135 470 410 524 δουλούμεθα
439 469 651 523 λέγοντες,
691 470 748 518 ὡς
775 471 823 511 τὸ
862 470 957 511 ἴσον
995 468 1072 522 χρὴ
1113 467 1220 523 ἔχειν
1259 468 1330 510 καὶ
1357 475 1484 510 τοῦτο

135 533 220 577 ἐστι
248 537 296 577 τὸ
325 535 457 577 καλὸν
496 535 567 577 καὶ
594 536 641 577 τὸ
671 535 847 576 δίκαιον.
892 534 966 575 ἐὰν
1004 532 1047 575 δέ
1076 549 1149 587 γε,
1180 531 1320 588 οἶμαι,
1352 535 1485 586 φύσιν

136 600 288 655 ἱκανὴν
316 600 487 654 γένηται
515 599 621 655 ἔχων
649 601 783 654 α’νήρ,
826 599 965 640 πάντα
993 606 1126 641 ταῦτα
1154 599 1485 652 ἀποσεισάμενος

134 666 204 707 καὶ
232 665 459 720 διαῤῥήξας
496 666 563 708 καὶ
601 666 854 719 διαφυγών,
891 666 1189 718 καταπατήσας
1225 665 1276 706 τὰ
1304 665 1483 718 ἡμέτερα

133 731 357 785 γράμματα
395 730 465 773 καὶ
504 731 834 785 μαγγανεύματα
881 729 951 772 καὶ
999 729 1164 785 ἐπῳδὰς
1204 729 1275 771 καὶ
1322 731 1484 783 νόμους

134 882 214 905 τους
229 869 326 913 ἡμῶν
338 868 461 908 αὐτῶν,
477 870 515 902 ἐκ
532 870 620 902 νέων
633 869 877 913 λαμβάνοντες,
887 869 1000 912 ὥςπερ
1016 870 1150 904 λέοντας
1165 870 1218 902 καὶ
1236 868 1482 912 κατεπᾴδοντες

135 928 168 949 τε
193 928 222 948 κ.
248 929 271 948 τ.
297 918 323 948 λ.
372 917 467 957 Quae
492 927 593 958 quam
617 916 731 958 inopte
756 921 789 948 et
812 920 965 948 contorte
990 916 1162 955 dicantur,
1188 926 1287 947 nemo
1313 916 1377 948 erit
1400 916 1481 956 quin

1006 961 1096 1003 quod
1121 962 1190 993 fere
1215 961 1280 993 soli
1304 962 1381 993 Par.
1406 962 1482 992 EF.

133 966 295 1004 protenus
319 963 453 994 sentiat.
498 962 622 994 Delevi
647 962 701 993 καὶ
726 965 803 1004 post
826 960 976 999 λέοντας,

988 1007 1103 1039 Herm.
1137 1005 1306 1045 τιθέμεθα
1340 1008 1484 1038 circum-

133 1011 292 1048 tuentur,
330 1012 364 1039 et
403 1007 583 1039 emendavi
614 1007 933 1049 interpunctionem.

135 1053 283 1094 scripsit.

200 1099 235 1129 P.
260 1096 337 1131 484.
372 1095 626 1140 διαφυγών,
659 1095 974 1139 καταπατήσας]
1009 1097 1049 1128 V.
1085 1095 1271 1139 διαφυγών
1302 1097 1357 1128 καὶ
1386 1108 1482 1128 κατα-

135 1141 295 1186 πατήσας.
329 1143 424 1175 Eieci
456 1143 511 1174 καὶ
544 1153 620 1175 cum
654 1142 769 1175 Clark.
794 1143 871 1173 Vat.
904 1143 1009 1174 Coisl.
1034 1143 1110 1176 Par.
1136 1142 1365 1174 BCEFIW.
1393 1142 1485 1174 Flor.

134 1199 164 1219 a.
189 1189 220 1220 b.
247 1199 277 1220 c.
302 1188 324 1220 f.
347 1199 391 1220 m.
408 1199 438 1221 o.
463 1199 489 1219 s.
507 1199 539 1219 x.
564 1189 617 1220 De
642 1188 707 1221 hac
731 1188 987 1230 participiorum
1013 1187 1246 1220 cumulatione
1270 1188 1370 1220 modo
1395 1188 1484 1220 infra

133 1234 169 1265 in
194 1233 409 1266 enarratione
433 1233 570 1265 dictum.

132 1358 237 1388 verba
269 1355 349 1388 inde
385 1368 406 1389 a
444 1355 644 1391 πλάττοντες
684 1357 776 1389 inse-

135 1403 277 1443 quentia
300 1403 529 1444 praegressis:
560 1400 602 1434 δι·
633 1400 770 1444 (νόμον)

133 1445 228 1490 ἡμεῖς
255 1447 438 1486 τιθέμεθα,
465 1458 694 1489 epexegescos
719 1448 772 1479 in-

134 1497 204 1524 star
243 1492 396 1524 subiecta
433 1498 529 1532 sunt,
573 1494 608 1523 in
647 1492 773 1534 quibus

134 1538 367 1590 complurium
396 1538 650 1580 participiorum
694 1548 774 1569 con-

135 1584 246 1614 eu1si0
278 1583 448 1614 neminem
480 1583 682 1622 morabitur,
714 1584 772 1624 qui

136 1628 324 1669 respexerit
362 1639 441 1659 ann.
478 1628 521 1659 ad
558 1639 589 1670 p.
626 1627 701 1660 464
736 1629 774 1660 C.

133 1673 307 1706 Phaedon.
333 1683 365 1714 p.
382 1671 434 1705 70.
460 1673 500 1706 Α.
526 1672 568 1706 al.
595 1673 774 1705 Sententia

135 1717 221 1750 haec
245 1723 316 1750 est.
347 1729 423 1750 nec
455 1722 592 1750 tamen
624 1729 774 1750 secun-

135 1763 231 1794 dum
276 1764 405 1795 istam
443 1763 600 1805 legem,
649 1774 773 1805 quam

135 1818 212 1840 nos
237 1813 388 1840 nostro
421 1809 638 1840 sancimus
665 1808 773 1840 arbi-

133 1853 240 1884 trio:
266 1854 361 1885 dum
385 1854 497 1885 enim
523 1854 707 1895 optimos
733 1858 774 1885 ct

134 1897 440 1930 validissimos
457 1900 773 1941 nostrumipso-

133 1954 258 1975 ruma
304 1944 454 1985 pueris
491 1948 695 1985 acceptos
735 1948 773 1975 ct

135 1989 262 2029 quasi
294 1989 446 2021 leones
479 1991 773 2021 incantamen-

134 2033 194 2065 tis
230 2037 272 2065 et
305 2035 567 2076 praestigiis
609 2035 771 2066 deleni-

75 2078 85 2084 ’
133 2082 199 2109 tos
239 2079 473 2110 formamus
510 2079 708 2119 (educamus
740 2084 773 2110 et

132 2123 378 2165 instituimus),
416 2124 661 2166 redigimus
701 2135 772 2156 eos

135 2168 177 2199 in
233 2169 514 2208 servitutem,
571 2169 771 2201 dieentes

135 2223 316 2254 aequum
342 2212 394 2255 (τὸ
418 2214 625 2256 l'ooz·)esse
649 2214 771 2254 illud,

134 2259 249 2299 quod
280 2259 507 2291 honestum
544 2265 678 2300 atque
717 2260 772 2290 iu-

134 2307 242 2335 stum
268 2305 333 2335 sit.
359 2304 509 2335 Verbum
527 2303 681 2335 πλάττειν
695 2308 771 2345 apte

134 2358 226 2380 nunc
268 2348 309 2380 de
349 2349 624 2381 adolescentibus
671 2349 772 2381 disci-

134 2392 229 2433 plina
261 2398 295 2424 et
333 2395 549 2427 institutione
583 2394 770 2426 formandis

133 2437 261 2469 dictum
294 2439 544 2481 significatione
576 2440 771 2481 impropria.

133 2483 185 2514 De
209 2484 292 2524 Rep.
318 2485 360 2516 ΙΙ.
385 2495 416 2525 p.
440 2483 516 2517 377.
543 2485 589 2516 C:
616 2483 771 2516 πλάττειν

135 2525 192 2561 τὰς
229 2526 338 2569 ψυχὰς
380 2526 494 2561 αὐτῶν
533 2534 600 2564 τοῖς
641 2528 770 2568 μύθοις

134 2570 221 2603 πολὺ
252 2575 378 2611 μαλλοι
410 2572 429 2614 ἢ
463 2572 498 2605 τὰ
532 2573 667 2614 σώματα
698 2579 770 2608 ταῖς

136 2622 266 2671 ψυχαῖς(
300 2619 351 2650 De
375 2619 457 2660 Rep.
483 2620 541 2650 VI.
564 2632 596 2662 p.
616 2619 691 2651 500.
718 2621 767 2650 D:

133 2662 187 2694 καὶ
219 2660 264 2704 μὴ
297 2661 409 2702 μόνοι
441 2662 565 2695 ἑαυτὸν
605 2663 768 2696 πλάττειν.

131 2707 237 2750 Legg.
269 2708 312 2742 II.
344 2719 376 2750 p.
411 2707 486 2741 671.
511 2710 559 2741 Ε.
591 2708 770 2742 παιδεύει]

844 1369 876 1389 τε
902 1358 955 1389 καὶ
990 1355 1154 1389 πλάττειν.
1210 1358 1321 1389 Pravc
1353 1357 1484 1390 Hein—

843 1403 1016 1434 dorfius
1048 1403 1162 1434 iunxit
1189 1403 1357 1441 τιθέμεθα
1384 1401 1483 1435 πλάτ-

844 1460 958 1482 τοντες
985 1450 1044 1489 (sc.
1071 1447 1129 1479 τὸν
1159 1446 1289 1490 νόμον),
1314 1448 1405 1490 quod
1429 1458 1483 1480 ae-

843 1494 931 1535 cepit
964 1504 1024 1535 pro
1061 1491 1102 1524 ὃν
1140 1493 1311 1532 τιθέμενοι
1345 1492 1482 1525 πλάττο-

847 1550 918 1577 μεν.
980 1539 1060 1570 Alio
1094 1538 1194 1570 modo
1229 1539 1341 1571 locum
1377 1550 1484 1581 nuper

844 1584 1007 1625 pervertit
1054 1584 1091 1617 (23.
1129 1585 1192 1615 Fr.
1241 1585 1367 1616 Herm
1378 1595 1485 1624 ann„

843 1630 901 1670 qui
928 1628 1096 1667 τιθέμεθα
1121 1630 1261 1660 arbitrio
1286 1640 1348 1661 suo
1372 1630 1486 1669 eiecit,

843 1685 909 1715 quo
944 1674 1077 1706 scilicet
1110 1675 1275 1706 sermonis
1315 1679 1485 1707 structura

843 1719 1000 1761 expedita
1041 1720 1234 1751 haberetur.
1303 1720 1407 1761 Atqui
1445 1732 1485 1752 ea

841 1765 994 1806 profecto
1021 1765 1103 1796 satis
1128 1764 1288 1806 expedita
1304 1769 1365 1805 est,
1389 1764 1483 1797 dum-

842 1810 942 1841 modo
968 1811 1070 1841 fuerit
1094 1811 1176 1841 satis
1191 1815 1377 1852 perspecta.
1403 1812 1485 1843 Post

842 1853 981 1889 λέοντας
1006 1855 1228 1887 Heusdius
1264 1856 1484 1888 inserendum

842 1899 985 1941 putabat
1003 1900 1147 1937 δέοντες.
1166 1904 1377 1942 tamquam
1403 1901 1482 1934 leo-

842 1956 917 1977 nes
956 1946 1218 1978 vincientes.
1287 1946 1364 1985 Quo
1414 1958 1482 1979 non

842 2001 936 2032 opus.
986 1991 1038 2022 De
1063 1991 1098 2021 vi
1123 1995 1155 2023 et
1179 1994 1302 2023 natura
1330 1992 1483 2024 iustitiae

840 2036 876 2066 in
902 2036 1109 2077 aequalitate
1132 2037 1281 2078 reposita
1313 2038 1403 2069 conf.
1427 2038 1481 2069 in-

841 2082 893 2112 fra
917 2092 947 2122 p.
973 2079 1048 2113 508.
1074 2080 1105 2113 8.

886 2126 924 2157 P.
961 2124 1038 2158 484.
1094 2126 1255 2168 ἱκανὴν
1303 2139 1331 2168 γ.
1373 2127 1482 2167 ἔχων

843 2168 966 2213 α’νήρ]
992 2171 1122 2202 Eodem
1144 2171 1243 2202 modo
1269 2168 1358 2213 ἀνήρ
1385 2182 1481 2203 usur-

840 2219 941 2256 patur
971 2216 1102 2247 Politic.
1136 2226 1167 2256 p.
1194 2215 1270 2250 259.
1297 2217 1346 2248 A:
1383 2217 1480 2257 βασι-

841 2258 947 2291 λευοτ
943 2273 976 2291 τι
983 2259 1112 2315 Xffl'fi'sffl
1131 2259 1249 2301 οἷνδρι.
1274 2261 1430 2304 Sympos.
1451 2272 1481 2293 c.

841 2305 902 2336 16:
928 2303 1017 2347 απὴρ
1037 2306 1124 2347 ἔχω]
1141 2307 1260 2344 ε”.ρωτα
1285 2307 1481 2348 Xenoph.

840 2350 935 2381 Hier.
962 2351 1054 2389 VIII,
1079 2350 1116 2382 5:
1152 2348 1219 2382 ἀλλ’
1247 2352 1361 2395 ἑμοιγε
1387 2352 1487 2384 δοκεῖ

841 2395 895 2426 καὶ
922 2394 959 2426 ἐκ
983 2396 1080 2427 θεῶν
1113 2395 1197 2450 ztwy'⁷
1221 2408 1265 2430 us
1298 2398 1352 2429 καὶ
1386 2395 1482 2439 χάρις

842 2440 1132 2481 σιιιπαρεπεσθαι
1177 2438 1284 2483 αἰδρι
1333 2440 1482 2484 ἄρχοιτι

840 2485 883 2516 al.
930 2486 1092 2518 Proxima
1115 2487 1259 2518 sortasse
1284 2487 1377 2519 dicta
1403 2492 1483 2519 sunt

839 2529 881 2560 ad
914 2530 1139 2564 imitationem
1179 2532 1347 2564 Homer.
1383 2532 1480 2564 Iliad.

840 2575 896 2606 VI.
924 2586 952 2606 v.
984 2575 1051 2608 506
1083 2587 1171 2617 seq.:
1206 2575 1253 2609 ὥς
1286 2575 1314 2608 δ’
1347 2576 1401 2608 ὅτε
1435 2589 1480 2611 τις

842 2618 959 2653 στατὸς
984 2622 1097 2660 ἵππος,
1123 2620 1316 2664 ἀκοστήσας
1336 2621 1391 2653 ἐπὶ
1414 2620 1480 2661 φά-

842 2677 911 2706 τινῃ,
939 2664 1069 2705 δεσμὸν
1093 2664 1294 2709 άπορῤήξας
1311 2668 1393 2708 θείῃ
1421 2679 1480 2699 πε-

840 2709 927 2742 διόιο
959 2713 1136 2753 κροαίνων
1179 2725 1209 2744 κ.
1244 2725 1266 2744 τ.
1293 2714 1318 2744 λ.
1379 2712 1479 2746 Certe

1473 469 1483 482 '
1514 471 1597 511 484
