1687 2969
499 179 571 232 'AD
601 194 844 232 GORGIAM
873 193 1142 232 PLAToms.
1443 193 1491 229 27

147 309 252 347 tibus
282 311 349 346 aut
377 308 583 353 doloribus,
613 308 680 345 sed
700 307 800 357 quod
826 308 1063 357 sequendum
1091 307 1154 345 vel
1172 306 1397 354 fugiendum
1426 309 1496 351 est,

146 366 186 403 id
225 368 445 402 constanter
483 364 666 415 sequitur.
731 365 871 414 Itaque
910 363 971 402 vir
1007 365 1129 400 bonus
1169 367 1228 400 est
1266 366 1496 411 temperans,

146 422 290 468 iustus,
326 421 457 466 fortis,
497 425 670 466 sanctus,
711 420 888 470 idemque
919 420 1035 456 etiam
1073 424 1131 457 est
1169 421 1324 465 beatus,
1365 421 1498 456 contra

145 478 405 527 intemperans
435 481 474 515 et
501 477 668 515 iniustus
698 477 866 513 omnium
895 473 1191 523 miserrimusss).
1223 477 1264 512 P.
1288 475 1497 513 5060.-

150 535 241 573 507.
271 535 318 571 D.
377 535 429 571 Et
458 534 489 570 si
519 537 640 571 totam
669 533 864 570 intuemur
893 546 1023 570 rerum
1050 536 1248 577 naturam,
1279 532 1385 568 illam
1415 532 1496 569 ani-

146 590 422 629 madvertimus
451 594 605 639 propter
635 590 806 627 ordinem
846 594 884 627 et
913 593 1090 626 ornatum
1130 593 1169 626 ct
1196 588 1497 626 moderationem

146 651 185 685 et
212 647 400 685 iustitiam
430 659 452 683 a
481 646 719 695 sapientibus
748 661 786 683 m
797 660 823 683 11
835 646 916 682 ndi
949 642 1132 694 (κόσμου)
1153 644 1305 682 nomine
1336 658 1418 681 esse
1439 645 1495 681 in-

145 704 336 752 signitam.
392 704 433 740 P.
466 704 556 740 507.
587 704 634 740 D.
665 724 720 729 —
752 706 842 740 508.
875 704 921 739 A.
989 702 1105 740 Valet
1143 701 1245 739 enim
1284 701 1496 751 aequalitas

145 759 374 808 geometrica
403 762 441 796 et
471 760 571 808 apud
600 760 690 796 deos
721 763 759 796 et
789 760 889 808 apud
918 759 1112 804 homines,
1153 763 1198 795 ut
1235 757 1401 795 habendi
1433 770 1496 794 cu-

143 816 298 867 piditati
325 815 481 853 minime
519 816 570 853 sit
606 816 893 864 indulgendum.
953 815 1063 855 Quod
1093 815 1123 851 si
1154 815 1209 851 ita
1239 817 1318 859 ost,
1361 819 1496 863 sponte

144 873 390 924 consequitur
425 885 516 911 vere
554 885 614 909 me
651 876 766 910 antea
805 872 855 921 (p.
887 875 979 909 486.
1009 872 1050 908 B.
1083 870 1139 919 C.)
1168 870 1398 909 iudicavisse
1439 884 1497 907 ae-

144 943 275 968 eusare
305 942 495 980 quemque
534 930 672 966 debere
712 942 751 966 se
786 929 912 978 ipsum
951 933 990 966 et
1019 928 1141 965 filium
1181 932 1219 965 et
1248 927 1433 973 amicum,
1466 927 1498 964 si

144 987 236 1037 quid
266 986 408 1023 iniuste
438 985 582 1031 fecerit,
613 989 651 1023 et
671 985 900 1023 rhetoricam
930 986 976 1021 ad
998 986 1069 1021 hoc
1097 985 1223 1033 ipsum
1244 984 1499 1022 adhibendam

145 1057 246 1089 esse,
287 1042 477 1092 siquidem
506 1042 687 1079 iniuriam
726 1043 851 1079 facere
881 1055 996 1092 quam
1028 1041 1196 1090 accipere
1226 1054 1362 1079 revera
1390 1044 1499 1078 tanto

145 1104 204 1137 est
230 1099 351 1148 peius,
381 1102 525 1149 quanto
556 1102 614 1136 est
643 1099 814 1147 turpius3
846 1112 915 1135 nec
944 1111 1035 1137 vero
1064 1102 1166 1135 recte
1197 1097 1292 1134 mihi
1314 1097 1497 1143 obiecisti,

146 1169 167 1193 ο
198 1155 372 1201 Callicle,
412 1169 473 1192 me
503 1168 580 1192 non
610 1168 720 1204 posse
751 1155 930 1192 auxiliari
961 1168 1086 1205 neque
1125 1154 1219 1191 mihi
1260 1154 1334 1203 ipsi
1374 1167 1498 1204 neque

145 1213 351 1250 amicorum
389 1212 567 1262 cuiquam
606 1216 643 1249 et
684 1213 859 1249 omnibus
900 1212 1118 1260 expositum
1158 1213 1239 1248 fore
1278 1210 1428 1247 iniuriis
1461 1214 1499 1248 et

146 1268 388 1307 contumeliis
427 1273 465 1306 et
504 1268 719 1317 suppliciis:
760 1282 849 1305 nam
888 1269 1102 1305 maximum
1140 1268 1328 1304 malorum
1367 1268 1499 1316 procul

143 1326 258 1363 dubio
288 1328 347 1363 est
384 1324 575 1362 iniustitia
614 1325 756 1363 iniuste
795 1325 971 1371 facienti,
1013 1325 1127 1375 idque
1157 1328 1265 1362 tanto
1294 1324 1435 1372 magis,
1467 1324 1499 1361 si

145 1382 230 1433 quis
270 1382 413 1418 iniuste
452 1382 641 1419 factorum
679 1382 806 1419 nullas
846 1394 989 1431 poenas
1029 1382 1122 1419 luat.
1153 1382 1194 1418 P.
1238 1385 1329 1418 508.
1370 1382 1412 1418 Β.
1442 1403 1499 1407 —

148 1442 238 1476 509.
270 1439 309 1476 C.
369 1439 455 1475 Iam
492 1451 583 1476 vero
623 1439 716 1489 quid
745 1439 900 1476 tandem
940 1438 1053 1474 homo
1083 1437 1263 1487 praesidii
1294 1441 1333 1475 et
1363 1437 1498 1475 auxilii

147 1495 219 1532 sibi
249 1507 466 1543 comparare
504 1495 664 1544 poterit,
702 1499 747 1532 ut
786 1500 993 1545 utrumque
1034 1496 1106 1531 hoc
1136 1495 1375 1532 commodum
1413 1507 1497 1543 per-

145 1552 271 1600 cipiat,
303 1564 436 1597 unum,
467 1564 515 1588 ne
545 1551 627 1600 ipse
656 1552 773 1588 faciat
801 1552 1000 1597 iniuriam,
1033 1552 1208 1597 alterum,
1239 1565 1287 1588 ne
1317 1551 1497 1588 iniuriam

144 1607 330 1657 accipiat?
397 1607 589 1644 Nimirum
628 1608 819 1656 posterius
861 1608 1016 1657 quidem
1055 1612 1100 1645 ut
1138 1621 1186 1645 ne
1226 1608 1299 1657 ipsi
1340 1608 1496 1653 accidat,

144 1665 271 1702 caveri
297 1664 439 1713 poterit
478 1668 639 1701 externa
676 1664 859 1713 potentia.
919 1664 1031 1701 Prius
1072 1667 1201 1701 autem
1240 1665 1336 1701 illud
1376 1668 1420 1701 ut
1450 1677 1498 1701 nc

142 1721 227 1766 fiat,
250 1724 404 1770 praeter
432 1734 541 1757 suam
571 1720 755 1771 cuiusque
776 1722 1016 1759 voluntatem
1035 1743 1091 1747 —
1112 1734 1222 1757 nemo
1252 1721 1353 1758 enim
1374 1720 1497 1758 sciens

142 1778 234 1815 facit
278 1777 460 1815 iniuriam
497 1799 553 1803 *—
592 1777 751 1815 scientia
787 1778 951 1828 quadam
991 1780 1029 1815 et
1072 1781 1152 1815 arte
1194 1791 1288 1826 opus
1319 1781 1387 1814 est.
1446 1778 1499 1815 Et

142 1835 190 1871 ad
220 1835 422 1872 arcendam
441 1834 596 1884 quidem
626 1834 787 1871 aliorum
816 1834 995 1871 iniuriam
1016 1833 1098 1871 sine
1127 1834 1243 1871 dubio
1264 1834 1361 1871 illud
1382 1834 1497 1879 valet,

142 1895 188 1928 ut
217 1894 284 1928 aut
311 1891 394 1940 ipse
432 1890 472 1927 in
513 1890 669 1928 civitate
710 1891 874 1940 imperes
913 1904 956 1928 ac
994 1890 1200 1927 domineris
1240 1894 1308 1928 aut
1347 1890 1497 1939 imperii

140 1946 218 1984 iam
247 1946 447 1985 constituti
468 1950 683 1984 assentator
713 1947 764 1984 sis
793 1947 955 1997 ideoque
976 1946 1023 1984 iis
1043 1947 1186 1984 amicus
1216 1947 1297 1993 fias,
1330 1947 1396 1997 qui
1426 1947 1495 1983 im-

140 2003 245 2052 perio
273 2003 388 2052 potiti
417 2006 526 2049 sunt,
554 2003 610 2040 ita
638 2007 683 2041 ut
710 2004 757 2041 iis
788 2005 928 2042 evadas
959 2003 1176 2041 simillimus
1206 2004 1378 2054 adeoque
1417 2017 1495 2040 una

142 2073 229 2097 cum
258 2059 334 2097 illis
363 2061 477 2097 rebus
506 2060 641 2096 iisdem
671 2063 710 2097 et
738 2061 905 2108 gaudeas
936 2065 974 2097 et
1003 2060 1142 2097 doleas.
1190 2061 1245 2097 At
1274 2060 1376 2096 enim
1406 2073 1496 2098 vcro

140 2116 214 2154 isto
244 2116 399 2166 quidem
427 2120 538 2164 paeto
567 2116 651 2153 fieri
680 2130 757 2153 non
786 2116 945 2165 poterit,
979 2116 1072 2166 quin
1102 2117 1183 2165 ipse
1213 2116 1254 2152 in
1284 2116 1497 2153 maximum

141 2173 285 2209 malum
312 2172 504 2219 incurras,
545 2185 665 2222 quum
692 2172 865 2222 improbo
896 2173 1051 2210 futurus
1081 2173 1132 2209 sis
1163 2172 1289 2209 animo
1319 2176 1358 2210 et
1387 2173 1496 2221 pravi

141 2228 355 2266 imitatione
404 2232 593 2277 corrupto.
655 2230 696 2266 P.
740 2233 830 2267 509.
875 2229 913 2266 O.
954 2250 1010 2254 ——
1053 2232 1143 2265 511.
1185 2230 1231 2266 A.
1310 2228 1497 2269 Quocirca

142 2287 282 2333 probus
312 2289 351 2323 et
379 2285 564 2322 honestus
593 2285 653 2322 vir
691 2285 763 2323 sibi
802 2285 936 2335 utique
967 2285 1136 2330 cavebit,
1177 2289 1221 2322 ut
1251 2298 1299 2322 ne
1328 2285 1397 2331 iis,
1430 2286 1497 2336 qui

141 2341 402 2387 dominentur,
440 2342 514 2378 isto
543 2342 654 2378 modo
684 2342 890 2387 inserviat,
922 2341 1063 2391 quippe
1092 2354 1318 2389 persuasum
1348 2342 1495 2379 habens

141 2410 215 2433 non
246 2397 284 2433 id
313 2411 395 2435 esse
424 2398 674 2443 studendum,
706 2402 749 2435 ut
778 2411 891 2449 quam
921 2397 1134 2434 diutissime
1163 2397 1293 2444 Vivat,
1333 2398 1495 2449 ideoque

142 2466 205 2490 eas
244 2454 420 2490 colendas
456 2467 537 2492 esse
577 2458 698 2500 artes,
739 2468 836 2504 quae
876 2466 944 2490 nos
985 2467 1007 2490 a
1044 2454 1224 2502 periculis
1263 2454 1428 2493 liberent
1457 2459 1497 2494 et

209 2605 240 2646 ²¹⁶)
266 2606 489 2639 Revoeantur
512 2607 567 2638 hic
592 2608 746 2640 consulto
772 2607 915 2639 virtutes
940 2618 1058 2640 omnes
1081 2608 1124 2640 ad
1144 2607 1399 2651 σωφροσύνην,
1425 2620 1495 2640 11011

143 2655 409 2683 commemorata
436 2655 473 2694 τῇ
500 2651 883 2696 φρουήσει,’111·οῃῖο1“θε1
917 2653 1007 2693 quod
1039 2654 1176 2686 Callicli
1207 2655 1494 2696 intemperantiae

140 2695 312 2727 laudatori
336 2697 582 2729 occurrendum
607 2699 680 2732 fuit.
715 2699 784 2730 Nec
810 2708 890 2729 vero
916 2708 956 2729 ea
974 2699 1060 2731 ratio
1086 2698 1128 2731 ab
1150 2700 1194 2731 iis
1210 2699 1381 2740 abhorret,
1406 2709 1494 2741 quae

140 2741 305 2784 leguntur
328 2742 416 2773 Xen
429 2742 520 2784 oph.
544 2743 645 2775 Mem.
670 2743 731 2784 III,
757 2742 788 2783 9,
813 2742 844 2775 4.
