1687 2969
460 180 532 217 AD
562 178 805 217 GORGIAM
835 177 1104 215 PLATONIS.
1405 178 1455 211 63

110 293 276 330 demicae
305 292 471 330 familiae
503 291 739 330 adversarios
776 290 1040 328 lubentissime
1070 288 1269 326 materiam
1308 287 1456 324 ridendi

111 352 150 387 et
179 349 437 386 calumniandi
474 349 562 385 inde
600 349 863 396 depromturos
903 347 1032 383 fnisse.
1091 346 1127 381 N
1131 358 1203 381 une
1232 357 1323 382 vero
1363 343 1454 393 quid

109 406 264 443 tandem
291 406 436 443 factum
465 403 663 443 videmus?
692 403 882 441 Nimirum
912 405 1041 440 tacent
1070 414 1114 438 ea
1139 402 1184 438 de
1215 414 1255 437 re
1277 400 1456 450 aequales

111 474 154 499 ac
193 475 395 511 suppares;
434 464 563 500 tacent
600 460 710 498 amici
750 464 788 498 et
826 459 988 505 inimici;
1030 461 1158 495 tacent
1194 456 1375 494 Socratici
1415 468 1458 493 ac

110 531 187 555 non
217 518 417 564 Socratici3
459 520 588 556 tacent
625 516 790 566 denique
828 515 954 552 omnia
993 514 1164 560 saecula,
1204 527 1327 564 usque
1367 513 1459 550 dum

109 575 263 612 tandem
292 576 365 611 hac
393 577 519 612 aetate
548 573 700 622 sapiens
727 572 831 610 istud
860 572 1062 610 inventum
1100 570 1262 618 duplicis
1293 568 1459 607 Socratis

110 631 324 679 epistasiae,
355 630 514 668 alterius
535 629 769 674 temerariae,
801 629 959 666 alterius
979 627 1292 676 sapientissimae,
1313 627 1459 663 factum

111 691 180 734 est,
210 701 284 738 quo
314 687 458 725 scilicet
486 686 647 724 historia
675 699 773 723 novo
795 698 916 735 eoque
938 685 1049 733 plane
1070 683 1223 720 insolito
1246 686 1458 719 commento

110 743 418 792 locupletaretur.
478 742 669 781 Nimirum
698 742 916 792 quicunque
946 741 1070 777 locum
1101 739 1283 784 Platonis,
1315 740 1361 775 de
1383 751 1459 788 quo

112 800 258 848 agitur,
288 800 370 837 sine
399 799 660 849 praeiudicata
689 798 864 847 opinione
895 796 1240 841 consideraverint,
1278 795 1324 832 iis
1356 799 1458 831 certe

111 860 286 906 apertum
306 857 403 902 ¹fore
442 860 621 905 putamus
660 855 763 905 loqui
804 855 856 891 ibi
896 854 1089 891 Socratem
1129 852 1302 889 consulto
1341 852 1387 888 de
1420 864 1458 887 rc

110 913 218 961 gravi
248 926 291 950 ac
319 913 419 950 seria
446 912 570 949 iocose
601 916 716 962 atque
745 911 915 948 ridicule.
956 909 1067 950 Quod
1097 909 1199 946 enim
1228 908 1289 945 vir
1308 908 1457 956 sapien-

110 970 281 1007 tissimus
320 969 529 1007 deliberato
567 969 710 1005 fecerat
750 967 926 1011 consilio,
977 970 1020 1004 nt
1060 979 1107 1002 ne
1147 965 1317 1002 iustitiae
1357 965 1460 1011 leges

111 1026 365 1073 violarentur,
411 1026 450 1062 id
490 1025 623 1062 callide
662 1024 825 1062 facetam
863 1037 930 1072 per
966 1022 1127 1059 ironiam
1166 1021 1327 1058 inertiae
1369 1033 1460 1057 suae

110 1083 265 1129 tribuit,
311 1095 360 1119 ne
398 1081 542 1120 scilicet
579 1081 715 1126 Polus,
756 1092 918 1131 quocum
959 1079 1010 1115 ibi
1052 1078 1301 1128 colloquitur,
1350 1089 1460 1125 porro

111 1139 299 1188 postulet,
341 1142 384 1176 ut
422 1137 564 1186 singuli
604 1137 803 1174 audientes
835 1136 1069 1173 sententiam
1107 1135 1153 1171 de
1183 1134 1230 1171 iis
1260 1135 1374 1171 rebus
1401 1146 1460 1169 ro-

113 1199 262 1242 gentur,
292 1208 391 1245 quae
419 1195 530 1231 modo
560 1194 778 1242 disputatae
808 1193 895 1230 sint.
926 1191 1012 1232 Qua
1042 1191 1197 1241 quidem
1226 1190 1460 1227 facetissima

111 1252 285 1289 irrisione
315 1251 581 1289 animadversa
619 1263 694 1300 quo
723 1249 874 1286 facilius
904 1261 1034 1285 omnes
1063 1248 1254 1285 tolluntur
1281 1246 1353 1283 loci
1383 1260 1461 1282 mo-

113 1309 246 1346 lestiae
276 1321 319 1345 ac
347 1307 606 1352 difficultates,
637 1309 746 1344 tanto
776 1306 897 1353 magis
927 1318 973 1342 ea
1001 1304 1098 1341 ratio
1127 1316 1194 1353 pro
1223 1316 1315 1342 vera
1345 1316 1460 1350 agno-

113 1365 253 1402 scenda
280 1364 453 1409 videtur,
494 1366 539 1401 ut
575 1363 874 1413 haudquaquam
905 1362 951 1398 ad
991 1360 1130 1397 mirum
1169 1360 1274 1397 istud
1313 1360 1359 1396 de
1389 1360 1458 1395 du-

112 1421 202 1470 plici
232 1420 398 1458 Socratis
419 1419 600 1469 epistasia
629 1422 883 1456 commentum
904 1417 1202 1465 confugiendum
1221 1417 1281 1454 sit.
1321 1415 1463 1452 Incidit

111 1478 230 1526 igitur
259 1477 490 1527 colloquium
518 1476 558 1512 in
578 1476 718 1523 Gorgia
735 1475 922 1520 habitum,
953 1474 1033 1523 ipso
1063 1474 1246 1522 scriptore
1266 1473 1461 1509 luculente

112 1537 290 1580 testante,
320 1534 362 1570 in
391 1533 541 1583 Olymp.
573 1535 643 1578 93,
684 1536 719 1569 4.
752 1545 803 1564 z
835 1535 913 1568 405
946 1543 979 1567 a.
1010 1530 1109 1576 Chr„
1139 1529 1205 1580 qui
1233 1529 1309 1566 fuit
1337 1542 1461 1565 annus

114 1590 206 1628 belli
245 1589 511 1639 Peloponnesii
549 1588 828 1637 paenultimus,
878 1587 1130 1636 habitumque
1169 1586 1323 1623 videtur
1362 1598 1462 1621 anno

114 1647 293 1692 ineunte,
323 1647 454 1683 eodem
483 1646 563 1682 fere
592 1648 780 1693 tempore,
812 1656 886 1693 quo
915 1644 1048 1680 Ranae
1078 1641 1348 1691 Aristophanis
1378 1645 1463 1678 acta

115 1707 193 1749 est,
233 1702 421 1753 siquidem
451 1714 548 1752 quae
586 1704 718 1750 postea
747 1699 897 1749 publice
937 1703 1046 1747 gesta
1083 1702 1192 1744 sunt,
1232 1712 1277 1735 ea
1306 1702 1460 1747 propter

115 1762 340 1799 eventorum
378 1757 576 1796 tristitiam
614 1756 882 1795 veridissimile
920 1756 1087 1793 reddunt
1131 1754 1357 1803 philosopho
1397 1767 1462 1802 po-

116 1816 255 1854 sterius
295 1819 445 1864 tempus
485 1815 532 1851 ob
572 1813 700 1851 oculos
739 1826 820 1850 esse
850 1816 1056 1851 versatum.
1126 1811 1199 1848 His
1239 1814 1369 1848 autem
1408 1810 1463 1847 ita

114 1872 249 1922 positis
277 1871 467 1922 sequitur,
499 1874 543 1908 ut
580 1870 697 1908 etiam
726 1869 1003 1907 ostendendum
1033 1868 1083 1905 sit
1113 1880 1200 1904 cum
1230 1880 1276 1904 ea
1313 1866 1462 1904 ratione

115 1929 263 1979 reliqna
292 1927 429 1974 omnia,
459 1939 558 1977 quae
589 1926 728 1964 criticis
753 1925 974 1974 scrupulum
993 1924 1218 1969 iniecerunt,
1248 1923 1353 1960 nullo
1383 1923 1463 1960 fere

117 1985 270 2033 negotio
309 1983 500 2021 conciliari
540 1996 669 2031 posse,
710 1983 811 2032 qnod
840 1982 966 2030 ipsum
997 1980 1208 2018 certissimo
1238 1983 1464 2027 argumento

117 2042 191 2079 erit
237 2053 446 2091 sanequam
482 2039 694 2088 probabilia
733 2052 815 2076 esse
856 2051 954 2088 quae
994 2038 1040 2074 de
1086 2041 1256 2086 tempore
1296 2035 1465 2073 instituti

119 2098 302 2135 sermonis
340 2095 604 2134 iudicavimus.
671 2095 723 2132 Et
760 2095 925 2144 primum
974 2094 1127 2144 quidem
1165 2105 1268 2129 nunc
1308 2095 1467 2140 apparet

117 2153 438 2199 luculentissime,
469 2152 534 2202 qui
564 2151 648 2189 fieri
675 2151 862 2200 potuerit,
907 2154 951 2187 ut
988 2150 1034 2187 iis
1080 2162 1176 2199 quos
1212 2162 1327 2197 supra
1370 2148 1467 2184 iudi-

119 2211 288 2249 cavimus
325 2209 417 2247 locis
454 2209 587 2246 futura
616 2208 781 2245 Socratis
811 2206 1001 2244 accusatio
1041 2205 1322 2253 significaretur
1356 2205 1467 2241 adeo-

120 2280 194 2316 que
223 2265 436 2304 criminatio
475 2265 521 2302 de
560 2264 744 2302 iuvenum
780 2263 1039 2312 corruptione,
1079 2275 1195 2312 quam
1225 2265 1464 2298 accusatores

118 2326 251 2371 postea
280 2322 425 2359 homini
452 2320 763 2358 innocentissimo
792 2319 1030 2364 obiecerunt,
1069 2331 1146 2354 non
1176 2319 1333 2355 obscure
1364 2330 1463 2354 com-

121 2382 406 2416 memoraretur.
444 2377 653 2416 Enimvero
674 2376 831 2424 gliscere
862 2388 952 2412 sane
979 2375 1056 2411 iam
1075 2378 1159 2412 tum
1188 2374 1274 2411 odia
1293 2374 1334 2410 in
1353 2374 1463 2410 illum

122 2438 325 2484 coeperant
352 2434 415 2473 vel
451 2438 672 2483 propterea,
713 2433 813 2483 quod
852 2431 919 2481 qui
955 2431 1046 2468 olim
1080 2431 1163 2468 eius
1203 2430 1464 2468 familiaritate

120 2491 181 2529 usi
210 2494 319 2528 erant
345 2490 385 2527 in
409 2490 605 2539 republica
634 2489 724 2526 clari
754 2501 797 2525 ac
822 2490 997 2536 potentes
1024 2487 1265 2534 exstiterant,
1295 2487 1335 2524 id
1364 2486 1465 2537 quod

120 2547 306 2596 imprimis
334 2547 380 2583 de
409 2546 606 2583 Alcibiade
645 2545 700 2583 ita
738 2544 897 2581 iudicari
932 2546 1099 2592 oportet,
1139 2543 1206 2594 qui
1234 2548 1318 2581 tum
1346 2543 1464 2579 idem-

121 2604 241 2641 tidem
268 2602 400 2652 populi
421 2602 546 2649 gratia
563 2602 767 2647 exciderat,
796 2601 851 2638 ita
880 2604 924 2637 ut
953 2600 1034 2637 eius
1054 2600 1212 2636 consilia
1241 2600 1357 2638 etiam
1387 2611 1465 2634 ma-

123 2660 241 2707 gistro
270 2662 512 2697 verterentur
540 2657 730 2707 opprobio.
788 2657 946 2694 Habent
980 2656 1099 2703 igitur
1138 2656 1195 2692 illi
1223 2656 1296 2693 loci
1334 2668 1465 2691 omnes

122 2716 196 2754 isto
225 2720 335 2764 pacto
364 2714 658 2763 explicationem
696 2713 806 2760 longe
845 2712 1206 2757 commodissimam,
1247 2711 1313 2762 qui
1355 2711 1467 2747 collo-
