1687 2969
224 188 302 222 306
768 183 1029 222 PLATONIS

225 290 293 333 ὅτε
325 294 534 345 Περικλῆς
569 294 718 345 ἤρχετο
757 291 893 344 λέγειν
931 290 977 332 ἐν
1005 295 1062 343 τῷ
1091 290 1228 345 δήμῳ,
1266 290 1433 343 χείρους
1460 284 1571 342 ἦσαν

225 358 266 398 οἱ
288 353 521 410 Ἀθηναῖοι
558 357 586 409 ἦ
625 353 691 397 ὅτε
729 356 780 397 τὰ
808 359 1024 397 τελευταῖα
1055 353 1217 408 ἔλεγενς
1271 356 1406 395 ΚΑΛ.
1433 351 1568 403 Ἴσως.

226 424 318 463 ΣΩ.
354 423 445 463 Οὐκ
467 422 567 470 ἴσως
590 423 654 476 δή,
687 417 719 462 ὦ
740 421 936 474 βέλτιστε.
967 418 1051 461 ἀλλ’
1082 421 1247 473 ἀνάγκη
1277 418 1321 460 ἐκ
1349 422 1434 460 τῶν
1463 420 1570 472 ὠμο-

226 486 485 541 λογημένων,
524 487 639 539 εἴπερ
669 487 832 539 ἁγαθός
860 482 894 538 γ’
926 481 978 538 ἧν
1008 485 1167 533 ἐκεῖνος
1193 485 1374 538 πολίτης.
1435 487 1571 525 ΚΑΛ.

233 555 282 593 Τι’.
311 549 390 594 οὖν
419 552 491 606 δή;
536 555 630 592 ΣΩ.
674 550 823 592 Οὐδέν.
854 551 957 591 ἀλλὰ
986 551 1079 591 τόδε
1109 566 1181 603 μοι
1211 548 1297 590 εἰπὲ
1325 549 1391 590 ἐπὶ
1420 550 1569 605 τούτῳ,

225 619 259 658 εἰ
288 615 482 670 λέγονται
510 618 739 670 Ἀθηναῖοι
778 616 847 657 διὰ
878 614 1087 667 Περικλέα
1116 615 1307 668 βελτίους
1335 613 1570 667 γεγονέναιἾ

224 680 251 736 ἢ
289 690 377 724 παν
414 683 670 723 τούναντίον
708 682 1003 734 διαφθαρῆναι
1032 678 1102 721 ὑπ’
1133 679 1310 721 ἐκείνου.
1340 679 1462 720 ταυτὶ
1489 679 1571 732 γὰρ

223 825 361 859 Ἐποιέι.
409 826 498 858 Dedi
532 825 606 858 Ναί
630 837 672 858 ex
704 826 820 858 Clark.
854 825 959 858 Coisl.
990 825 1075 858 Ven.
1111 824 1188 856 ΞΣ.

480 872 570 903 Flor.
594 882 624 903 a.
649 871 680 903 b.
706 881 735 903 c.
761 871 791 902 d.
816 882 859 904 m.
885 882 914 902 o.
940 882 973 904 x.
1006 870 1102 902 Bodl.
1129 874 1161 901 et
1185 869 1263 901 edit.
1288 870 1367 900 Bas.
1392 868 1424 901 2.

223 874 301 904 Par.
326 872 350 903 C
364 872 392 903 V
402 873 455 904 W.

1230 823 1330 855 Vind.
1365 823 1393 855 1.
1425 823 1455 856 2.
1482 823 1511 856 6.
1539 822 1574 855 7.

298 915 382 949 Οὐκ
417 918 521 950 ἴσως
553 915 621 959 δή]
655 916 758 948 Editt.
783 927 900 948 omnes
926 915 979 947 δεῖ
1000 927 1060 957 pro
1087 913 1139 956 δή,
1166 914 1256 956 quod
1281 915 1417 946 restitui
1441 925 1458 945 e
1484 914 1569 945 ven.

227 962 304 994 ΞΣ.
343 962 443 993 Vind.
478 962 506 993 1.
539 961 569 993 2.
602 962 633 994 6.
654 961 696 1005 J.
733 963 808 993 Par.
842 961 983 992 CFIV.
1018 961 1109 992 Flor.
1139 960 1171 994 b.
1198 959 1228 992 d.
1253 971 1285 991 x.
1318 960 1408 1002 Aug.
1433 960 1572 991 Meerm.

224 1007 458 1050 Repetendum
482 1010 620 1048 χείρους
645 1007 736 1048 ἦσαν
761 1018 788 1038 κ.
816 1019 838 1037 τ.
865 1008 890 1037 λ.

268 1138 563 1174 1).οι1κ1’σως
597 1139 660 1183 δή,
695 1133 722 1171 ὦ
746 1141 778 1182 β.
803 1138 858 1182 -]

223 1188 311 1228 Apte
343 1187 488 1218 contulit
510 1186 729 1218 Routhius
754 1186 860 1228 Legg.

223 1233 300 1263 XII.
318 1243 348 1285 p.
369 1231 444 1264 965.
462 1232 507 1275 ΟΞ
525 1229 635 1265 'loms-
667 1229 738 1263 Οὐκ
764 1231 860 1267 ἴσως,

223 1275 290 1308 ἀλλ’
317 1275 426 1310 ὄντως
478 1271 506 1308 ὦ
531 1275 705 1314 δαιμόιᾈιε
741 1287 861 1330 mir’m

224 1320 285 1353 οὐκ
311 1323 380 1354 ε’ὀτι
405 1321 600 1361 σαφεστέρα
623 1320 776 1359 με’θοδω1
799 1332 861 1352 αν-

224 1366 384 1407 θρώπων
401 1365 532 1398 οὔδει-ι.
558 1368 740 1407 Pei-peram
757 1366 861 1408 vulgo

224 1423 283 1453 pro
317 1411 359 1454 δή
388 1411 566 1454 legebatur
597 1412 667 1448 δεῖ,
705 1411 795 1453 quod
827 1413 862 1441 in

225 1457 287 1488 hae
331 1457 485 1498 elliptica
525 1456 689 1497 loquendi
731 1457 863 1488 ratione

223 1513 291 1534 non
316 1502 420 1533 habet
443 1503 566 1535 locum.

268 1570 306 1603 E.
362 1570 408 1601 Τί
435 1563 518 1600 οὖν
550 1566 640 1610 δή;]
675 1568 740 1599 Int.
764 1571 861 1599 τοῦτο

225 1613 394 1654 διαφέρει.
421 1614 460 1647 V.
480 1625 511 1655 p.
528 1612 603 1645 453.
623 1615 660 1645 B.
682 1624 712 1655 p.
729 1612 804 1647 497.
821 1614 862 1644 D.

223 1661 360 1691 Menon.
384 1670 417 1701 p.
442 1658 495 1692 89.
521 1659 563 1690 D.

270 1725 288 1769 ἢ
311 1730 393 1758 πᾶν
414 1724 676 1758 τούναντίον
697 1723 861 1767 magnii]

224 1772 323 1804 Plato
357 1782 462 1813 quum
492 1771 661 1802 iudicaret
691 1781 766 1810 eos,
805 1771 863 1811 qui

223 1817 324 1848 rebus
358 1817 520 1848 civilibus
554 1821 767 1857 praeessent,
806 1826 863 1846 ne-

224 1873 289 1903 que
333 1873 450 1894 auram
489 1861 686 1903 popularem
725 1864 862 1901 captare

224 1918 334 1948 neque
350 1908 503 1948 privatas
526 1906 693 1937 utilitates
718 1910 750 1937 et
775 1916 863 1936 com-

224 1953 324 1984 moda
361 1957 512 1993 spectare
555 1951 697 1991 debere,
738 1951 860 1981 mirum

224 1998 372 2039 profecto
390 2008 459 2028 non
476 2001 536 2035 est,
553 1996 643 2037 quod
659 2000 728 2027 tam
745 2006 862 2027 severe

224 2043 264 2074 de
307 2043 440 2074 Pericle
482 2041 656 2073 iudicavit.
726 2041 862 2072 Etenim

224 2088 302 2119 inde
325 2087 367 2119 ab
388 2099 426 2119 eo
447 2091 607 2128 tempore,
633 2097 699 2128 quo
724 2087 752 2118 is
777 2097 863 2117 rem-

223 2132 400 2175 publicam
440 2132 708 2171 administravit,
758 2131 862 2162 Athe-

224 2179 362 2210 nienses
414 2177 515 2208 valde
566 2181 740 2218 corruptos
787 2187 862 2208 esse

223 2223 365 2255 historia
379 2223 460 2254 satis
474 2227 626 2254 testatur.
665 2222 753 2253 Nam
778 2221 862 2254 adeo

225 2269 259 2299 111
291 2269 469 2310 segnitiem
498 2272 734 2308 torporemque
760 2266 862 2298 soluti

225 2318 322 2352 sunt,
354 2318 391 2344 ut
414 2313 463 2344 nil
488 2313 554 2343 nisi
580 2312 652 2344 dies
676 2313 780 2343 festos
806 2322 863 2353 ap-

224 2362 431 2399 paratusque
467 2357 624 2388 ludorum
662 2356 862 2398 magnificos

225 2406 400 2441 curarent;
434 2406 502 2433 tam
535 2403 694 2442 loquaces
726 2403 862 2433 exstite-

225 2452 303 2479 runt
357 2447 642 2488 loquacitatisque
697 2451 862 2485 amantes,

226 2491 308 2525 ὥςῑε
327 2491 378 2525 εἰς
395 2488 503 2523 οῦδὲν
525 2491 647 2531 ἕτερον
671 2489 863 2532 εὐκαίρουν

226 2535 246 2579 ἢ
276 2536 387 2579 λέγειν
420 2549 445 2567 τι
477 2536 531 2567 καὶ
568 2534 711 2568 ἀκούειν
747 2535 861 2568 καινό-

227 2594 337 2621 τερον.
397 2581 495 2613 Unde
538 2583 638 2613 etiam
681 2582 861 2613 conciones

224 2627 405 2669 populares
420 2637 544 2668 magno
569 2627 681 2658 studio
705 2627 862 2667 frequen-

223 2672 362 2710 tabant,
394 2682 463 2703 non
494 2676 562 2702 tam
596 2676 633 2702 ut
664 2682 780 2703 verum
805 2682 861 2703 au-

222 2717 352 2758 dirent,
382 2727 483 2758 quam
516 2720 552 2748 ut
584 2717 761 2748 verborum
786 2727 861 2748 sua-

930 1140 1036 1171 vitate
1061 1139 1318 1171 delectarentur.
1368 1138 1459 1179 Quid
1481 1137 1571 1180 quod

931 1195 951 1216 a
973 1185 1117 1226 pristina
1141 1195 1273 1216 morum
1297 1184 1514 1226 simplicitate
1539 1187 1572 1215 et

930 1230 1127 1272 frugalitate
1152 1230 1236 1262 adeo
1261 1229 1495 1269 desciverunt,
1535 1232 1573 1259 ut

931 1276 1018 1307 inter
1052 1279 1165 1307 scorta
1195 1275 1356 1314 iuvenes,
1395 1275 1471 1306 alea
1506 1274 1572 1304 viri

932 1326 965 1352 et
989 1331 1097 1360 senes,
1129 1319 1429 1352 comissationibus
1453 1329 1571 1350 omnes

932 1366 1038 1396 vitam
1070 1366 1314 1407 transigerent:
1349 1364 1383 1395 id
1416 1363 1505 1406 quod
1530 1363 1571 1394 de

932 1411 973 1441 iis
993 1422 1035 1441 ex
1054 1411 1275 1452 Theopompo
1290 1409 1422 1442 rettulit
1446 1409 1570 1440 Athe-

932 1466 1068 1487 naeus
1092 1456 1176 1495 XII,
1207 1454 1239 1487 8.
1269 1466 1300 1497 p.
1325 1454 1401 1487 532.
1427 1455 1468 1487 D.
1502 1453 1569 1487 vid.

932 1502 1033 1532 etiam
1065 1500 1261 1532 Philochor.
1297 1504 1330 1532 et
1360 1498 1569 1531 Phanodem.

931 1546 1021 1587 apud
1054 1546 1199 1577 eundem
1230 1545 1290 1577 XI.
1322 1555 1350 1577 c.
1381 1543 1412 1577 3.
1482 1545 1570 1585 Apte

932 1595 1173 1633 compar-aiunt
1203 1590 1422 1622 Plutarch.
1449 1589 1569 1621 Pericl.

931 1647 962 1678 p.
987 1636 1063 1670 156.
1084 1637 1122 1668 E.
1147 1646 1221 1691 cap.
1241 1635 1307 1667 ΙΧ·
1334 1634 1449 1666 πολλοὶ
1475 1637 1568 1675 πρῶ-

932 1693 992 1712 τον
1018 1678 1072 1712 ὑπ’
1100 1680 1237 1712 ἐκείνου
1264 1680 1349 1720 φασὶ
1376 1677 1435 1711 1ὸ1
1460 1677 1571 1721 δῆμο1

934 1724 989 1757 ἐπὶ
1023 1727 1226 1768 κληρουχιας
1252 1725 1307 1757 καὶ
1333 1723 1489 1765 θεωρικὰ
1514 1724 1569 1756 καὶ

931 1772 1071 1809 μισθῶι
1126 1768 1292 1809 διανομὰς
1340 1771 1570 1812 προαχθῆναι,

932 1819 1042 1849 nancfis
1075 1815 1267 1847 ἐθισθέντα
1298 1815 1352 1846 καὶ
1377 1813 1570 1869 γενόμειον

932 1863 1016 1892 noh*
1012 1863 1096 1903 11ελῆ
1116 1873 1170 1892 και
1193 1857 1385 1893 ἀκόλαστον
1413 1857 1478 1891 υπὸ
1503 1863 1571 1891 τῶν

932 1904 1004 1937 τότε
1020 1904 1273 1945 πολιτευμάτων
1287 1902 1332 1936 α’11
1336 1905 1364 1935 τὶ
1383 1902 1529 1945 σώφρω
1533 1916 1570 1937 os

930 1951 986 1983 καὶ
1023 1963 1230 1993 α11το11ργο11.
1284 1950 1399 1981 Diluit
1433 1949 1569 1991 quidem

931 1996 995 2027 hoc
1027 1997 1153 2027 crimen
1186 1995 1392 2027 Plutarchus
1424 1995 1493 2033 ita,
1532 1999 1570 2025 ut

931 2041 1088 2073 ostendat
1110 2041 1277 2073 Periclem
1309 2040 1407 2071 initio
1432 2039 1568 2081 quidem

930 2086 1056 2128 populo
1071 2086 1206 2127 placere
1222 2085 1393 2118 studuisse
1409 2085 1489 2116 καὶ
1482 2082 1568 2125 πρὸς

930 2129 1029 2172 χάρη
1055 2132 1311 2174 πολιτευθῆναι,
1340 2140 1406 2172 quo
1430 2130 1568 2161 facilius

931 2177 1203 2208 adversariorum
1223 2186 1362 2208 suorum
1389 2175 1569 2206 auctorita-

929 2226 996 2253 tem
1028 2223 1217 2264 frangeret,
1248 2220 1302 2252 his
1332 2224 1446 2252 autem
1471 2231 1569 2261 supe-

930 2267 1013 2298 ratis
1045 2278 1080 2298 se
1110 2267 1211 2308 plane
1236 2265 1341 2297 alium
1366 2265 1566 2304 ostendisse,

932 2310 1019 2352 :cocis
1036 2309 1072 2343 τὸ
1089 2311 1263 2352 βέλτιστον
1285 2311 1320 2341 111
1344 2310 1567 2352 gubernanda

930 2356 1107 2398 republica
1123 2360 1342 2398 spectantem.
1382 2357 1431 2387 Ita
1455 2359 1566 2387 tamen

930 2412 1000 2433 rem
1039 2412 1107 2433 non
1148 2404 1266 2442 negat,
1316 2399 1374 2432 sed
1415 2405 1566 2434 excusat.

930 2448 1016 2478 Eam
1056 2456 1136 2477 vero
1172 2446 1316 2477 ulterius
1354 2446 1568 2486 persequitur

929 2491 1171 2533 philosophus,
1203 2491 1262 2532 qui
1289 2489 1412 2521 exinde
1437 2490 1567 2532 colligit

929 2536 1094 2568 Periclem
1125 2546 1194 2567 non
1223 2535 1350 2567 bonum
1374 2535 1480 2567 fuisse
1505 2539 1568 2566 rei<

929 2581 1087 2623 publicae
1111 2580 1359 2618 administrum,
1383 2580 1442 2611 sed
1466 2584 1569 2612 verae'

930 2627 1011 2658 artis
1033 2626 1206 2657 civitatem
1230 2624 1444 2668 gubernandi
1469 2625 1566 2667 igna-

929 2682 1003 2703 rum
1038 2675 1071 2702 et
1101 2671 1313 2712 imperitum3
1358 2670 1440 2701 huic
1476 2671 1565 2702 enim

929 2716 1015 2748 illud
1045 2716 1148 2748 unice
1179 2716 1389 2758 propositum
1414 2725 1487 2747 esse
1512 2714 1568 2746 de—
