1687 2969
238 165 315 201 110
780 164 1041 202 PLATOMS

235 270 280 312 ἐκ
317 273 403 311 τῶν
443 271 728 324 δημιουργῶν.
797 273 898 312 Σῼ.
928 272 1106 325 Λέγεται
1144 277 1302 319 ταῦτα,
1344 266 1378 313 ὦ
1406 275 1448 314 Γ
1443 274 1581 326 οργία,

232 335 328 388 περὶ
359 333 709 389 Θεμιστοκλέους·
753 336 1012 390 Περικλέους
1050 336 1094 377 ὁὲ
1132 337 1202 378 καὶ
1239 337 1366 386 αὐτὸς
1404 341 1581 392 ἤκουον,

179 414 215 440 >c
233 400 300 441 ὅτε
342 401 654 453 συνεβούλευεν
699 401 801 454 ἡμῖν
850 402 944 454 περὶ
983 408 1060 443 τοῦ
1109 401 1178 443 διὰ
1226 401 1358 455 μέσου
1404 404 1578 457 τείχους.

119 465 201 507 456
233 467 356 506 ΓΟΡ.
401 466 488 506 Καὶ
526 465 630 507 ὅταν
657 465 703 519 γέ
741 482 804 515 τις
832 468 989 520 αἵρεσις
1016 464 1044 519 ᾖ
1074 458 1136 508 ὧν
1175 465 1227 521 δὴ
1256 468 1309 508 συ
1338 465 1506 522 ἔλεγες,
1546 463 1580 510 ὦ

233 531 472 583 Σώκρατες,
499 530 616 585 ὁρᾷς,
647 528 711 572 ότι
740 531 782 573 οἱ
809 531 982 585 ῥήτορές
1018 532 1122 573 εἰσιν
1150 532 1192 573 οἷ
1218 534 1583 587 συμβουλεύοντες

230 595 301 637 καὶ
329 596 371 637 οἱ
396 598 597 644 νικῶντες
625 596 698 645 τὰς
727 598 900 651 γνώμας
927 596 1023 650 περὶ
1050 598 1227 639 τούτων.
1286 600 1388 638 ΣΩ.
1438 601 1580 640 Ταῦτα

231 660 301 702 καὶ
327 662 577 714 θαυμάζων,
609 656 641 702 ὦ
672 664 713 702 Γ
709 663 846 714 οργία,
876 663 1004 703 πάλαι
1033 661 1196 714 ἐρωτῶ,
1235 663 1297 712 τίς
1323 677 1425 704 ποτε
1453 664 1481 717 ἡ
1509 664 1579 704 δύ-

229 727 356 779 ναμίς
385 724 470 766 ἐστι
498 733 571 779 τῆς
600 726 836 780 ῥητορικῆς.
867 727 1066 780 δαιμονία
1094 728 1176 780 γάρ
1204 743 1265 776 τις
1290 728 1429 782 ἔμοιγε
1451 744 1576 770 κατα-

230 792 426 842 φαίνεται
454 791 502 832 τὸ
531 790 713 844 μέγεθος
742 791 853 833 οὕτω
884 799 1126 834 σκοποῦντι.

295 915 333 946 P.
358 912 434 946 456.
460 909 516 945 ὦν
546 913 594 956 δὴ
622 913 668 946 σύ
701 913 855 958 ἔλεγες]
887 914 976 946 Edit.
1002 915 1079 946 Bas.
1105 913 1136 947 2.
1169 909 1220 946 ὦν
1255 918 1320 947 νῦν
1351 909 1395 946 αὖ
1434 914 1476 947 σὺ
1506 916 1575 947 ἕλε-

229 970 296 1003 ygfs.
343 959 503 991 Ficinus:
530 970 636 1001 quas
660 963 705 991 tu
728 960 845 992 modo
870 959 1107 993 referebas.
1153 960 1295 993 Videtur
1320 960 1426 1003 igitur
1449 960 1574 1003 legisse

230 1005 279 1035 ών
306 1007 371 1035 νῦν
397 1003 438 1046 δὴ
465 1004 507 1036 σὺ
532 1006 654 1046 ἐλεγες.

298 1051 358 1082 τίς
383 1061 484 1081 ποτε
510 1047 528 1091 ἡ
556 1048 754 1093 δύναμιέ]
789 1050 845 1082 Sic
868 1051 944 1083 Par.
970 1051 995 1083 Ι.
1023 1054 1057 1083 et
1086 1060 1211 1083 novem
1235 1050 1426 1084 Florentini
1457 1052 1577 1084 nostri.

228 1093 331 1126 Editt.
357 1105 475 1126 omnes
502 1094 581 1137 ἥτις.

275 1206 544 1248 Περικλέους
569 1206 707 1239 δὲκαὶ
735 1205 867 1241 αὐτὸς

230 1249 393 1293 ἤκουον
416 1251 472 1295 -]
499 1253 677 1291 „Mortuus
702 1258 752 1285 est
775 1254 868 1285 Peri-

228 1297 310 1337 cles,
335 1308 440 1339 quum
456 1298 613 1330 Socrates
631 1299 764 1330 circiter
788 1309 869 1339 qua-

227 1341 384 1385 draginta
437 1354 545 1375 annos
599 1348 699 1375 natus
747 1343 866 1375 esset.”

226 1388 399 1420 ROUTH.
420 1388 627 1420 scholiastes
642 1389 863 1420 Clarkianus:

227 1429 448 1473 ἀρχαιότερος
492 1433 715 1475 Θεμιστοκλῆς
760 1433 865 1473 Περι-

198 1513 201 1516 .
226 1477 346 1511 κλέους
371 1479 457 1509 ἔτεσι
488 1480 620 1510 πλείοσι
650 1482 718 1510 τῶν
743 1480 864 1521 πεντή-

226 1534 341 1555 κοντα.
387 1524 439 1555 De
470 1522 526 1555 ὅτε
550 1528 627 1565 post
656 1521 785 1566 ἥκουσι·
808 1535 866 1565 po-

225 1568 290 1599 sito
316 1579 348 1599 v.
365 1569 508 1610 interpp.
535 1569 577 1600 ad
601 1570 864 1611 Euripflecub.

224 1623 256 1644 v.
282 1612 358 1646 108.
394 1614 518 1645 Latine
548 1615 628 1645 item
653 1614 765 1646 dicas:
799 1625 865 1646 au-

225 1657 339 1698 divi,
363 1669 489 1699 quum
513 1659 694 1691 diceret.

271 1704 373 1743 περὶ
409 1707 481 1736 τοῦ
514 1703 580 1736 διὰ
612 1704 748 1743 μέσον
783 1707 862 1735 τεί-

224 1760 319 1799 χοι
309 1748 335 1791 ]
363 1748 495 1780 Schola
530 1747 599 1780 Διὰ
623 1750 730 1788 μέσοι
756 1754 862 1790 τεῖχος

223 1802 311 1845 Ᾱὲγδί
346 1806 363 1825 O
396 1806 451 1825 aab
483 1792 558 1834 ἅχΟΙ
599 1807 664 1826 1'13'1
696 1805 789 1826 ξσῖίΓ
823 1794 863 1825 ἑΓ

223 1835 364 1870 Ελλάδι.
408 1838 447 1870 ἐι
490 1843 527 1880 τῇ
568 1840 754 1881 llovwzch
794 1837 859 1892 γὰρ

225 1883 366 1925 ἐποιησε
400 1884 454 1915 καὶ
482 1882 519 1915 τὸ
543 1885 650 1922 μέσον
676 1889 800 1925 τεῖχος,
827 1884 863 1916 τὸ

223 1928 288 1965 μὲι·
311 1926 437 1969 βάλλον
463 1928 518 1960 ἐπὶ
544 1927 602 1961 τὸν
627 1933 784 1970 πειραιᾶ,
828 1927 862 1961 τὸ

224 1972 262 2004 δὲ
288 1972 343 2004 ἐπὶ
368 1972 518 2015 Φάληρα,
544 1972 599 2012 ἵν’,
625 1974 660 2006 εἰ
683 1974 717 2006 τὸ
738 1974 778 2005 ἓν
804 1985 860 2005 κα-

224 2019 396 2060 ταβληθῇ,
453 2017 487 2050 τὸ
539 2017 616 2051 ἄλλο
674 2017 861 2061 ὑπηρετοιή

224 2061 299 2104 ἄχρι
331 2067 390 2095 τοῦ
423 2065 558 2096 πολλοῦ.
619 2065 860 2106 Harpocra-

222 2109 315 2140 tion
339 2119 431 2140 s.v.:
467 2109 583 2150 Τριῶν
607 2107 721 2140 ὄντων
745 2113 861 2150 τειχῶν

222 2152 262 2183 ἐν
288 2157 324 2195 τῇ
348 2152 537 2196 Ἀττικῇ-
562 2159 620 2186 τοῦ
647 2166 679 2186 τε
703 2154 858 2195 Βορειόυ

222 2199 276 2229 καὶ
291 2210 350 2230 τοι
364 2182 495 2231 AVozz'ot
518 2201 571 2231 καὶ
591 2203 649 2231 τοῦ
665 2199 860 2241 Φαληρικοι

222 2262 265 2266 -
291 2242 345 2275 διὰ
371 2243 478 2282 ιιὲσου
511 2243 641 2276 τοτ’τωι·
668 2244 799 2286 ἐλέγετο
825 2243 859 2275 τὸ

224 2287 364 2326 Νότιον,
375 2284 416 2321 οὖ
430 2288 860 2331 μιήμόιειεικαιΠλάτωι

222 2333 261 2364 ἐι
295 2334 438 2376 Γοργιᾳ.
501 2335 733 2367 Consideratis
772 2335 859 2366 locis

223 2378 413 2420 Phueyd.
428 2380 474 2419 ΙΙ,
490 2379 543 2413 13.
563 2385 595 2411 et
617 2380 741 2412 Livii
765 2380 858 2412 Libr.

220 2424 347 2455 XXXI.
373 2435 398 2455 c.
423 2423 489 2464 26„
514 2426 572 2456 ubi
596 2435 761 2456 murum
791 2435 858 2456 me-

219 2472 339 2508 morat,
356 2470 429 2509 qui
449 2469 615 2502 duobus
630 2469 856 2502 bracchiis

220 2514 453 2545 Piraeeum
478 2515 661 2546 Athenis
694 2515 857 2557 iungit,

221 2558 261 2590 de
285 2569 320 2590 re
344 2558 446 2590 valde
463 2558 566 2590 dubia
591 2564 625 2591 et
641 2564 858 2591 controversa

219 2605 267 2635 sic
299 2603 435 2635 videtur
468 2604 734 2636 existimandum
772 2615 855 2638 esse.

218 2648 440 2690 Thucydides
457 2659 559 2690 quum
574 2655 708 2691 praeter
723 2660 856 2681 murum

218 2693 438 2726 Phalericum
485 2694 625 2736 insuper
658 2692 695 2726 τὰ
743 2694 856 2735 μακρὰ

937 1210 1025 1250 τείχη
1041 1208 1290 1249 memoraverit,
1315 1208 1472 1240 videntur
1488 1208 1575 1241 haec

936 1254 1010 1294 ipsa
1038 1253 1264 1295 intelligenda
1300 1264 1374 1285 esse
1413 1253 1480 1286 duo
1512 1253 1575 1285 illa

935 1299 1025 1330 muri
1042 1298 1206 1331 bracchia
1223 1310 1243 1330 a
1261 1299 1361 1331 Livio
1377 1303 1575 1339 memorata,

935 1354 1022 1384 quae
1054 1345 1234 1376 Piraeeum
1265 1345 1342 1376 urbi
1373 1345 1574 1386 iungebant.

936 1389 990 1420 Ex
1005 1389 1058 1420 his
1073 1394 1186 1421 autem
1203 1389 1358 1429 alterum,
1377 1389 1467 1431 quod
1483 1390 1573 1421 latus

935 1434 1072 1466 boreale
1104 1435 1260 1477 tegebat,
1295 1436 1389 1476 prius
1420 1439 1492 1467 erat
1515 1446 1572 1467 ex-

935 1483 1101 1511 structum
1117 1480 1260 1521 ideoque
1274 1479 1376 1512 valde
1392 1481 1572 1520 munitum,

933 1524 1077 1556 alterum
1110 1536 1153 1556 ex
1184 1525 1292 1556 altera
1331 1529 1427 1567 parte
1457 1529 1576 1567 postea

934 1569 1090 1601 additum
1106 1580 1145 1602 ac
1164 1571 1277 1602 minus
1293 1570 1463 1602 firmatum
1479 1581 1575 1612 prae-

933 1615 1031 1655 sidio,
1056 1615 1135 1657 quia
1160 1620 1370 1647 commeatus
1400 1616 1574 1648 meridiem

932 1671 1052 1692 versus
1075 1662 1143 1692 iam
1168 1661 1347 1693 Phalerico
1379 1671 1495 1701 muro,
1531 1661 1574 1693 ad

932 1706 1207 1746 septemtrionem
1230 1710 1343 1738 autem
1365 1716 1462 1738 muro
1487 1707 1574 1738 anti-

933 1751 1050 1791 quiore
1065 1751 1208 1782 Piraeeo
1224 1751 1259 1782 in
1275 1756 1410 1793 portum
1427 1751 1571 1783 ducente

932 1796 1014 1827 satis
1047 1795 1237 1828 custoditus
1270 1795 1459 1828 videbatur.
1506 1797 1573 1828 Ita-

932 1851 996 1881 que
1012 1839 1046 1872 τὸ
1065 1840 1120 1872 διὰ
1132 1840 1238 1879 μέσου
1256 1846 1359 1882 τεῖχος
1376 1841 1568 1874 alterum

930 1886 1040 1916 muri
1092 1886 1273 1917 Piraeei
1317 1885 1570 1918 bracchium

932 1934 982 1961 est
1018 1930 1055 1961 in
1087 1930 1198 1962 medio
1230 1931 1318 1963 inter
1356 1932 1568 1973 primitivum

930 1975 1043 2007 Piraei
1059 1986 1193 2007 murum
1210 1980 1312 2017 atque
1329 1987 1462 2008 murum
1482 1977 1570 2009 Pha-

930 2020 1072 2052 lericum
1089 2021 1316 2062 interiectum,
1341 2032 1417 2053 cum
1435 2022 1570 2054 Piraeei

929 2066 1140 2097 munimento
1170 2066 1219 2097 ita
1251 2066 1491 2107 coniunctum,
1531 2072 1571 2099 ut

929 2114 1073 2151 utraque
1116 2110 1281 2143 bracchia
1328 2122 1435 2143 unum
1483 2123 1568 2154 opus

929 2155 1135 2187 conficerent
1174 2156 1318 2198 ideoque
1348 2168 1445 2188 muro
1478 2157 1569 2189 Pha-

928 2200 1032 2232 lerico
1057 2207 1324 2243 opponerentur,
1360 2206 1462 2243 atque
1487 2202 1569 2234 alte-

928 2256 1001 2277 rum
1013 2244 1056 2287 βό
1063 2257 1167 2286 petor,
1180 2246 1324 2278 alterum
1332 2247 1433 2278 etiam
1443 2247 1484 2278 ad
1494 2248 1569 2279 Mu-

928 2290 1080 2322 nichiam
1096 2301 1299 2333 procurrens
1323 2290 1437 2323 νότιον
1453 2292 1568 2334 appel-

927 2336 1071 2375 laretur,
1115 2346 1335 2377 quamquam,
1374 2337 1476 2368 sicuti
1513 2348 1567 2369 res

926 2382 1002 2422 ipsa
1024 2380 1115 2420 tulit,
1138 2380 1203 2412 hoe
1227 2381 1364 2422 quidem
1394 2382 1496 2414 etiam
1528 2380 1564 2414 τὸ

928 2424 982 2457 διὰ
1015 2425 1120 2463 μέσοι
1164 2430 1270 2467 τεῖχος
1302 2431 1464 2459 vocatum
1505 2431 1565 2458 est.

927 2470 1058 2502 Caussa
1088 2473 1218 2511 autem,
1259 2481 1320 2503 cur
1350 2482 1468 2503 murus
1504 2466 1564 2504 ille

925 2515 1058 2547 medius
1088 2520 1280 2548 exstructus
1311 2517 1373 2556 sit,
1417 2527 1436 2548 a
1468 2517 1565 2549 seho-

925 2560 1027 2591 liasta
1051 2561 1134 2592 satis
1169 2561 1389 2602 probabiliter
1413 2561 1564 2594 indicata

925 2609 977 2636 est
999 2606 1132 2636 verbis:
1166 2603 1220 2643 ἵν’,
1255 2605 1289 2637 εἰ
1321 2605 1355 2638 τὸ
1388 2606 1428 2637 ἒν
1464 2618 1561 2638 κατα-

925 2650 1041 2691 βληθῇ
1056 2662 1084 2681 κ.
1103 2662 1127 2682 τ.
1147 2651 1171 2681 λ.
1205 2650 1305 2690 Quod
1326 2656 1439 2682 autem
1461 2651 1564 2683 hodie

924 2694 1068 2727 duorum
1091 2699 1222 2727 tannim
1239 2706 1411 2728 murorum
1435 2706 1455 2727 a
1475 2697 1563 2728 mari
