1687 2969
490 209 563 247 AD
593 209 837 248 GORGIAM
864 210 1134 249 PLATONIS.
1437 213 1487 250 67

133 321 174 358 111
212 321 355 370 templo
395 321 557 371 Dionysi
606 322 901 370 pretiosissimos
952 327 994 360 nt
1034 323 1192 360 donaria
1240 323 1485 369 dedicarunt;

133 377 342 415 testabitur
372 377 649 424 Aristocrates,
688 379 848 416 Seelliae
886 378 1007 421 filius,
1048 379 1112 429 qui
1143 379 1314 428 Apollini
1344 380 1484 430 Pythio

135 434 422 472 celeberrimum
461 434 556 471 illud
595 435 795 472 donarium
832 435 1086 481 consecravit3
1134 436 1341 474 testabitur
1379 436 1484 473 deni-

135 503 209 540 que
249 494 329 528 tota
369 490 525 528 Periclis
562 491 695 528 domus
735 496 851 542 atque
888 505 981 539 gens
1020 492 1177 541 quaevis
1217 492 1310 538 alia,
1352 506 1483 542 quam-

136 560 286 597 cunque
344 547 497 583 demum
553 547 722 595 elegeris.
828 547 1018 584 Nimirum
1074 548 1185 585 facile
1241 548 1480 596 intelligitur,

136 602 175 640 id
212 603 313 653 quod
354 603 470 640 etiam
498 603 629 640 Frid.
671 604 848 641 Astius
889 604 1103 653 perspexit,
1153 605 1336 642 testari
1380 619 1482 642 nune

135 659 288 696 etiam
317 663 541 697 mortuos
573 660 664 705 dici,
705 664 894 710 quatenus
924 660 1126 708 magnifica
1155 674 1286 697 eorum
1325 662 1483 698 donaria

134 715 250 752 etiam
278 728 381 752 nunc
409 715 592 752 indicium
620 716 782 761 faciant,
814 717 947 767 quanti
978 717 1049 766 ipsi
1081 730 1171 765 opes
1201 729 1243 753 ac
1272 718 1483 765 potentiam

135 771 434 809 aestimaverint.
492 773 540 808 In
581 785 655 822 quo
694 774 862 821 profecto
902 773 999 810 nihil
1039 773 1157 818 inest,
1198 774 1298 822 quod
1329 786 1351 810 a
1378 779 1482 812 recto

134 828 316 878 loquendi
346 840 450 865 more
481 832 519 866 et
549 829 824 866 consuetudine
854 829 932 866 ullo
962 830 1072 866 modo
1101 830 1272 875 recedat,
1313 831 1482 880 quando-

134 884 289 934 quidem
317 885 433 931 vulgo
473 897 623 935 quoque
663 890 833 923 mortuos
873 886 1016 936 aliquid
1054 886 1188 923 testari
1228 886 1408 932 (licinius,
1450 887 1480 923 si

134 953 248 989 opera
294 953 426 977 eorum
473 945 670 991 tamquam
708 942 928 979 testimonia
974 942 1106 978 iudicii
1155 946 1221 979 aut
1270 943 1483 980 voluntatis

135 996 304 1045 ipsorum
340 997 598 1045 proferuntur.
668 998 796 1034 Nicias
837 1011 928 1035 vero
968 999 1069 1048 quod
1109 998 1294 1047 imprimis
1333 999 1404 1035 hae
1442 999 1482 1035 in

134 1065 269 1089 caussa
298 1058 623 1099 commemoratur,
653 1054 870 1091 meminisse
900 1055 1050 1091 iuvabit
1070 1068 1158 1091 011111
1182 1054 1368 1092 maximas
1396 1068 1482 1104 pos-

134 1109 277 1146 sedisse
306 1109 461 1147 divitias
491 1123 539 1146 ex
569 1110 735 1148 metallis
754 1111 990 1148 Laureoticis
1011 1116 1259 1159 comparatas,
1289 1111 1355 1148 ubi
1377 1111 1481 1148 mille

134 1165 271 1203 habuit
308 1165 517 1214 operarios;
568 1180 603 1203 v.
644 1167 911 1204 Plutarchi
956 1167 1037 1203 Nic.
1079 1180 1107 1203 c.
1148 1167 1214 1203 IV.
1255 1167 1479 1217 Xenoph.

134 1222 192 1258 De
222 1221 367 1269 Vectig.
398 1223 466 1267 IV,
502 1225 562 1259 14.
630 1224 726 1260 Inde
756 1223 874 1271 igitur
902 1223 1019 1260 etiam
1048 1223 1269 1270 magnificos
1299 1217 1383 1261 illos
1412 1224 1479 1261 tri-

134 1279 251 1326 podes
281 1277 426 1326 posuit,
457 1291 576 1329 quum
607 1279 795 1326 choragiis
824 1279 979 1317 vicisset
1019 1279 1070 1327 (v.
1100 1280 1366 1317 Plutarchi
1397 1281 1478 1317 Nic.

135 1347 170 1382 p.
203 1337 293 1371 524.
324 1333 385 1382 E)
399 1360 416 1380 ‚-
438 1347 558 1385 eoque
598 1335 826 1381 declaravit,
868 1340 1056 1386 quantum
1093 1335 1240 1373 divitiis
1277 1342 1315 1374 et
1345 1337 1480 1385 opibus

135 1390 342 1437 tribueret,
385 1391 560 1441 quamvis
590 1396 759 1429 ceterum
788 1392 987 1440 religiosae
1017 1392 1172 1441 pietatis
1211 1397 1250 1430 et
1278 1393 1481 1441 probitatis

134 1447 248 1484 laude
277 1446 453 1485 floruerit
481 1447 532 1496 (v.
564 1447 781 1498 Thucyd.
813 1449 902 1495 VH,
935 1452 996 1486 76.
1031 1447 1130 1495 80.)‚
1172 1453 1216 1486 ut
1253 1449 1335 1485 eius
1374 1450 1481 1487 testi-

135 1503 306 1539 monium
344 1503 417 1540 hac
454 1503 495 1540 in
525 1516 659 1541 caussa
688 1504 772 1542 ideo
809 1505 925 1542 etiam
955 1505 1111 1553 gravius
1149 1505 1270 1542 videri
1301 1506 1479 1554 potuerit.

136 1560 266 1609 Atque
294 1559 389 1596 haec
420 1560 575 1610 quidem
604 1561 731 1597 omnia
769 1574 889 1611 quum
917 1561 994 1597 iam
1022 1561 1227 1599 videantur
1265 1562 1359 1599 satis
1399 1575 1481 1599 esse
1528 1570 1531 1573 “

137 1615 318 1664 expedita
346 1628 470 1666 neque
502 1616 572 1653 ulli
601 1617 833 1654 dubitationi
872 1618 997 1654 locum
1026 1617 1262 1667 relinquere,
1301 1622 1384 1654 111111
1414 1619 1481 1655 1111-

136 1675 281 1721 quanto
310 1671 502 1709 difficilior
541 1673 715 1722 quaestio
754 1679 832 1719 est,
872 1687 966 1710 num
995 1687 1070 1724 qua
1099 1674 1181 1710 fieri
1211 1674 1398 1722 potuerit,
1440 1679 1483 1712 ut

135 1728 247 1765 Plato
287 1728 548 1766 verisimiliter
585 1730 766 1777 Gorgiam
806 1743 884 1766 una
922 1743 1020 1766 cum·
1047 1730 1139 1767 Polo
1178 1736 1344 1768 exeunte
1384 1731 1483 1767 bello

136 1784 457 1833 Peloponnesiaco
486 1784 568 1822 sive
598 1798 630 1822 a.
654 1790 732 1822 405
772 1799 803 1822 a.
826 1786 912 1823 Chr.
935 1800 970 1822 n.
1002 1787 1176 1823 Athenas
1205 1786 1336 1824 venire
1367 1790 1483 1837 atque

138 1835 341 1878 Socratem
360 1844 445 1878 tum
473 1842 626 1878 demum
665 1855 751 1879 cum
780 1842 855 1879 illis
885 1848 1000 1892 atque
1031 1843 1185 1879 Callicle
1214 1843 1261 1880 de
1291 1847 1373 1880 arte
1403 1856 1483 1880 ora-

135 1896 235 1934 toria
263 1900 303 1935 et
331 1897 435 1934 civili
465 1910 657 1935 sermones
687 1898 889 1936 instituere
918 1898 1079 1936 iuberet.
1134 1899 1193 1936 De
1223 1912 1300 1949 qua
1328 1899 1484 1949 quidem

137 1952 361 2003 quaestione
389 1953 559 1992 breviter
588 1955 780 2003 explicare
810 1955 949 1992 licebit.
994 1954 1179 1995 Quamvis
1208 1968 1300 1993 vero
1321 1955 1484 2004 Gorgiae

138 2012 178 2046 et
206 2009 289 2045 Poli
317 2013 490 2058 tempora
527 2023 663 2059 parum
703 2012 901 2060 explorata
939 2012 1174 2057 habeantur,
1216 2016 1346 2049 tamen
1375 2012 1485 2049 nobis

136 2064 193 2102 ita
221 2066 470 2103 statuendum
497 2066 668 2113 videtur,
707 2073 752 2105 ut
780 2067 876 2104 illud
913 2080 1003 2104 sane
1033 2081 1109 2104 non
1139 2068 1374 2104 incommode
1402 2068 1486 2105 fieri

137 2121 308 2169 potuisse
357 2122 597 2170 largiendum
645 2124 706 2160 sit.
783 2124 990 2161 Enimvero
1038 2124 1247 2161 tenendum
1286 2124 1348 2160 hic
1397 2128 1486 2162 ante

139 2177 266 2214 omnia
305 2181 382 2224 est,
423 2179 525 2228 quod
563 2192 586 2216 a
614 2180 807 2229 plerisque
847 2179 987 2217 criticis
1026 2181 1243 2227 neglectum
1281 2192 1363 2217 csse
1393 2194 1486 2217 sane

138 2233 298 2279 mireris,
328 2234 530 2272 Platonem
557 2235 684 2284 ipsum
713 2235 753 2271 in
783 2248 896 2272 scena
925 2236 1064 2282 dialogi
1096 2240 1134 2273 et
1163 2235 1203 2272 in
1232 2236 1378 2286 reliquo
1409 2249 1486 2273 ser-

139 2302 250 2326 mone
278 2289 376 2327 nihil
405 2291 616 2341 quidquam
644 2291 838 2340 posuisse,
868 2292 970 2328 unde
1001 2292 1046 2328 de
1076 2292 1198 2340 prima
1226 2292 1293 2328 illa
1323 2293 1486 2340 Gorgiae

138 2345 329 2393 legatione
371 2359 402 2384 a.
435 2349 513 2385 427
546 2347 648 2385 facta
687 2351 755 2385 aut
793 2349 839 2384 de
878 2351 1048 2396 tempore
1089 2348 1123 2385 01
1163 2348 1289 2385 vicino
1329 2349 1487 2396 cogitari

138 2405 311 2450 oportere
341 2406 608 2454 consequatur.
669 2405 751 2440 Imo
782 2403 990 2441 clarissime
1020 2404 1206 2442 indicavit
1235 2405 1487 2454 philosophus

139 2457 315 2495 habitum
344 2458 438 2507 fingi
473 2460 686 2507 dialogum,
727 2473 801 2510 quo
840 2465 1010 2508 tempore
1048 2460 1179 2498 rhetor
1216 2461 1279 2498 vel
1318 2461 1490 2510 sophista

140 2513 408 2551 celeberrimus
445 2515 522 2553 iam
568 2516 777 2553 crebriores
824 2529 891 2565 per
931 2516 1128 2553 Graeciam
1165 2517 1490 2566 peregrinationes

140 2569 380 2618 suscepisset.
439 2572 540 2608 Nam
568 2586 603 2621 p.
634 2576 727 2608 449.
757 2573 799 2608 B.
831 2572 1013 2619 Gorgiam
1050 2573 1141 2610 fecit
1177 2574 1272 2611 haec
1309 2574 1489 2622 profiten-

138 2628 239 2662 tem:
270 2622 564 2676 ἐπαγγὲλλομαί
578 2640 619 2678 γε
640 2630 760 2666 τοῦτο
783 2624 835 2665 οὐ
860 2642 887 2676 μ
903 2624 923 2664 o‘
933 2642 953 2663 ν
963 2641 1015 2664 ον
1037 2625 1166 2666 ἔνθά
1177 2627 1225 2666 δε
1245 2628 1493 2677 (Athenis),

142 2677 241 2718 ἀλλὰ
278 2681 341 2718 καὶ
383 2677 544 2720 ἄλλοθι.
602 2683 788 2724 Quocirca
825 2684 907 2732 ipso
946 2684 1039 2721 adeo
1070 2685 1230 2722 Platone
1269 2690 1367 2722 teste
1407 2698 1492 2721 seu-

139 2737 265 2775 tentia
303 2751 435 2775 eorum
472 2738 618 2776 fraudis
657 2739 900 2787 coarguitur,
941 2740 1007 2790 qui
1045 2741 1184 2788 dialogi
1213 2741 1494 2789 perorationem
