1687 2969
603 138 909 177 -XGV—

54 249 55 253 ¹
84 252 138 294 ab
177 251 315 306 iisque
347 253 477 308 petit,
519 260 565 294 ut
605 252 688 294 sibi
729 252 916 307 benigne
947 250 1186 307 largiantur
1217 253 1426 295 internam

84 309 213 350 animi
242 309 600 365 pulcritudinem3
633 314 810 350 externa
829 315 973 349 autem
1003 308 1130 361 bona,
1163 310 1198 351 si
1230 324 1316 364 qua
1346 311 1427 353 sibi

81 366 340 422 obtigerint,
392 367 520 407 animi
558 366 800 420 mentisque
852 365 1001 406 virtuti
1042 366 1163 420 paria
1220 367 1425 409 efficiant.

82 419 214 475 Quod
238 423 598 477 quemadmodum
619 423 792 465 omnino
810 422 1029 478 praeclare
1061 436 1110 463 ac
1132 425 1427 478 superioribus

79 480 349 522 sermonibus
377 480 503 536 plane.
533 480 840 522 convenienter
871 478 1033 520 dictum
1054 484 1142 532 est,
1191 481 1252 521 ita
1290 482 1426 537 spirat

79 537 225 578 nescio
287 551 415 591 quam
474 537 722 594 religiosam
774 536 1005 592 pietatem,
1081 550 1166 590 qua
1235 537 1426 581 imbutus

80 599 147 634 est
177 592 361 635 dicentis
392 594 572 642 animus.
632 594 833 648 Denique
872 592 957 634 huc
995 607 1084 634 non
1113 598 1275 636 temere
1306 594 1427 637 vide-

80 665 175 691 mur
211 665 372 692 morem
413 651 640 705 quemdam
680 664 883 692 revocare
911 665 989 705 per
1019 664 1183 691 omnem
1216 651 1304 692 fere
1336 667 1425 693 ser-

78 722 248 748 monem
278 714 525 749 constanter
552 709 837 750 observatum.
906 707 1089 748 Fatetur
1127 707 1240 749 enim
1267 708 1425 751 Socra-

77 769 160 818 tes,
193 779 488 819 quaecumque
520 764 573 806 de
603 779 747 806 amore
778 764 990 821 proferat,
1024 778 1074 805 ea
1104 771 1284 821 accepta
1313 766 1425 806 refe-

76 819 211 862 renda
251 835 346 863 esse
376 821 602 864 instinctui
639 821 809 864 cuidam
841 821 970 862 animi
1001 821 1066 863 sui
1099 821 1313 863 diviniori.
1372 822 1424 864 In

77 892 163 932 quo
211 883 353 919 tamen
400 878 631 935 diligenter
676 886 742 920 est
790 878 1243 932 animadvertendum,
1298 879 1422 921 aliter

76 934 217 989 ipsum
247 949 298 975 ea
326 935 372 976 in
401 951 446 977 re
478 937 634 989 facere,
666 935 741 977 ubi
763 935 815 976 de
847 935 1017 991 vulgari
1039 950 1181 976 amore
1213 936 1419 990 loquitur,

77 990 222 1044 aliter,
245 991 320 1033 ubi
350 993 527 1048 exponit
557 992 609 1034 de
629 1007 771 1034 amore
803 992 963 1033 divino.
1025 991 1139 1033 Nam
1171 992 1224 1034 de
1252 993 1421 1050 vulgari

76 1047 249 1102 quidem
280 1064 423 1091 amore
455 1050 594 1091 sicubi
622 1050 758 1092 verba
787 1050 906 1103 tacit,
940 1064 1034 1091 sese
1066 1048 1239 1090 simulat
1261 1051 1421 1091 extrin-

76 1118 199 1146 secus
249 1120 274 1146 a
312 1106 512 1162 nymphis
561 1107 742 1161 aliisque
790 1105 872 1147 diis
920 1106 1114 1147 locorum
1160 1107 1419 1150 tutelaribus

72 1160 246 1203 insolito
287 1162 475 1216 quodam
515 1163 668 1218 spiritu
708 1164 972 1205 concitatum
1011 1177 1127 1216 esse,
1168 1170 1217 1204 ut
1246 1180 1287 1220 p.
1321 1165 1416 1206 238.

75 1215 124 1261 C.
170 1217 227 1260 D.
269 1220 364 1261 241.
396 1219 448 1260 E.
480 1236 522 1276 p.
555 1221 650 1262 262.
681 1220 738 1261 D.
773 1220 869 1261 263.
901 1220 958 1260 D.
1029 1219 1098 1261 De
1130 1220 1307 1262 coelesti
1341 1236 1417 1263 au-

73 1280 160 1315 tem
200 1290 344 1317 amore
384 1276 578 1318 dicturus
617 1277 823 1318 orationis
873 1292 975 1319 suae
1017 1291 1215 1318 caussam
1262 1279 1420 1334 repetit

73 1346 99 1372 a
136 1331 389 1387 daemonio,
444 1332 562 1387 quod
595 1334 737 1390 ipsum
773 1334 949 1376 iusserit
987 1334 1175 1375 animum
1212 1335 1419 1392 religione

73 1388 309 1431 exsolvere.
408 1390 625 1431 Nimirum
671 1391 733 1431 ita
784 1391 892 1432 scite
931 1391 1184 1446 urbaneque
1224 1392 1417 1448 vulgaris

72 1445 228 1487 amoris
267 1446 454 1489 rationes
495 1446 551 1488 ad
590 1447 836 1504 opinionem
875 1448 964 1490 sive
1005 1447 1140 1501 δόξαν
1170 1448 1418 1492 referendas

71 1515 168 1544 esse
201 1502 441 1559 significat,
480 1510 529 1545 ut
557 1503 666 1546 adeo
705 1504 758 1546 de
788 1505 840 1546 iis
881 1504 1052 1547 dicturo
1089 1505 1245 1548 mentis
1275 1512 1418 1549 motus

71 1564 114 1600 et
143 1560 374 1602 concitatio
407 1561 579 1602 aliunde
601 1562 825 1617 obtingere
841 1562 1052 1603 videatur.
1112 1561 1212 1615 Quo
1245 1563 1418 1604 nomine

69 1616 321 1672 popularem
358 1617 611 1674 religionem
649 1619 826 1660 utilitati
865 1634 960 1661 esse
998 1633 1129 1675 posse
1167 1619 1285 1660 haud
1315 1635 1417 1662 sane

72 1673 220 1727 inepte
261 1674 426 1715 statuit.
501 1674 591 1717 Sed
629 1674 825 1732 vulgaria
854 1676 939 1716 ista
979 1676 1032 1717 de
1073 1691 1216 1717 amore
1254 1676 1418 1732 placita

71 1729 273 1783 quoniam
311 1729 478 1772 divinat
519 1737 562 1773 et
602 1739 839 1789 auguratur
879 1748 975 1774 cum
1015 1747 1158 1774 errore
1189 1748 1284 1774 esse
1314 1748 1418 1775 con-

70 1785 218 1827 iuncta
256 1786 452 1842 adeoque
490 1788 671 1845 indigna
710 1790 897 1831 numinis
944 1790 1190 1840 maiestate3
1240 1789 1314 1831 ubi
1361 1789 1417 1831 ad

69 1843 363 1885 sublimiorem
395 1859 648 1887 accessurus
685 1852 751 1888 est
780 1846 833 1888 de
851 1862 993 1888 amore
1014 1847 1287 1900 sententiam,
1323 1862 1418 1889 sese

70 1913 95 1940 a
123 1898 350 1943 daemonio
382 1916 462 1943 suo
491 1903 701 1944 monitum
732 1918 825 1945 esse
857 1904 941 1957 ait,
974 1910 1023 1945 ut
1062 1905 1308 1945 retractatis
1340 1904 1417 1945 ali-

70 1956 244 2011 quando
283 1958 575 2014 superioribus
615 1959 698 2002 deo
740 1959 939 2017 digniora
995 1961 1040 2002 in
1082 1960 1273 2002 medium
1311 1960 1416 2002 affe-

70 2018 149 2054 rat.
216 2014 270 2055 In
308 2030 394 2070 quo
443 2016 573 2058 sicuti
615 2017 757 2059 faceta
808 2017 1021 2073 quaedam
1071 2023 1202 2072 atque
1251 2018 1419 2059 urbana

70 2069 315 2113 continetur
352 2072 593 2127 cavillatio,
645 2088 732 2128 qua
768 2074 924 2116 festive
967 2074 1164 2116 ridentur
1213 2074 1416 2130 vulgares

70 2124 289 2169 rhetorum
327 2128 381 2170 de
420 2144 565 2171 amore
608 2130 968 2185 declamationes,
1009 2134 1070 2173 ita
1109 2131 1237 2171 etiam
1275 2131 1337 2186 pii
1377 2139 1419 2172 et

70 2182 260 2238 religiosi
299 2185 429 2227 animi
469 2186 686 2241 quandam
723 2187 866 2230 inesse
907 2187 1258 2230 testificationem
1287 2202 1416 2229 nemo

71 2237 195 2281 facile
231 2242 392 2285 infitias
433 2243 575 2285 iverit.
648 2244 719 2285 En
758 2245 893 2301 igitur
931 2245 1164 2301 imaginem
1204 2243 1414 2298 Socratis,

72 2297 253 2339 servatis
291 2299 520 2355 primitivis
574 2301 739 2357 proprii
775 2302 941 2358 ingenii
982 2301 1271 2355 lineamentis,
1311 2315 1416 2343 con-

72 2351 292 2396 venienter
325 2356 378 2398 iis
409 2356 730 2412 adumbratam,
772 2374 881 2414 quae
922 2357 975 2399 de
1006 2358 1153 2399 divino
1184 2373 1330 2399 amore
1360 2358 1414 2400 ab

69 2408 164 2463 ipso
194 2409 479 2466 disputantur.
540 2415 705 2456 Verum
737 2415 888 2457 eadem
916 2415 991 2455 illa
1019 2415 1163 2471 imago
1193 2420 1310 2457 certe
1338 2430 1415 2457 ne-

70 2465 164 2521 gari
194 2480 281 2508 non
317 2471 478 2524 poterit
507 2471 611 2526 quin
649 2472 777 2513 etiam
805 2472 858 2514 iis
889 2472 1017 2528 plane
1047 2472 1104 2514 sit
1135 2471 1411 2525 conveniens,

72 2536 181 2576 quae
224 2523 269 2564 in
298 2523 380 2567 hoc
408 2527 518 2569 libro
549 2535 823 2584 exponunt-ur
855 2528 908 2570 de
939 2527 1175 2572 dialectica.
1235 2528 1414 2570 Etenim

69 2578 184 2643 idem
222 2579 293 2621 ille
332 2580 560 2638 Socrates,
601 2585 675 2640 qui
715 2585 898 2642 perfecti
937 2587 1139 2628 amatoris
1181 2600 1412 2641 personam

70 2641 268 2690 sustinet,
301 2638 427 2679 etiam
453 2642 635 2695 perfecti
665 2648 707 2683 et
737 2643 1021 2684 consummati
1051 2642 1266 2684 dialectici
1295 2657 1410 2684 sum-

70 2692 213 2747 mique
243 2694 425 2736 oratoris
454 2704 596 2752 partes
628 2699 739 2754 agit,
772 2704 818 2739 ut
850 2699 957 2754 ipsi,
998 2700 1033 2741 si
1061 2715 1211 2741 verum
1241 2698 1410 2753 quaeri-
