1687 2969
367 119 458 162 PH
474 116 780 161 AEDRUS.
813 117 863 158 P.
896 120 975 160 *20ss
1008 118 1071 161 St.
1309 120 1386 159 175

147 237 281 281 ΦΑΙ.
349 236 454 278 Ναί,

142 314 248 358 ΣΩ,
318 312 544 370 Λεύτερον
589 314 633 356 δὲ
670 309 723 365 δὴ
758 311 955 367 διήγησίν
991 330 1109 364 τινα,
1146 316 1391 370 μαρτυρίας

43 381 82 425 τ’
123 381 191 425 ἐπ’
240 379 373 441 αὐτῇ,
410 383 559 438 τρίτον
594 380 830 434 τεκμήρια,
869 384 1076 434 τέταρτον
1111 378 1280 423 εἰκότα·
1316 383 1388 424 καὶ

43 453 250 493 πίστωσιν
295 448 415 503 οἶμαι
463 450 535 490 καὶ
578 450 858 490 ὲπιπίστωσιν
891 448 1026 501 λέγειν
1062 445 1139 490 τόν
1172 465 1217 501 3ἐ
1251 450 1391 503 βέλτι-

44 531 149 560 στον
186 516 505 572 λογοδαίδαλον
539 512 793 566 Βυζάντιον
829 511 985 570 ἄνδρα.

148 601 278 644 ΦΑΙ.
351 595 447 641 Τὸν
477 594 671 653 χρηστὸν
705 599 775 651 λὲ3
779 614 836 648 εις
869 596 1122 654 Θεόδωρονς

139 682 244 726 ΣΩ.
316 684 368 725 Τι’
400 697 516 737 μηνς
550 683 622 724 καὶ
660 679 866 737 ἕλε3χόν3
872 698 899 724 ε
921 699 993 724 και
1027 681 1297 737 ὲηεξὲλε3χον
1332 700 1389 732 ως
1421 711 1500 752 207

39 755 246 803 ποιητέον
281 753 327 791 ὲν
360 751 604 804 κατη3ορίᾳ
639 766 684 791 τε
718 751 790 791 καὶ
825 747 1057 827 άπο7ο3ίᾳ.
1094 746 1171 792 τὸν
1206 751 1250 792 δὲ
1285 747 1390 792 καλ-

39 820 192 861 λιστον
225 815 406 874 Πάριον
445 813 619 868 Εὕηιον
656 820 714 866 εὶς
749 820 881 872 μέσον
903 833 982 859 ουκ
1004 815 1060 871 ἅ3
1065 833 1181 871 ομεν,
1213 814 1261 867 ὃς
1280 815 1388 860 ὑπο-

41 883 228 937 δηλωσίν
249 900 295 927 τε
322 885 494 940 πρῶτος
517 884 612 939 εὑρε
635 901 708 927 και
733 901 955 940 παρεπειι
960 901 1056 935 ους,
1092 887 1133 926 οἱ
1171 882 1207 926 δ
1250 881 1389 928 αὐτὸν

40 955 115 996 καὶ
149 949 367 1012 παραψό3
371 967 447 1000 ους
483 953 618 1010 φασιν
642 955 689 993 ἐν
710 955 851 1008 μέτρῳ
871 954 941 1007 λὲ3
946 968 1023 1005 ειν,
1044 967 1214 1007 μνημης
1232 949 1389 1008 χάριν·

40 1081 151 1124 λόγων
175 1079 349 1159 Δὲιίδαλον
375 1081 524 1121 effinxit3
552 1086 763 1124 repugnante
787 1081 944 1124 quidem,
970 1086 1007 1113 ut
1032 1081 1200 1123 arbitror,
1228 1082 1389 1124 loquendi

40 1132 202 1161 consuetu
231 1129 292 1162 ine.

131 1173 172 1207 P.
199 1173 277 1208 267.
326 1172 386 1208 εἷς
419 1174 552 1214 μέσον
586 1172 662 1206 ov'u
694 1172 882 1216 ἄγομεν]
907 1173 939 1211 ἐς
963 1171 1209 1208 AHDGNP.
1238 1174 1334 1209 Viud.
1359 1173 1391 1209 4.

40 1231 85 1259 n„
111 1219 203 1261 quod
230 1219 359 1262 recepit
383 1218 531 1251 Bekker.

41 1331 224 1371 πίστωηιν,
269 1330 562 1363 Heindorfius
601 1341 684 1372 qua-

43 1378 109 1409 lem
143 1378 243 1409 istam
278 1387 355 1409 esse
385 1378 530 1410 voluerit
553 1387 591 1409 se
617 1386 684 1409 non

42 1423 230 1464 intelligere
276 1423 465 1457 confitetur.
527 1426 553 1454 A
565 1423 624 1455 sti
637 1433 655 1455 u
668 1434 683 1455 s

753 1331 770 1361 λ
787 1331 803 1362 ε’
817 1343 838 1373 y
852 1342 866 1361 ε
885 1343 896 1361 ι
915 1343 950 1369 ς,
999 1330 1127 1364 ironice
1171 1329 1316 1371 dictum3
1362 1342 1392 1365 v,

752 1376 920 1411 Ruhnk.
946 1376 989 1409 ad
1014 1376 1103 1411 Tim.
1128 1388 1161 1419 p.
1188 1376 1261 1411 132.

802 1444 840 1478 P.
859 1443 938 1481 267.
978 1444 1064 1476 Τὸν
1089 1445 1132 1478 δὲ
1155 1444 1395 1478 κάλλιστον

41 1469 201 1500 mamm
233 1467 315 1501 dicit
347 1479 424 1501 esse
448 1468 685 1511 probationem

43 1525 86 1546 ex
109 1514 184 1557 ipsa
208 1514 256 1547 rei
282 1518 401 1546 natura
428 1514 583 1553 ductam,
616 1515 686 1546 ἐπι-

43 1561 204 1591 πίστωσιν
236 1570 318 1592 vero
353 1570 396 1592 ex
437 1560 511 1603 ipsa
542 1561 686 1592 oratoris

44 1606 266 1647 persuasione
298 1606 462 1647 petitam3
495 1605 688 1648 Spenge-

46 1651 130 1683 lius
162 1651 308 1692 denique
333 1653 493 1683 πίστωσιν
517 1655 551 1683 et
575 1651 687 1683 ἐπιπί-

46 1708 166 1728 στωσιν
195 1696 274 1728 nihil
310 1696 360 1728 ait
392 1707 468 1729 esse
510 1697 571 1729 nisi
601 1707 688 1729 nova

45 1743 223 1783 vocabula,
249 1753 270 1774 a
295 1741 480 1775 Theodoro
497 1743 588 1782 ficta,
613 1743 687 1784 qni-

45 1789 109 1819 bus
141 1787 324 1820 denotetur
355 1787 462 1830 idem,
506 1787 598 1830 quod
631 1788 688 1821 alii

45 1837 111 1865 τῶν
148 1834 337 1876 τεκμηρίων
376 1837 411 1866 et
442 1837 509 1865 τῶν
551 1831 688 1866 εἰκότων

46 1879 182 1912 nomine
224 1880 481 1921 appellaverint.
543 1880 688 1912 Postre-

46 1935 137 1958 mum
171 1924 282 1957 fateor
312 1924 390 1957 mihi
415 1925 564 1958 omnium
589 1926 688 1958 mini-

47 1981 103 2002 me
130 1971 278 2012 probari,
307 1975 342 2003 et
365 1975 459 2003 certe
476 1973 575 2014 longe
598 1971 687 2004 aliud

48 2016 131 2057 quid
164 2015 292 2048 indicat
323 2017 417 2048 locus
456 2019 480 2049 A
500 2028 516 2049 r
532 2018 541 2050 i
559 2029 575 2049 s
591 2021 605 2049 t
623 2027 643 2049 o
663 2021 686 2052 t.

48 2061 150 2094 Rhet.
177 2061 246 2102 lll,
277 2061 328 2096 13.
352 2063 447 2095 ἔσται
470 2066 546 2104 οὑν,
571 2063 613 2094 ἄν
637 2076 690 2101 τις

47 2106 89 2139 τὰ
116 2111 264 2139 τοιαῦτα
281 2107 412 2153 διαιρῆ,
439 2107 524 2152 ὅπερ
549 2109 690 2141 ἐποίουν

51 2154 85 2184 οἱ
107 2165 187 2194 περι
213 2144 414 2196 Θεόδωρον,
442 2153 628 2196 (luquotc‘
619 2153 688 2186 ἐτε-

49 2210 110 2241 ρον
137 2199 195 2230 καὶ
217 2197 427 2241 ἒπιδιήγησις
459 2200 514 2231 καὶ
545 2198 691 2242 προδιή-

49 2255 160 2287 γησις,
185 2243 240 2275 καὶ
263 2245 395 2286 ἔλεγχος
419 2258 475 2276 και,
502 2246 689 2287 ἕηὲλεγχος.

55 2290 302 2323 Vocabulorum
352 2291 611 2333 originationem
662 2293 691 2324 si

53 2339 266 2378 spectamus,
305 2337 466 2374 πίστωσις
503 2341 538 2370 et
582 2338 691 2368 ἐπιπί-

55 2392 175 2416 omme
213 2380 345 2414 videtur
392 2393 487 2415 esse:
535 2383 692 2416 confir-

56 2427 189 2460 matio
220 2427 427 2467 primaria
465 2439 504 2461 ac
544 2439 692 2461 secun-

56 2472 191 2505 daria.
247 2471 357 2505 Quam
390 2473 504 2506 rhetor
533 2475 598 2507 iste
621 2475 693 2506 for-

54 2522 148 2551 tasse
170 2518 212 2549 ab
237 2520 443 2559 argumentis
473 2524 507 2552 et
532 2520 693 2562 probabi-

57 2565 142 2597 libus
167 2563 332 2595 diversam
359 2574 436 2597 esse
458 2567 574 2598 voluit.
623 2566 693 2597 Ce-

57 2614 166 2642 terum
192 2610 302 2641 locum
331 2610 376 2641 ob
399 2611 517 2643 oculos
543 2611 692 2644 habuere

58 2655 211 2688 Cicero
237 2654 333 2688 Orat.
361 2655 412 2690 ¹2.
449 2660 483 2688 et
507 2656 690 2691 Quintil.

58 2700 183 2741 ΙΙΙ-1,
222 2701 273 2735 11.
299 2719 342 2725 -
397 2700 473 2734 τὸν
499 2700 691 2748 χρηστὸν

757 1489 930 1533 Πάριον
953 1490 1134 1535 Εὔηνον]
1161 1493 1211 1524 De
1235 1492 1299 1524 hoc
1317 1492 1394 1525 vide

755 1536 982 1570 Gaisford.
1018 1537 1118 1571 Poet.
1153 1537 1234 1572 Min.
1265 1538 1307 1572 T.
1336 1538 1394 1579 111,

756 1593 789 1624 p.
816 1582 882 1615 277
897 1593 969 1623 sqq.
996 1586 1030 1615 et
1060 1594 1090 1625 p.
1108 1583 1189 1618 280.
1217 1583 1271 1616 ed.
1296 1584 1393 1625 Lips.

755 1628 900 1660 Groen
937 1638 967 1662 x.
993 1628 1264 1662 Prinsterer.
1296 1630 1394 1662 loso-

755 1684 853 1715 pogr.
880 1673 968 1706 Plat.
996 1685 1028 1716 p,
1046 1675 1088 1708 94
1114 1686 1163 1717 sq.
1191 1675 1393 1718 Spengel.

756 1720 780 1751 l.
807 1729 836 1753 e.
862 1730 897 1760 p.
929 1719 984 1754 92.
1019 1720 1218 1753 Hermias
1252 1733 1283 1764 p.
1313 1721 1394 1755 191:

755 1766 983 1806 παρεπαιίὀυς
1012 1766 1045 1798 δὲ
1076 1767 1180 1809 λέγει,
1216 1768 1270 1799 ἳνα
1301 1766 1396 1799 ἅντι-

755 1810 838 1853 κρύς
872 1810 917 1852 μὴ
946 1812 1093 1853 ἐπαινεῖ,
1129 1813 1223 1845 δοκεῖ
1245 1814 1278 1846 δὲ
1300 1815 1398 1846 ἔπαι-

753 1860 839 1898 νεῐν,
866 1855 993 1898 ὁμοίως
1017 1858 1051 1889 δὲ
1075 1858 1132 1889 καὶ
1155 1861 1280 1901 ψέγειν.
1327 1860 1397 1893 Ita-

756 1913 824 1944 que
862 1903 1062 1946 Spengel
1100 1908 1316 1948 παρέπαινον
1363 1910 1398 1938 et

755 1947 961 1992 παρείψογον
998 1954 1114 1991 partes
1154 1950 1397 1992 ὑποδηλωσεως

756 1994 864 2026 fuisse
917 1996 1119 2037 suspicatur.
1190 1997 1396 2030 Huiusmodi

755 2045 870 2072 autem
896 2045 1081 2084 praecepta
1112 2041 1282 2076 rhetorica
1306 2043 1399 2075 Eve-

756 2096 819 2118 nus
852 2088 885 2118 in
917 2097 1035 2119 versus
1065 2088 1270 2130 redegerat,
1304 2088 1396 2130 quod

755 2142 822 2164 non
857 2134 927 2165 sine
959 2133 1111 2166 irrisione
1136 2135 1397 2167 commemorari

755 2177 854 2210 facile
879 2183 1039 2220 apparet,
1070 2183 1107 2211 ut
1138 2181 1261 2212 nollem
1291 2180 1399 2212 Hein-

756 2223 899 2256 dorfium
925 2234 963 2256 ea
989 2224 1023 2255 in
1048 2235 1084 2257 re
1109 2225 1306 2260 offendisse.
1342 2225 1398 2258 Si-

757 2269 846 2301 milis
880 2268 1023 2301 bominis
1059 2270 1168 2303 irrisio
1203 2275 1255 2303 est
1286 2270 1399 2305 Phae-

757 2314 836 2348 don.
860 2325 892 2357 p.
918 2314 973 2349 60.
996 2315 1038 2348 Ε.
1062 2315 1174 2350 et61.
1201 2317 1240 2351 C

805 2381 945 2424 σοφὸς
974 2395 1057 2426 γαρ
1082 2381 1188 2427 ἁνήρ
1213 2384 1278 2428 -—]
1313 2384 1401 2429 ἁνὴρ

760 2428 782 2461 ἰ
816 2438 848 2469 q.
892 2429 1025 2465 ἐκεῖνος.
1065 2439 1095 2463 v.
1135 2430 1177 2462 ad
1217 2430 1400 2475 Protagor.

760 2484 793 2515 p.
819 2472 897 2508 315.
923 2474 964 2507 Ε.
1021 2475 1080 2508 Sic
1112 2477 1212 2509 etiam
1244 2487 1336 2512 mox.
1367 2489 1401 2520 p.

760 2518 837 2553 267.
864 2519 904 2554 C,
963 2521 1013 2554 De
1044 2521 1177 2554 articuli
1209 2533 1274 2556 usu
1311 2523 1400 2558 conf.

759 2564 842 2596 infra
870 2576 902 2608 p.
930 2565 1008 2601 279.
1034 2567 1074 2601 B.
1099 2568 1205 2599 ἔνεστί
1225 2582 1277 2606 ’τις
1300 2570 1401 2613 φιλο-

760 2612 865 2652 σοφία
883 2614 924 2653 τῆ
943 2616 1008 2644 τοῦ
1026 2611 1153 2655 ἀνδρὸς
1172 2614 1318 2656 διανοίᾳ,
1344 2615 1401 2646 ubi

759 2666 861 2689 nemo
879 2657 1052 2693 articulum
1077 2662 1142 2691 τοῦ
1168 2663 1298 2695 temere
1313 2660 1400 2694 onii-

758 2702 852 2736 serit.
