1687 2969
435 179 678 219 GORGIAS.
708 180 751 218 P.
785 182 876 218 512.
909 182 1001 217 513.
1033 180 1091 218 ed.
1124 180 1180 217 St.
1406 180 1484 216 297

141 284 174 330 ὦ
202 288 414 342 δαιμόνιε,
455 288 688 341 πεισόμεθα
728 284 831 340 ὅπερ
862 287 966 340 φασὶ
995 286 1069 335 τὰς
1096 286 1174 340 τὴν
1203 287 1386 340 σελήνην
1413 301 1484 328 κα-

139 354 401 406 θαιρούσας,
439 352 514 401 τὰς
547 353 820 403 Θετταλίδας,
862 348 944 393 σὺν
981 355 1068 400 τοῖς
1108 353 1322 404 φιλτάτοις
1362 351 1389 404 ἡ
1427 351 1486 391 αἴ-

138 430 250 472 ρεσις
293 419 396 473 ἡμῖν
434 415 547 459 ἔσται
586 418 741 471 ταύτης
781 424 855 471 τῆς
883 417 1104 470 δυνάμεως
1143 423 1218 470 τῆς
1255 415 1301 457 ἐν
1338 423 1388 469 τῇ
1413 417 1486 457 πό-

138 486 210 525 λει.
267 484 302 525 εἰ
348 482 393 525 δέ
441 493 508 524 σοι
555 483 633 524 οἴει
671 483 874 524 ὁντινοῦν
924 482 1173 532 ἀνθρώπων
1218 482 1487 532 παραδώσειν

138 547 289 602 τέχνην
315 548 410 590 τινὰ
439 549 654 601 τοιαύτην,
682 548 772 602 ἥτις
800 557 843 588 σε
871 548 1036 600 ποιήσει
1063 544 1170 599 μέγα
1198 547 1411 587 δύνασθαι
1441 545 1486 586 ἐν

138 620 190 667 τῇ
227 613 347 654 πόλει
381 613 479 667 τῇδε
520 613 728 666 ἀνόμοιον
765 616 869 654 ὄντα
906 619 956 665 τῇ
997 612 1185 665 πολιτείᾳ
1224 607 1291 652 εἴτ’
1333 609 1399 652 ἐπὶ
1440 609 1486 651 τὸ

139 678 306 732 βέλτιον
345 673 412 719 εἴτ’
452 677 517 719 ἐπὶ
556 679 604 719 τὸ
642 681 808 731 χεῖρον,
847 676 903 725 ὡς
933 675 1025 730 ἐμοὶ
1054 676 1172 717 δοκεῖ
1183 708 1193 725 ,
1236 672 1317 717 οὐκ
1344 675 1488 728 ὀρθῶς

206 823 243 855 Ρ.
269 821 344 855 513.
372 826 424 854 τῶ
451 820 566 865 δήμῳ
593 825 643 865 τῷ
667 820 938 864 ’43⁷7v'1011wz]
965 821 1020 853 Sic
1045 821 1121 854 Par.
1147 821 1316 854 BCFW.
1339 820 1431 853 Flor.
1458 832 1486 852 a.

142 871 186 911 τῷ
209 857 429 910 ’·Ἀθηιαιων,
455 867 546 909 quod
570 868 699 909 recepit
722 867 1081 910 Βο111101.Υ1113.τῷ
1107 866 1136 898 δ.
1162 870 1240 904 τῶι,
1272 866 1363 898 unde
1387 866 1487 898 facilc

140 913 324 956 exseulpas
350 916 394 945 τῶ
420 916 487 944 τῶι
509 910 723 955 Ἡθηιαιωι.

208 957 458 996 πεισόμεθα
484 956 590 998 ὅπερ
619 956 739 999 φασι]
766 958 807 989 Υ.
832 955 1044 996 πεισώιιεθα,
1070 957 1177 988 forma
1202 957 1350 988 soloeca.
1386 957 1489 987 Recte

141 1003 257 1036 Clark.
283 1004 357 1035 Vat.
392 1002 496 1035 Coisl.
530 1004 607 1037 Par.
639 1003 796 1035 EIVW.
822 1002 919 1035 Bodl.
952 1007 985 1034 et
1015 1013 1064 1044 pr.
1090 1000 1249 1034 Υ111ᾱ.2.
1284 999 1487 1040 πεισόμεθα.

138 1050 184 1081 Et
207 1049 362 1091 sequitur
385 1049 488 1080 etiam
510 1049 547 1080 in
572 1048 743 1080 sententia
765 1047 1008 1079 illustrationis
1035 1057 1155 1079 caussa
1179 1046 1313 1079 adiecta
1336 1047 1487 1078 futurum

140 1094 242 1126 ἔσται.
301 1094 392 1126 Dein
427 1092 627 1127 Θετταλιδας
668 1093 784 1126 Clark
823 1094 900 1124 Vat.
938 1093 1098 1124 Υο11.Σ.
1131 1091 1232 1124 Vind.
1265 1090 1296 1124 2.
1330 1090 1359 1123 7.
1399 1092 1486 1134 Aug.

138 1140 278 1172 Meerm.
303 1139 394 1174 Flor.
419 1150 452 1170 x.
476 1150 554 1171 cum
578 1138 630 1170 ed.
654 1139 732 1171 Bas.
755 1137 787 1170 2.
834 1137 1030 1180 Legebatur
1053 1137 1158 1180 vulgo
1189 1135 1397 1170 Θετταλικός.

207 1185 249 1217 εἰ
280 1184 324 1216 δέ
357 1195 421 1216 σοι
453 1183 556 1227 οἴει]
603 1184 645 1218 V.
679 1182 722 1215 σὺ
745 1184 822 1215 σι’ἐι,
871 1183 1068 1216 correctum
1093 1193 1110 1214 e
1136 1183 1252 1215 Clark.
1276 1183 1353 1214 Vat.
1380 1181 1485 1214 Coisl.

140 1231 217 1263 Par.
240 1230 268 1262 B
279 1230 405 1263 CFW.

140 1377 209 1398 non
246 1365 366 1408 potuit.
405 1384 447 1389 —
487 1368 541 1408 τῷ
578 1362 694 1407 δήμῳ
728 1367 781 1407 τῷ

141 1409 362 1454 Ἀθηναίω
376 1423 403 1443 ν.
462 1410 577 1443 Habet
607 1410 693 1442 haec
724 1420 781 1452 ap-

140 1457 264 1498 positio
288 1457 405 1488 nescio
430 1456 513 1497 quid
537 1455 717 1494 irrisionis,
744 1459 782 1486 ut

140 1502 221 1533 huic
269 1502 344 1533 loco
384 1501 485 1543 plane
525 1500 782 1532 accommodata

141 1547 195 1578 sit.
228 1547 297 1578 vid.
329 1545 372 1578 ad
404 1546 550 1588 Apolog.
583 1546 711 1577 Socrat.
748 1556 779 1586 p.

140 1590 193 1624 34.
221 1591 262 1625 A.
287 1591 417 1623 Criton.
442 1602 472 1632 p.
497 1590 552 1623 51.
577 1591 618 1622 A.
662 1591 781 1631 Itaque

141 1637 316 1679 vulgatam
354 1636 536 1668 lectionem
576 1639 620 1667 τῶ
653 1635 680 1667 δ.
715 1638 782 1667 τῶν

142 1680 263 1723 Ἀθην.
289 1685 419 1734 mutare
442 1681 583 1723 placuit.

188 1725 302 1761 ὅπως
327 1725 396 1769 μή,
409 1737 549 1758 -σνι
574 1729 666 1759 τοῖς
693 1726 780 1765 φιλ-

144 1770 283 1806 τάτοις
352 1770 372 1814 ἡ
432 1772 607 1812 αἵρεσις
677 1768 782 1812 ἠμῑτ

142 1816 260 1848 ἔσται
285 1815 347 1859 —]
380 1817 492 1848 Verba
521 1816 588 1848 σὺι
612 1819 681 1849 τοῖς
707 1817 779 1855 φιλ-

144 1860 251 1895 τάτοις
284 1880 327 1884 -
359 1865 416 1905 τῆς
449 1860 488 1893 εἰ·
527 1864 564 1903 τῇ
597 1859 690 1892 πόλει
722 1871 782 1902 per

141 1908 346 1949 epexegesin
380 1906 498 1939 addita
529 1910 608 1938 sunt
632 1907 782 1948 superio-

141 1951 236 1984 ribus
261 1951 355 1985 ὄπως
380 1949 424 1994 μὴ
450 1949 643 1990 πεισόμεθα
655 1962 665 1982 .·
691 1950 783 1992 quod

141 2007 251 2039 genus
274 1997 537 2029 constructionis
561 1996 658 2038 tetigi
683 1996 726 2028 ad
750 2008 781 2038 p.

141 2041 218 2074 450.
251 2042 291 2075 A.
327 2042 473 2084 Apolog.
506 2043 635 2074 Socrat.
665 2052 698 2083 p.
728 2040 782 2073 22.

144 2088 186 2119 A.
209 2091 243 2118 et
265 2098 345 2119 mox
368 2097 399 2128 p.
426 2085 501 2120 513.
527 2086 565 2121 C.
589 2086 625 2117 in
650 2086 780 2118 verbis:

144 2131 307 2163 πέπονθα
339 2150 383 2155 ——-
419 2129 551 2165 πάθος·
597 2128 639 2163 οὐ
690 2129 782 2162 πάνυ

145 2187 199 2208 σοι
245 2177 427 2215 πείθομαι,
484 2187 602 2208 rursus
655 2176 783 2208 notavi.

144 2221 237 2254 Male
267 2222 353 2253 haee
385 2226 588 2254 convertunt
620 2221 783 2262 interpre-

143 2271 211 2306 tes,
246 2267 347 2308 quasi
379 2264 460 2309 rJyIz·
492 2267 578 2298 ἔστω
610 2276 669 2308 pro
704 2264 784 2308 ἡμῖν

144 2312 236 2344 ἔσται
274 2312 448 2354 legissent.
480 2330 524 2335 —
555 2310 628 2351 τὴν
666 2309 783 2352 σελή-

148 2369 230 2398 νην
253 2358 513 2397 καθαιρεῖν,
550 2355 695 2387 lunam
722 2356 784 2388 de-

143 2401 314 2441 ducere,
337 2402 533 2443 frequenter
553 2401 712 2433 dicuntur
729 2412 784 2433 ve-

142 2446 271 2478 neficae
290 2447 488 2479 Thessalae.
512 2458 545 2478 v.
571 2446 714 2488 interpp.
742 2446 784 2478 ad

143 2491 291 2523 Horat.
316 2491 422 2533 Epod.
440 2490 539 2524 v.45.
565 2490 731 2523 Tibull.
756 2491 783 2531 1,

141 2535 180 2575 2,
212 2535 267 2569 43.
306 2536 427 2570 voss.
465 2536 508 2568 ad
539 2537 634 2578 Virg.
665 2536 784 2578 Eclog.

143 2581 237 2612 VIII.
269 2591 301 2612 v.
332 2580 377 2614 69
401 2592 494 2622 seqq.
540 2581 637 2613 Abiit
669 2586 783 2613 autem

144 2636 197 2658 res
233 2626 268 2657 in
308 2626 538 2667 proverbium.
604 2626 781 2658 Suidas:

144 2669 219 2703 ’.Επὶ
248 2674 361 2713 σαυτῷ
387 2669 448 2713 τὴν
485 2669 634 2713 σελήνην
658 2671 781 2703 καθέλ-

145 2727 232 2750 κεις“
258 2715 296 2748 αἱ
313 2714 374 2759 τὴν
388 2713 535 2759 σελήνην
553 2716 783 2748 καθέλκουσαι

856 1361 1055 1396 Θετταλίδες
1079 1361 1233 1405 λέγονται
1259 1365 1327 1394 τῶν
1350 1359 1489 1402 ὀφθαλ-

849 1412 926 1447 μῶν
973 1408 1026 1440 καὶ
1077 1411 1146 1439 τῶν
1193 1408 1313 1439 ποδων
1347 1408 1490 1449 (Zeno-

852 1453 950 1485 bius
974 1453 1057 1497 leg.
1063 1452 1212 1493 παιδωι)
1232 1454 1490 1493 στεοίσκεσθαι.

851 1511 879 1530 El
889 1510 982 1540 θηται
1014 1498 1081 1530 Ol’v‘l
1106 1496 1125 1541 ἡ
1150 1509 1316 1539 Traoomla
1341 1498 1396 1529 ἐπὶ
1424 1509 1491 1529 ἴων

852 1543 986 1577 ἑαῑἾΟΙΞ
1026 1542 1109 1575 κακὰ
1147 1542 1411 1581 &chTwffile'z'uwl
1447 1561 1489 1565 —

852 1589 906 1620 Ad
939 1589 1029 1621 hanc
1060 1588 1242 1620 dictionem
1281 1587 1404 1619 deinde
1441 1599 1490 1619 10-

853 1634 1002 1676 spiciens
1041 1633 1123 1665 dicit
1163 1631 1183 1675 ἡ
1222 1634 1396 1673 αἵρεσις
1435 1631 1488 1675 ἡμ.

853 1679 961 1716 ἔσται,
992 1678 1116 1710 ludens
1146 1678 1183 1709 111
1207 1679 1301 1710 vocis
1324 1678 1491 1720 ambigui-

852 1728 932 1756 tate.
956 1724 1076 1765 Itaque
1101 1724 1271 1755 sententia
1293 1724 1398 1756 totius
1422 1723 1488 1755 loci

851 1769 936 1801 haec
968 1773 1036 1801 est:
1075 1769 1154 1801 hoe
1195 1768 1294 1800 vide
1325 1780 1375 1800 an
1408 1769 1490 1800 tibi

853 1814 1062 1856 expediat
1105 1818 1235 1855 atque
1273 1814 1394 1854 mihi,
1442 1824 1491 1845 ne

852 1859 982 1891 nobis
1013 1858 1194 1891 accidat
1234 1858 1346 1900 quod
1379 1859 1491 1890 aeci-

853 1904 957 1936 dere
983 1903 1133 1936 dicunt
1159 1904 1278 1946 sagis
1303 1904 1491 1936 Thessa—

852 1949 911 1981 lis
952 1950 1101 1981 lunam
1150 1948 1491 1989 deducentibus,

853 1995 1071 2027 videlieet
1109 2004 1158 2026 ne
1207 2005 1301 2026 cum
1341 1994 1491 2026 damno

853 2050 1016 2080 eorum,
1055 2049 1165 2080 quae
1198 2039 1329 2071 nobis
1361 2040 1491 2072 caris-

854 2087 961 2117 sima
986 2095 1082 2117 esse
1108 2083 1286 2124 debent,
1310 2085 1341 2116 h.
1361 2096 1389 2116 e.
1414 2094 1490 2116 cum

853 2130 977 2162 damno
1002 2130 1139 2161 virtutis
1163 2133 1196 2160 et
1219 2129 1419 2170 honestatis,
1443 2129 1491 2161 ad

853 2185 930 2207 nos
970 2174 1236 2206 deducamus
1279 2175 1410 2207 istam
1446 2175 1490 2206 in

854 2220 1042 2252 civitate
1067 2219 1324 2261 potentiam.
1350 2221 1492 2252 Prover-

853 2264 943 2296 biale
966 2264 1129 2307 loquendi
1153 2275 1263 2306 genus
1295 2275 1369 2297 esse
1401 2265 1492 2297 vide—

853 2315 908 2342 tur
948 2309 1014 2341 σὺι
1056 2313 1125 2343 τοῖς
1165 2307 1351 2349 φιλτάτοις,
1399 2321 1491 2343 cum

853 2356 1031 2387 iactura
1063 2354 1404 2387 carissimorum
1436 2356 1492 2397 pi-

852 2411 1043 2443 gnorum.
1090 2399 1393 2432 Heindorfius
1434 2400 1490 2432 ἐπὶ

855 2449 925 2478 τοῖς
951 2455 987 2484 φ.
1022 2444 1186 2486 scriptum
1217 2445 1376 2477 malebat.
1424 2445 1490 2477 Sed

852 2490 942 2530 vide,
967 2500 1011 2521 an
1036 2490 1216 2532 vulgatum
1239 2494 1375 2522 tueatur
1405 2490 1492 2522 illud

852 2535 1030 2567 Homeri
1055 2534 1152 2566 Iliad.
1180 2532 1219 2566 δ’.
1245 2546 1331 2566 vers.
1358 2534 1491 2568 161:-

855 2578 921 2612 σύν
955 2591 987 2612 τε
1018 2578 1152 2622 μεγάλῳ
1187 2577 1372 2618 ἀπέτισαν,
1415 2578 1492 2612 Σὺν

855 2629 982 2667 σφῇσιν
997 2626 1199 2667 κεφαλῇσιν,
1224 2625 1367 2667 γυναιξί
1387 2637 1421 2657 τε
1436 2626 1491 2656 καὶ

850 2670 1032 2702 τεκέεσσιν.

897 2716 934 2748 Β.
982 2712 1056 2747 εἴτ’
1107 2714 1178 2747 ἐπὶ
1230 2711 1275 2746 τὸ
1315 2713 1492 2756 βέλτιον
