1687 2969
391 182 632 222 GORGIAS.
664 184 707 220 P.
739 186 831 220 458.
864 187 956 221 459.
988 185 1045 222 ed.
1078 185 1133 222 St.

1356 189 1431 223 119

86 291 149 344 δή,
181 282 214 330 ὦ
244 292 425 343 Γοργία,
465 293 491 332 ἃ
520 291 727 343 θαυμάζω
757 289 803 330 ἐν
831 294 920 338 τοῖς
947 290 1190 367 λεγομένοις
1218 290 1302 332 ὑπο
1333 299 1433 333 σοὺ

86 355 186 403 ἴσως
222 356 304 407 γάρ
342 372 409 398 τοι
436 360 516 397 σοῦ
546 356 688 408 ὀρθῶς
715 354 913 408 λέγοντος
942 355 1022 409 ἐγὼ
1051 352 1130 398 οὐκ
1158 357 1301 409 ὀρθῶς
1329 358 1432 398 ὐπο-

85 422 299 473 λαμβάνω.
341 421 568 475 ῥητορικὸν
607 418 692 474 φῂς
730 435 868 461 ποιειν
907 422 996 469 οἰός
1032 417 1068 461 τ’
1099 425 1232 469 εῖναι,
1272 421 1345 462 ἐάν
1372 437 1434 470 τις

86 486 290 540 βούληται
312 487 426 539 παρὰ
447 493 526 527 σοῦ
547 488 806 540 μανθάνεινς
837 488 878 526 Γ
879 487 962 526 ΟΡ
984 487 1083 527 Ναί.
1121 488 1224 527 ΣΩ.
1260 488 1433 528 Οὐκοῦν

83 550 175 603 περὶ
196 553 370 593 πάντων
395 548 487 600 ὥςτ’
520 551 566 592 ἐν
588 554 696 606 ὄχλῳ
718 552 908 592 πιθανὸν
930 547 1051 601 εἶναι,
1082 553 1134 592 οὐ
1162 552 1431 602 διδάσκοντα,

22 608 26 613 ’
83 616 188 657 α’λλὰ
228 617 460 666 πείθοντα,-
514 619 554 657 Γ
553 619 636 658 ΟΡ.
681 618 808 657 Πάνυ
847 616 924 669 μὲν
962 612 1054 657 οὖν.
1121 618 1222 656 ΣΩ.
1263 613 1433 670 Ἕλενες
1461 619 1543 660 459

82 681 233 723 τοίνυν
261 681 336 736 δὴ,
377 680 441 724 ὅτι
479 682 550 724 καὶ
577 682 672 733 περὶ
699 688 776 722 τοῦ
804 681 995 735 ὑγιεινοῦ
1024 688 1100 723 τοῦ
1128 682 1275 733 ἰατροῦ
1305 686 1430 722 πιθα-

82 747 266 798 νώτερος
304 745 416 788 ἔσται
444 747 467 788 6
497 747 648 801 ῥήτωρ.
706 750 746 788 Γ
748 748 833 787 ΟΡ.
876 747 962 787 Καὶ
990 747 1070 800 γὰρ
1100 745 1268 799 ἔλεγον,
1310 744 1355 787 ἔν
1383 761 1429 799 γε

60 808 198 864 ’ὄχλῳ
255 813 352 852 ΣΩ.
397 813 571 853 Οὐκοῦν
598 813 645 853 τὸ
676 811 722 853 ἐν
750 815 858 867 ὄχλῳ
887 813 1013 853 τοῦτό
1043 812 1155 852 ἐστιν
1185 811 1230 853 εἶν
1257 815 1346 860 τοῖς
1372 811 1429 865 μὴ

81 877 259 926 εἰδόσιν,·
309 877 362 918 οὐ
409 876 491 930 γὰρ
528 877 668 931 δήπου
707 875 752 918 ἔν
790 893 836 930 γε
873 881 962 925 τοῖς
999 878 1129 918 εἰδόσι
1166 881 1244 918 τοῦ
1281 878 1428 929 ἰατροῦ

81 943 373 995 πιθανώτερος
401 939 525 983 ἔσται.
575 945 616 983 Γ
617 944 701 983 ΟΡ.
739 938 898 996 Ἀληθῆ
927 940 1068 994 λέγεις.
1118 944 1217 983 ΣΩ.
1254 943 1429 983 Οὐκοῦν

80 1007 196 1060 εἴπερ
223 1012 301 1049 τοῦ
332 1008 480 1060 ἰατροῦ
510 1009 802 1060 πιθανώτερος
832 1005 967 1058 ἔσται,
1009 1015 1086 1049 τοῦ
1117 1008 1276 1055 εἰδότος
1303 1011 1427 1047 πιθα-

81 1072 264 1123 νώτερος
298 1073 510 1126 γίγνεται,·
562 1076 602 1114 Γ
603 1075 686 1114 ΟΡ
730 1075 858 1114 Πάνυ
888 1088 943 1124 γε.
1012 1074 1114 1114 ΣΩ.
1169 1074 1259 1113 Οὐκ
1286 1073 1429 1125 ἰατρός

78 1152 125 1190 γε
163 1139 245 1178 ὤν·
285 1133 310 1191 ἧ
346 1139 452 1191 γάρ,·
502 1141 624 1180 ΓΟΡ
668 1139 768 1179 Ναί.
826 1140 928 1180 ΣΩ.
972 1134 1022 1179 Ο
1051 1139 1094 1179 δὲ
1123 1138 1178 1191 μὴ
1212 1138 1354 1190 ἰατρός
1382 1152 1426 1190 γε
1457 1137 1493 1177 Β

78 1203 218 1256 δήπου
238 1204 536 1258 ἀνεπιστήμων
556 1196 616 1244 ὧν
638 1205 661 1245 6
691 1205 832 1255 ἰατρὸς
853 1202 1103 1257 ἐπιστήμων,
1137 1205 1261 1244 ΓΟΡ.
1282 1206 1428 1256 Αηλον

82 1264 157 1308 ὅτι.
215 1271 316 1310 ΣΩ.
363 1265 413 1310 ‘O
449 1270 528 1310 οὐκ
565 1269 684 1317 εἰδὼς
712 1272 794 1321 ἄρα
823 1276 899 1309 τοῦ
928 1270 1088 1317 εἰδότος
1117 1284 1163 1309 εν
1192 1284 1271 1309 ουκ
1301 1268 1428 1308 εἰδόσι

80 1335 372 1386 πιθανώτερος
410 1334 543 1384 ε’σται
587 1331 691 1375 ὅταν
729 1334 752 1376 6
791 1334 929 1388 ρήτωρ
958 1349 1035 1375 του
1065 1335 1211 1386 ἰατρου
1241 1334 1427 1373 πιθανω-

79 1413 198 1450 τερος
225 1396 267 1452 ἦ.
295 1406 420 1441 τοῦτο
451 1389 694 1453 συμβαίνει,
736 1400 761 1453 ἡ
791 1402 893 1440 άλλο
922 1415 982 1448 vn,-
1036 1402 1159 1440 ΓΟΡ.
1199 1401 1335 1439 Τουτο
1365 1397 1427 1438 ε’ν-

80 1465 224 1505 woffo&
260 1479 306 1518 γε
348 1466 582 1518 συμβαίνει
642 1467 741 1505 ΣΩ.
777 1465 950 1505 Οὐκοῦν
978 1464 1045 1505 καὶ
1077 1463 1171 1516 περὶ
1199 1464 1273 1512 τὰς
1301 1466 1429 1512 ἄλλας

81 1529 246 1578 ἁπάσας
283 1529 429 1583 τέχνας
467 1529 663 1577 ὠςαύτως
700 1527 778 1582 ἔχει
818 1529 840 1569 6
882 1529 1020 1582 ῥήτωρ
1050 1529 1119 1569 καὶ
1147 1529 1174 1582 ή
1203 1529 1426 1582 ῥητορική·

82 1595 188 1635 αὐτὰ
226 1594 303 1648 μὲν
343 1594 393 1635 τὰ
430 1595 655 1648 πράγματα
696 1593 822 1635 οὐδὲν
861 1594 925 1634 δεῖ
962 1592 1096 1646 αὐτὴν
1134 1592 1287 1634 εἰδέναι
1315 1590 1429 1640 ὅπως

148 1717 216 1749 καὶ
250 1721 375 1749 ταῦτα
406 1715 538 1749 αὐτὸν
568 1715 731 1759 ἑπαγγ.]
758 1717 811 1748 καὶ
839 1720 940 1748 ταῦτα
964 1727 1028 1748 0111.
1055 1715 1169 1749 Clark.
1197 1715 1300 1747 Coisl.
1326 1715 1428 1747 Vind.

79 1763 110 1795 1.
132 1762 161 1796 6.
196 1764 274 1795 Par.
298 1762 453 1795 EFIW.
491 1762 582 1794 Flor.
609 1763 630 1796 f.
657 1773 682 1794 s.
718 1763 763 1794 Et
792 1766 903 1804 potest
934 1766 1026 1793 recte
1058 1761 1189 1793 abesse.
1228 1761 1302 1793 Om.
1328 1762 1428 1792 Turr.

75 1809 192 1840 Herm.

145 1854 186 1885 E.
234 1852 362 1884 δοκεῖ
393 1851 605 1895 τουτοισί]
640 1853 681 1883 V.
708 1850 871 1889 τούτοισι,
898 1851 987 1893 quod
1013 1862 1055 1883 ex
1081 1851 1212 1892 aliquot
1236 1851 1333 1882 libris
1359 1861 1429 1882 001·-

77 1899 166 1931 rexit
189 1898 337 1930 Bekker.

147 1945 185 1976 P.
208 1941 286 1975 459.
326 1941 446 1985 ’Έλεγ
456 1954 498 1976 ες
530 1946 685 1974 τοίνυν
718 1940 784 1985 δὴ,
821 1940 904 1985 ὅτι]
942 1941 1062 1973 Malim
1095 1952 1171 1972 eum
1197 1940 1356 1972 Bekkero
1383 1953 1429 1972 τοι

79 1992 155 2027 vsu,
181 1988 271 2030 quod
294 1991 408 2020 tamen
432 1989 467 2019 in
493 1987 590 2020 codd.
615 1998 683 2019 non
709 1992 889 2029 lepertum.

149 2035 188 2066 Β.
236 2030 370 2066 ουδὲ]
396 2033 463 2065 δεῖ
484 2031 619 2076 αὐτὴν
645 2032 834 2073 εἰδέναι]
861 2031 1061 2074 Sybrandus
1087 2029 1195 2063 αυτὸι
1219 2031 1370 2072 requirit.

82 2146 232 2178 neseio
279 2156 331 2177 an
378 2155 472 2176 non.
547 2145 720 2176 Interdum

81 2195 196 2223 tamen
243 2190 440 2222 dubitanter
486 2189 641 2221 affirmat.
689 2201 721 2220 v.

83 2237 197 2278 Symp.
223 2234 299 2268 216.
323 2236 362 2267 E.
399 2235 559 2267 Weisk.
590 2235 632 2266 ad
656 2235 722 2266 Xe-

82 2281 184 2323 noph.
209 2281 333 2322 Cyrop.
357 2281 452 2320 VIII,
475 2279 506 2320 4,
531 2278 561 2312 8.
598 2281 722 2312 Hein-

83 2327 131 2358 do
144 2327 190 2357 rf.
222 2325 266 2357 ad
296 2326 330 2357 h.
362 2325 383 2357 1.
421 2324 561 2357 Iacob.
590 2325 632 2356 ad
656 2326 722 2356 Lu-

85 2372 172 2402 cian.
197 2371 321 2402 Toxar.
337 2381 370 2412 p.
387 2369 440 2403 84.
463 2389 506 2393 —-
531 2368 606 2411 τὴν
632 2367 720 2412 ἡμέ-

90 2428 170 2456 ραν
200 2414 302 2457 ὅλην
332 2417 354 2447 i.
379 2427 410 2457 q.
436 2414 518 2449 ὢςτε
544 2414 625 2456 ὅλην
651 2414 722 2446 δια-

84 2459 259 2503 γενέσθαι.

131 2505 173 2537 τό
195 2503 223 2547 γ’
258 2503 364 2544 ἐμὸν
389 2503 520 2537 οὐδὲν
544 2503 722 2547 κωλύει]

85 2551 221 2582 Politia.
246 2561 278 2592 p.
297 2549 434 2582 258.B:
460 2549 501 2582 οὐ
528 2549 564 2582 τὰ
592 2548 633 2581 στὶ
660 2561 723 2581 κω-

86 2595 182 2628 λύειν
208 2597 375 2635 φαίνεται,
400 2596 461 2627 ubi
484 2607 515 2627 v.
541 2606 620 2627 ann.

129 2642 166 2672 P.
192 2640 268 2673 459.
303 2641 339 2671 Β.
380 2643 503 2672 τοῦτο
529 2639 725 2672 ἐνταῦθα’

82 2698 127 2729 γε
154 2685 195 2728 σ.]
222 2686 258 2716 in
284 2689 354 2717 arte
376 2685 517 2718 medica.

837 2143 1040 2177 c6sc113zcos
1073 2144 1160 2183 ἔχει
1188 2161 1232 2165 -
1261 2139 1429 2184 ῥητορι-

791 2187 857 2231 κή·
883 2186 988 2219 αὐτὰ
1013 2188 1089 2226 μὲν
1116 2185 1157 2218 τὰ
1185 2187 1268 2230 πρ.]
1295 2189 1346 2218 De
1364 2188 1431 2218 hac

790 2237 960 2265 structura
992 2243 1024 2264 V.
1055 2232 1097 2264 ad
1120 2243 1151 2273 p.
1176 2231 1252 2266 450.
1278 2233 1320 2264 A.
1365 2233 1431 2263 Pro

792 2276 900 2320 αὐτὴν
944 2277 1199 2318 Sybrandus
1247 2277 1430 2319 legendum

791 2325 934 2366 putabat
948 2321 1031 2354 αὐτό
1038 2335 1066 2360 1¹,
1090 2323 1252 2364 quoniam
1265 2323 1322 2354 hic
1346 2333 1431 2354 sem-

791 2380 851 2411 per
885 2368 925 2398 de
958 2373 1089 2399 oratore
1121 2371 1154 2398 et
1183 2378 1251 2398 non
1285 2367 1325 2399 de
1357 2368 1432 2399 rhe-

791 2414 897 2445 torica
921 2423 1030 2444 sermo
1056 2423 1129 2444 esse
1153 2412 1319 2444 videatur.
1365 2413 1432 2443 Sed

792 2458 927 2490 videtur
957 2459 1099 2499 scriptor
1130 2468 1223 2488 1111110
1259 2458 1298 2489 de
1334 2457 1431 2488 indu-

793 2504 877 2536 stria
893 2503 948 2534 καὶ
966 2500 985 2546 ἡ
1001 2501 1161 2544 ῥητορικὴ
1176 2504 1432 2544 interposuisse,

794 2559 954 2590 quorsum
969 2546 1077 2589 αὐτὴν
1095 2548 1248 2579 refertur.
1281 2549 1333 2579 Dc
1358 2548 1433 2588 ipsa

794 2594 963 2626 sententia
978 2598 1091 2625 autem
1111 2593 1273 2625 consulas
1290 2591 1433 2623 Phaedr.

794 2651 826 2680 p.
839 2637 914 2670 272.
931 2637 1006 2671 273.
1024 2639 1078 2679 D.‚
1102 2649 1202 2680 quem
1227 2637 1341 2668 10011111
1367 2638 1435 2668 iam

794 2683 1006 2716 Routhius
1031 2683 1188 2715 contulit.
