<?xml version="1.0" encoding="UTF-8"?>
<!DOCTYPE html PUBLIC "-//W3C//DTD XHTML 1.0 Transitional//EN"
    "http://www.w3.org/TR/xhtml1/DTD/xhtml1-transitional.dtd">
<html xmlns="http://www.w3.org/1999/xhtml" xml:lang="en" lang="en">
 <head>
  <title>
</title>
<meta http-equiv="Content-Type" content="text/html;charset=utf-8" />
  <meta name='ocr-system' content='tesseract 3.04.00' />
  <meta name='ocr-capabilities' content='ocr_page ocr_carea ocr_par ocr_line ocrx_word'/>
</head>
<body>
  <div class='ocr_page' id='page_1' title='image "./n1operaomniarecens04platuoft/n1operaomniarecens04platuoft_0737.png"; bbox 0 0 1687 2969; ppageno 0'>
   <div class='ocr_carea' id='block_1_1' title="bbox 476 174 1454 214">
    <p class='ocr_par' dir='ltr' id='par_1_1' title="bbox 476 174 1454 214">
     <span class='ocr_line' id='line_1_1' title="bbox 476 174 1454 214; baseline -0.003 -1"><span class='ocrx_word' id='word_1_1' title='bbox 476 174 717 214; x_wconf 82' lang='lat' dir='ltr'><strong>GORGIAS.</strong></span> <span class='ocrx_word' id='word_1_2' title='bbox 1377 177 1454 211; x_wconf 87' lang='lat'><em>339</em></span> 
     </span>
    </p>
   </div>
   <div class='ocr_carea' id='block_1_2' title="bbox 747 175 1094 213">
    <p class='ocr_par' dir='ltr' id='par_1_2' title="bbox 747 175 1094 213">
     <span class='ocr_line' id='line_1_2' title="bbox 747 175 1094 213; baseline 0 0"><span class='ocrx_word' id='word_1_3' title='bbox 747 175 791 213; x_wconf 91' lang='lat' dir='ltr'><em>P.</em></span> <span class='ocrx_word' id='word_1_4' title='bbox 823 178 913 213; x_wconf 85' lang='lat'>525.</span> <span class='ocrx_word' id='word_1_5' title='bbox 945 176 1004 213; x_wconf 89' lang='lat' dir='ltr'><em>ed.</em></span> <span class='ocrx_word' id='word_1_6' title='bbox 1039 175 1094 213; x_wconf 81' lang='lat' dir='ltr'><em>St.</em></span> 
     </span>
    </p>
   </div>
   <div class='ocr_carea' id='block_1_3' title="bbox 104 281 1457 1188">
    <p class='ocr_par' dir='ltr' id='par_1_3' title="bbox 104 281 1457 1188">
     <span class='ocr_line' id='line_1_3' title="bbox 108 281 1456 339; baseline -0.004 -12"><span class='ocrx_word' id='word_1_7' title='bbox 108 301 180 334; x_wconf 85' lang='grc' dir='ltr'><em>τας</em></span> <span class='ocrx_word' id='word_1_8' title='bbox 199 285 275 327; x_wconf 91' lang='grc' dir='ltr'><em>τὸν</em></span> <span class='ocrx_word' id='word_1_9' title='bbox 298 285 361 327; x_wconf 82' lang='grc' dir='ltr'><em>ἀεὶ</em></span> <span class='ocrx_word' id='word_1_10' title='bbox 384 284 555 339; x_wconf 74' lang='grc' dir='ltr'><em>χρόνον,</em></span> <span class='ocrx_word' id='word_1_11' title='bbox 584 284 765 337; x_wconf 77' lang='grc' dir='ltr'><em>ἀτεχνῶς</em></span> <span class='ocrx_word' id='word_1_12' title='bbox 793 283 1110 336; x_wconf 80' lang='grc' dir='ltr'><em>παραδείγματα</em></span> <span class='ocrx_word' id='word_1_13' title='bbox 1138 281 1456 336; x_wconf 72' lang='grc' dir='ltr'><em>ἀνηρτημένους</em></span> 
     </span>
     <span class='ocr_line' id='line_1_4' title="bbox 108 346 1456 404; baseline -0.004 -12"><span class='ocrx_word' id='word_1_14' title='bbox 108 349 194 392; x_wconf 79' lang='grc' dir='ltr'><strong>ἐκεῖ</strong></span> <span class='ocrx_word' id='word_1_15' title='bbox 231 347 440 392; x_wconf 69' lang='grc' dir='ltr'><em>ένἍιδου</em></span> <span class='ocrx_word' id='word_1_16' title='bbox 481 348 526 390; x_wconf 78' lang='grc' dir='ltr'><em>ἐν</em></span> <span class='ocrx_word' id='word_1_17' title='bbox 553 352 613 404; x_wconf 79' lang='grc' dir='ltr'><em>τῷ</em></span> <span class='ocrx_word' id='word_1_18' title='bbox 641 349 935 402; x_wconf 72' lang='grc' dir='ltr'><em>δεσμωτηρίῳ,</em></span> <span class='ocrx_word' id='word_1_19' title='bbox 975 352 1063 396; x_wconf 86' lang='grc' dir='ltr'><em>τοῖς</em></span> <span class='ocrx_word' id='word_1_20' title='bbox 1092 346 1155 388; x_wconf 81' lang='grc' dir='ltr'><em>ἀεὶ</em></span> <span class='ocrx_word' id='word_1_21' title='bbox 1183 350 1268 388; x_wconf 76' lang='grc' dir='ltr'><em>τῶν</em></span> <span class='ocrx_word' id='word_1_22' title='bbox 1297 348 1456 388; x_wconf 83' lang='grc' dir='ltr'><em>ἀδίκων</em></span> 
     </span>
     <span class='ocr_line' id='line_1_5' title="bbox 109 404 1455 468; baseline -0.003 -12"><span class='ocrx_word' id='word_1_23' title='bbox 109 412 443 468; x_wconf 70' lang='grc' dir='ltr'><em>ἀφικνουμένοις</em></span> <span class='ocrx_word' id='word_1_24' title='bbox 470 416 664 468; x_wconf 75' lang='grc' dir='ltr'><em>θεάματα</em></span> <span class='ocrx_word' id='word_1_25' title='bbox 693 413 762 454; x_wconf 82' lang='grc' dir='ltr'><em>καὶ</em></span> <span class='ocrx_word' id='word_1_26' title='bbox 791 415 1102 467; x_wconf 81' lang='grc' dir='ltr'><em>νουθετήματα.</em></span> <span class='ocrx_word' id='word_1_27' title='bbox 1146 404 1207 453; x_wconf 79' lang='grc' dir='ltr'><em>ὧν</em></span> <span class='ocrx_word' id='word_1_28' title='bbox 1236 411 1318 465; x_wconf 78' lang='grc' dir='ltr'><em>ἐγώ</em></span> <span class='ocrx_word' id='word_1_29' title='bbox 1348 427 1455 465; x_wconf 83' lang='grc' dir='ltr'><em>φημι</em></span> 
     </span>
     <span class='ocr_line' id='line_1_6' title="bbox 107 476 1455 534; baseline -0.004 -12"><span class='ocrx_word' id='word_1_30' title='bbox 107 480 181 522; x_wconf 74' lang='grc' dir='ltr'><em>ἕνα</em></span> <span class='ocrx_word' id='word_1_31' title='bbox 218 479 286 522; x_wconf 80' lang='grc' dir='ltr'><em>καὶ</em></span> <span class='ocrx_word' id='word_1_32' title='bbox 310 477 534 534; x_wconf 82' lang='grc' dir='ltr'><em>Ἀρχέλαον</em></span> <span class='ocrx_word' id='word_1_33' title='bbox 563 477 752 529; x_wconf 73' lang='grc' dir='ltr'><em>ἔσεσθαι,</em></span> <span class='ocrx_word' id='word_1_34' title='bbox 795 479 829 519; x_wconf 80' lang='grc' dir='ltr'><em>εί</em></span> <span class='ocrx_word' id='word_1_35' title='bbox 858 479 998 532; x_wconf 76' lang='grc' dir='ltr'><em>ἀληθῆ</em></span> <span class='ocrx_word' id='word_1_36' title='bbox 1027 478 1136 531; x_wconf 88' lang='grc' dir='ltr'><em>λέγει</em></span> <span class='ocrx_word' id='word_1_37' title='bbox 1168 480 1344 526; x_wconf 82' lang='grc' dir='ltr'><em>Πῶλος,</em></span> <span class='ocrx_word' id='word_1_38' title='bbox 1385 476 1455 517; x_wconf 77' lang='grc' dir='ltr'><em>καὶ</em></span> 
     </span>
     <span class='ocr_line' id='line_1_7' title="bbox 107 540 1455 597; baseline -0.004 -10"><span class='ocrx_word' id='word_1_39' title='bbox 107 549 237 587; x_wconf 77' lang='grc' dir='ltr'><em>ἄλλον</em></span> <span class='ocrx_word' id='word_1_40' title='bbox 277 545 384 594; x_wconf 84' lang='grc' dir='ltr'><em>ὅςτις</em></span> <span class='ocrx_word' id='word_1_41' title='bbox 424 546 478 586; x_wconf 82' lang='grc' dir='ltr'><em>ἂν</em></span> <span class='ocrx_word' id='word_1_42' title='bbox 505 552 699 593; x_wconf 82' lang='grc' dir='ltr'><em>τοιοῦτος</em></span> <span class='ocrx_word' id='word_1_43' title='bbox 726 545 936 596; x_wconf 87' lang='grc' dir='ltr'><em>τύραννος</em></span> <span class='ocrx_word' id='word_1_44' title='bbox 965 541 1006 596; x_wconf 75' lang='grc' dir='ltr'><em>ᾗ</em></span> <span class='ocrx_word' id='word_1_45' title='bbox 1038 540 1155 597; x_wconf 82' lang='grc' dir='ltr'><em>οἶμαι</em></span> <span class='ocrx_word' id='word_1_46' title='bbox 1184 541 1227 583; x_wconf 78' lang='grc' dir='ltr'><em>δὲ</em></span> <span class='ocrx_word' id='word_1_47' title='bbox 1257 541 1327 583; x_wconf 78' lang='grc' dir='ltr'><em>καὶ</em></span> <span class='ocrx_word' id='word_1_48' title='bbox 1355 541 1455 589; x_wconf 82' lang='grc' dir='ltr'><em>τοὺς</em></span> 
     </span>
     <span class='ocr_line' id='line_1_8' title="bbox 105 606 1453 662; baseline -0.003 -11"><span class='ocrx_word' id='word_1_49' title='bbox 105 610 290 659; x_wconf 75' lang='grc' dir='ltr'><em>πολλοὺς</em></span> <span class='ocrx_word' id='word_1_50' title='bbox 331 607 437 652; x_wconf 81' lang='grc' dir='ltr'><em>εἶναι</em></span> <span class='ocrx_word' id='word_1_51' title='bbox 476 610 576 659; x_wconf 76' lang='grc' dir='ltr'><em>τοὺς</em></span> <span class='ocrx_word' id='word_1_52' title='bbox 614 611 779 652; x_wconf 87' lang='grc' dir='ltr'><em>τούτων</em></span> <span class='ocrx_word' id='word_1_53' title='bbox 818 613 904 650; x_wconf 77' lang='grc' dir='ltr'><em>τῶν</em></span> <span class='ocrx_word' id='word_1_54' title='bbox 932 608 1283 662; x_wconf 74' lang='grc' dir='ltr'><em>παραδειγμάτων</em></span> <span class='ocrx_word' id='word_1_55' title='bbox 1313 606 1357 648; x_wconf 77' lang='grc' dir='ltr'><em>ἐκ</em></span> <span class='ocrx_word' id='word_1_56' title='bbox 1386 623 1453 648; x_wconf 88' lang='grc' dir='ltr'><em>τυ-</em></span> 
     </span>
     <span class='ocr_line' id='line_1_9' title="bbox 106 674 1455 728; baseline -0.003 -11"><span class='ocrx_word' id='word_1_57' title='bbox 106 677 278 728; x_wconf 87' lang='grc' dir='ltr'><em>ράννων</em></span> <span class='ocrx_word' id='word_1_58' title='bbox 315 675 386 717; x_wconf 82' lang='grc' dir='ltr'><em>καὶ</em></span> <span class='ocrx_word' id='word_1_59' title='bbox 414 674 623 728; x_wconf 84' lang='grc' dir='ltr'><em>βασιλέων</em></span> <span class='ocrx_word' id='word_1_60' title='bbox 651 676 720 717; x_wconf 83' lang='grc' dir='ltr'><em>καὶ</em></span> <span class='ocrx_word' id='word_1_61' title='bbox 749 676 973 716; x_wconf 77' lang='grc' dir='ltr'><em>δυναστῶν</em></span> <span class='ocrx_word' id='word_1_62' title='bbox 1001 675 1070 715; x_wconf 76' lang='grc' dir='ltr'><em>καὶ</em></span> <span class='ocrx_word' id='word_1_63' title='bbox 1098 674 1148 714; x_wconf 80' lang='grc' dir='ltr'><em>τὰ</em></span> <span class='ocrx_word' id='word_1_64' title='bbox 1177 677 1262 714; x_wconf 80' lang='grc' dir='ltr'><em>τῶν</em></span> <span class='ocrx_word' id='word_1_65' title='bbox 1290 674 1455 714; x_wconf 82' lang='grc' dir='ltr'><em>πόλεων</em></span> 
     </span>
     <span class='ocr_line' id='line_1_10' title="bbox 106 735 1453 794; baseline -0.003 -12"><span class='ocrx_word' id='word_1_66' title='bbox 106 741 357 794; x_wconf 77' lang='grc' dir='ltr'><em>πραξάντων</em></span> <span class='ocrx_word' id='word_1_67' title='bbox 379 742 628 794; x_wconf 78' lang='grc' dir='ltr'><em>γεγονότας·</em></span> <span class='ocrx_word' id='word_1_68' title='bbox 662 735 780 782; x_wconf 77' lang='grc' dir='ltr'><em>οὗτοι</em></span> <span class='ocrx_word' id='word_1_69' title='bbox 803 740 884 793; x_wconf 77' lang='grc' dir='ltr'><em>γὰρ</em></span> <span class='ocrx_word' id='word_1_70' title='bbox 914 739 982 781; x_wconf 82' lang='grc' dir='ltr'><em>διὰ</em></span> <span class='ocrx_word' id='word_1_71' title='bbox 1010 740 1088 793; x_wconf 69' lang='grc' dir='ltr'><em>τὴν</em></span> <span class='ocrx_word' id='word_1_72' title='bbox 1117 738 1314 789; x_wconf 76' lang='grc' dir='ltr'><em>ἐξουσίαν</em></span> <span class='ocrx_word' id='word_1_73' title='bbox 1343 736 1453 790; x_wconf 81' lang='grc' dir='ltr'><em>μέγι-</em></span> 
     </span>
     <span class='ocr_line' id='line_1_11' title="bbox 105 802 1457 860; baseline -0.003 -14"><span class='ocrx_word' id='word_1_74' title='bbox 105 816 183 847; x_wconf 90' lang='grc' dir='ltr'><em>στα</em></span> <span class='ocrx_word' id='word_1_75' title='bbox 206 805 276 848; x_wconf 78' lang='grc' dir='ltr'><em>καὶ</em></span> <span class='ocrx_word' id='word_1_76' title='bbox 304 802 570 848; x_wconf 76' lang='grc' dir='ltr'><em>ἀνοσιώτατα</em></span> <span class='ocrx_word' id='word_1_77' title='bbox 599 805 876 860; x_wconf 76' lang='grc' dir='ltr'><em>ἁμαρτήματα</em></span> <span class='ocrx_word' id='word_1_78' title='bbox 906 804 1211 858; x_wconf 72' lang='grc' dir='ltr'><em>ἁμαρτάνουσι.</em></span> <span class='ocrx_word' id='word_1_79' title='bbox 1251 806 1457 857; x_wconf 79' lang='grc' dir='ltr'><em>μαρτυρεῖ</em></span> 
     </span>
     <span class='ocr_line' id='line_1_12' title="bbox 105 867 1456 925; baseline -0.003 -12"><span class='ocrx_word' id='word_1_80' title='bbox 105 871 149 913; x_wconf 79' lang='grc' dir='ltr'><em>δὲ</em></span> <span class='ocrx_word' id='word_1_81' title='bbox 201 873 367 920; x_wconf 79' lang='grc' dir='ltr'><em>τούτοις</em></span> <span class='ocrx_word' id='word_1_82' title='bbox 415 870 481 912; x_wconf 82' lang='grc' dir='ltr'><em>καὶ</em></span> <span class='ocrx_word' id='word_1_83' title='bbox 509 867 727 925; x_wconf 63' lang='grc' dir='ltr'><em>“Ὀμηρος·</em></span> <span class='ocrx_word' id='word_1_84' title='bbox 781 869 976 924; x_wconf 80' lang='grc' dir='ltr'><em>βασιλέας</em></span> <span class='ocrx_word' id='word_1_85' title='bbox 1013 870 1094 923; x_wconf 80' lang='grc' dir='ltr'><em>γὰρ</em></span> <span class='ocrx_word' id='word_1_86' title='bbox 1136 869 1206 910; x_wconf 83' lang='grc' dir='ltr'><em>καὶ</em></span> <span class='ocrx_word' id='word_1_87' title='bbox 1243 870 1456 916; x_wconf 75' lang='grc' dir='ltr'><em>δυνάστας</em></span> 
     </span>
     <span class='ocr_line' id='line_1_13' title="bbox 105 933 1452 990; baseline -0.003 -12"><span class='ocrx_word' id='word_1_88' title='bbox 105 935 263 985; x_wconf 79' lang='grc' dir='ltr'><em>ἐκεῖνος</em></span> <span class='ocrx_word' id='word_1_89' title='bbox 301 938 503 990; x_wconf 82' lang='grc' dir='ltr'><em>πεποίηκε</em></span> <span class='ocrx_word' id='word_1_90' title='bbox 540 936 641 985; x_wconf 80' lang='grc' dir='ltr'><em>τοὺς</em></span> <span class='ocrx_word' id='word_1_91' title='bbox 679 936 724 977; x_wconf 84' lang='grc' dir='ltr'><em>έν</em></span> <span class='ocrx_word' id='word_1_92' title='bbox 750 933 909 977; x_wconf 76' lang='grc' dir='ltr'><em>ΓἈιδου</em></span> <span class='ocrx_word' id='word_1_93' title='bbox 947 936 1023 977; x_wconf 91' lang='grc' dir='ltr'><em>τὸν</em></span> <span class='ocrx_word' id='word_1_94' title='bbox 1052 934 1114 976; x_wconf 76' lang='grc' dir='ltr'><em>ἀεὶ</em></span> <span class='ocrx_word' id='word_1_95' title='bbox 1142 936 1301 988; x_wconf 85' lang='grc' dir='ltr'><em>χρόνον</em></span> <span class='ocrx_word' id='word_1_96' title='bbox 1330 950 1452 988; x_wconf 85' lang='grc' dir='ltr'><em>τιμω-</em></span> 
     </span>
     <span class='ocr_line' id='line_1_14' title="bbox 104 999 1453 1056; baseline -0.002 -13"><span class='ocrx_word' id='word_1_97' title='bbox 104 999 363 1056; x_wconf 88' lang='grc' dir='ltr'><em>ρουμένους,</em></span> <span class='ocrx_word' id='word_1_98' title='bbox 410 1003 630 1044; x_wconf 78' lang='grc' dir='ltr'><em>Τάνταλον</em></span> <span class='ocrx_word' id='word_1_99' title='bbox 668 1000 738 1043; x_wconf 76' lang='grc' dir='ltr'><em>καὶ</em></span> <span class='ocrx_word' id='word_1_100' title='bbox 777 1002 978 1054; x_wconf 83' lang='grc' dir='ltr'><em>Σίσυφον</em></span> <span class='ocrx_word' id='word_1_101' title='bbox 1014 1001 1084 1042; x_wconf 78' lang='grc' dir='ltr'><em>καὶ,</em></span> <span class='ocrx_word' id='word_1_102' title='bbox 1122 1000 1291 1040; x_wconf 90' lang='grc' dir='ltr'><em>Τιτυόν.</em></span> <span class='ocrx_word' id='word_1_103' title='bbox 1354 1001 1453 1051; x_wconf 82' lang='grc' dir='ltr'><em>Θερ-</em></span> 
     </span>
     <span class='ocr_line' id='line_1_15' title="bbox 104 1062 1455 1122; baseline -0.003 -13"><span class='ocrx_word' id='word_1_104' title='bbox 104 1069 224 1122; x_wconf 88' lang='grc' dir='ltr'><em>σίτην</em></span> <span class='ocrx_word' id='word_1_105' title='bbox 252 1067 320 1118; x_wconf 83' lang='grc' dir='ltr'><em>δέ,</em></span> <span class='ocrx_word' id='word_1_106' title='bbox 358 1069 428 1109; x_wconf 86' lang='grc' dir='ltr'><em>καὶ</em></span> <span class='ocrx_word' id='word_1_107' title='bbox 471 1068 510 1108; x_wconf 79' lang='grc' dir='ltr'><em>εἴ</em></span> <span class='ocrx_word' id='word_1_108' title='bbox 535 1084 596 1116; x_wconf 89' lang='grc' dir='ltr'><em>τις</em></span> <span class='ocrx_word' id='word_1_109' title='bbox 624 1071 750 1115; x_wconf 73' lang='grc' dir='ltr'><em>ἄλλος</em></span> <span class='ocrx_word' id='word_1_110' title='bbox 778 1067 968 1120; x_wconf 83' lang='grc' dir='ltr'><em>πονηρὸς</em></span> <span class='ocrx_word' id='word_1_111' title='bbox 998 1063 1051 1120; x_wconf 79' lang='grc' dir='ltr'><em>ἧν</em></span> <span class='ocrx_word' id='word_1_112' title='bbox 1081 1062 1274 1119; x_wconf 76' lang='grc' dir='ltr'><em>ἰδιώτης,</em></span> <span class='ocrx_word' id='word_1_113' title='bbox 1317 1064 1455 1113; x_wconf 71' lang='grc' dir='ltr'><em>οὐδεὶς</em></span> 
     </span>
     <span class='ocr_line' id='line_1_16' title="bbox 104 1131 1452 1188; baseline -0.002 -14"><span class='ocrx_word' id='word_1_114' title='bbox 104 1134 304 1188; x_wconf 77' lang='grc' dir='ltr'><em>πεποίηκε</em></span> <span class='ocrx_word' id='word_1_115' title='bbox 343 1134 541 1187; x_wconf 84' lang='grc' dir='ltr'><em>μεγάλαις</em></span> <span class='ocrx_word' id='word_1_116' title='bbox 580 1134 796 1186; x_wconf 84' lang='grc' dir='ltr'><em>τιμωρίαις</em></span> <span class='ocrx_word' id='word_1_117' title='bbox 833 1134 1120 1186; x_wconf 78' lang='grc' dir='ltr'><em>συνεχόμενον</em></span> <span class='ocrx_word' id='word_1_118' title='bbox 1161 1132 1216 1179; x_wconf 81' lang='grc' dir='ltr'><em>ὡς</em></span> <span class='ocrx_word' id='word_1_119' title='bbox 1256 1131 1452 1172; x_wconf 88' lang='grc' dir='ltr'><em>ἀνίατον·</em></span> 
     </span>
    </p>
   </div>
   <div class='ocr_carea' id='block_1_4' title="bbox 101 1253 1457 1832">
    <p class='ocr_par' dir='ltr' id='par_1_4' title="bbox 101 1253 1455 1388">
     <span class='ocr_line' id='line_1_17' title="bbox 173 1253 1455 1298; baseline -0.003 -10"><span class='ocrx_word' id='word_1_120' title='bbox 173 1256 210 1288; x_wconf 88' lang='lat' dir='ltr'><em>C.</em></span> <span class='ocrx_word' id='word_1_121' title='bbox 260 1254 329 1288; x_wconf 80' lang='grc' dir='ltr'><em>διὰ</em></span> <span class='ocrx_word' id='word_1_122' title='bbox 366 1253 410 1288; x_wconf 83' lang='grc' dir='ltr'><em>τὰ</em></span> <span class='ocrx_word' id='word_1_123' title='bbox 450 1258 629 1288; x_wconf 87' lang='grc' dir='ltr'><em>τοιαῦτα</em></span> <span class='ocrx_word' id='word_1_124' title='bbox 665 1253 927 1298; x_wconf 79' lang='grc' dir='ltr'><em>ἀδικήματα]</em></span> <span class='ocrx_word' id='word_1_125' title='bbox 968 1254 1160 1286; x_wconf 87' lang='lat' dir='ltr'><strong>Articulum</strong></span> <span class='ocrx_word' id='word_1_126' title='bbox 1192 1253 1380 1285; x_wconf 84' lang='lat' dir='ltr'>adiecimus</span> <span class='ocrx_word' id='word_1_127' title='bbox 1413 1264 1455 1285; x_wconf 86' lang='lat' dir='ltr'>ex</span> 
     </span>
     <span class='ocr_line' id='line_1_18' title="bbox 106 1299 1454 1334; baseline -0.003 0"><span class='ocrx_word' id='word_1_128' title='bbox 106 1301 196 1334; x_wconf 88' lang='lat' dir='ltr'>Flor.</span> <span class='ocrx_word' id='word_1_129' title='bbox 222 1301 252 1332; x_wconf 88' lang='lat' dir='ltr'><em>d.</em></span> <span class='ocrx_word' id='word_1_130' title='bbox 277 1313 307 1334; x_wconf 93' lang='lat' dir='ltr'><em>o.</em></span> <span class='ocrx_word' id='word_1_131' title='bbox 333 1312 366 1333; x_wconf 86' lang='lat' dir='ltr'><em>x.</em></span> <span class='ocrx_word' id='word_1_132' title='bbox 401 1301 498 1333; x_wconf 90' lang='lat' dir='ltr'>Bodl.</span> <span class='ocrx_word' id='word_1_133' title='bbox 524 1303 661 1333; x_wconf 87' lang='lat' dir='ltr'>Meerm.</span> <span class='ocrx_word' id='word_1_134' title='bbox 687 1301 765 1333; x_wconf 85' lang='lat' dir='ltr'>edit.</span> <span class='ocrx_word' id='word_1_135' title='bbox 790 1301 867 1332; x_wconf 84' lang='lat' dir='ltr'>Bas.</span> <span class='ocrx_word' id='word_1_136' title='bbox 892 1299 924 1333; x_wconf 78' lang='lat'><em>2.</em></span> <span class='ocrx_word' id='word_1_137' title='bbox 955 1301 1080 1332; x_wconf 89' lang='lat' dir='ltr'>Euseb.</span> <span class='ocrx_word' id='word_1_138' title='bbox 1106 1299 1312 1332; x_wconf 82' lang='lat' dir='ltr'>Theodoret.</span> <span class='ocrx_word' id='word_1_139' title='bbox 1338 1299 1454 1331; x_wconf 84' lang='lat' dir='ltr'>Suida.</span> 
     </span>
     <span class='ocr_line' id='line_1_19' title="bbox 101 1346 903 1388; baseline -0.001 -10"><span class='ocrx_word' id='word_1_140' title='bbox 101 1347 262 1379; x_wconf 85' lang='lat' dir='ltr'>Eundem</span> <span class='ocrx_word' id='word_1_141' title='bbox 287 1346 347 1378; x_wconf 86' lang='lat' dir='ltr'>alii</span> <span class='ocrx_word' id='word_1_142' title='bbox 371 1350 404 1378; x_wconf 87' lang='lat' dir='ltr'><em>et</em></span> <span class='ocrx_word' id='word_1_143' title='bbox 429 1346 523 1378; x_wconf 86' lang='lat' dir='ltr'>editt.</span> <span class='ocrx_word' id='word_1_144' title='bbox 549 1357 667 1378; x_wconf 85' lang='lat' dir='ltr'>omnes</span> <span class='ocrx_word' id='word_1_145' title='bbox 692 1350 903 1388; x_wconf 85' lang='lat' dir='ltr'>spreverunt.</span> 
     </span>
    </p>

    <p class='ocr_par' dir='ltr' id='par_1_5' title="bbox 104 1388 1455 1477">
     <span class='ocr_line' id='line_1_20' title="bbox 172 1388 1455 1434; baseline -0.002 -10"><span class='ocrx_word' id='word_1_146' title='bbox 172 1393 215 1424; x_wconf 92' lang='lat' dir='ltr'><em>D.</em></span> <span class='ocrx_word' id='word_1_147' title='bbox 263 1391 340 1423; x_wconf 78' lang='grc' dir='ltr'><em>ἕνα</em></span> <span class='ocrx_word' id='word_1_148' title='bbox 371 1391 439 1423; x_wconf 85' lang='grc' dir='ltr'><em>καὶ</em></span> <span class='ocrx_word' id='word_1_149' title='bbox 466 1389 702 1433; x_wconf 74' lang='grc' dir='ltr'><em>Ἀρχέλαον</em></span> <span class='ocrx_word' id='word_1_150' title='bbox 727 1390 926 1434; x_wconf 69' lang='grc' dir='ltr'><em>ἔσεσθαι]</em></span> <span class='ocrx_word' id='word_1_151' title='bbox 962 1390 1024 1422; x_wconf 75' lang='grc' dir='ltr'><em>ἕνα</em></span> <span class='ocrx_word' id='word_1_152' title='bbox 1048 1401 1112 1423; x_wconf 90' lang='lat' dir='ltr'><em>om.</em></span> <span class='ocrx_word' id='word_1_153' title='bbox 1138 1388 1264 1422; x_wconf 85' lang='lat' dir='ltr'>Euseb.</span> <span class='ocrx_word' id='word_1_154' title='bbox 1289 1389 1455 1431; x_wconf 79' lang='lat' dir='ltr'>probante</span> 
     </span>
     <span class='ocr_line' id='line_1_21' title="bbox 104 1436 737 1477; baseline 0 -9"><span class='ocrx_word' id='word_1_155' title='bbox 104 1436 317 1477; x_wconf 78' lang='lat' dir='ltr'>Heindorfio,</span> <span class='ocrx_word' id='word_1_156' title='bbox 342 1437 400 1469; x_wconf 88' lang='lat' dir='ltr'><em>sed</em></span> <span class='ocrx_word' id='word_1_157' title='bbox 426 1437 548 1469; x_wconf 86' lang='lat' dir='ltr'>melius</span> <span class='ocrx_word' id='word_1_158' title='bbox 573 1442 737 1469; x_wconf 85' lang='lat' dir='ltr'>servatur.</span> 
     </span>
    </p>

    <p class='ocr_par' dir='ltr' id='par_1_6' title="bbox 105 1478 1457 1830">
     <span class='ocr_line' id='line_1_22' title="bbox 174 1478 1457 1534; baseline -0.002 -21"><span class='ocrx_word' id='word_1_159' title='bbox 174 1479 377 1515; x_wconf 76' lang='grc' dir='ltr'><em>καὶτοὺς</em></span> <span class='ocrx_word' id='word_1_160' title='bbox 408 1481 593 1515; x_wconf 78' lang='grc' dir='ltr'><em>πολλοὺς</em></span> <span class='ocrx_word' id='word_1_161' title='bbox 625 1478 879 1526; x_wconf 51' lang='grc' dir='ltr'><em>«1ἳῖ1αιτονςῖἸ</em></span> <span class='ocrx_word' id='word_1_162' title='bbox 914 1493 935 1511; x_wconf 88' lang='grc' dir='ltr'><em>τ.</em></span> <span class='ocrx_word' id='word_1_163' title='bbox 966 1493 986 1512; x_wconf 87' lang='grc' dir='ltr'><em>τ.</em></span> <span class='ocrx_word' id='word_1_164' title='bbox 1016 1480 1068 1534; x_wconf 85' lang='grc' dir='ltr'><em>π.]</em></span> <span class='ocrx_word' id='word_1_165' title='bbox 1096 1480 1152 1512; x_wconf 72' lang='lat' dir='ltr'>Sic</span> <span class='ocrx_word' id='word_1_166' title='bbox 1179 1480 1294 1511; x_wconf 83' lang='lat' dir='ltr'><strong>Clark.</strong></span> <span class='ocrx_word' id='word_1_167' title='bbox 1321 1480 1398 1513; x_wconf 81' lang='lat' dir='ltr'>Vat.</span> <span class='ocrx_word' id='word_1_168' title='bbox 1424 1484 1457 1511; x_wconf 83' lang='lat' dir='ltr'><em>et</em></span> 
     </span>
     <span class='ocr_line' id='line_1_23' title="bbox 105 1522 1455 1577; baseline -0.001 -19"><span class='ocrx_word' id='word_1_169' title='bbox 105 1527 180 1558; x_wconf 86' lang='lat' dir='ltr'>Par.</span> <span class='ocrx_word' id='word_1_170' title='bbox 207 1527 245 1558; x_wconf 92' lang='grc' dir='ltr'><em>Β.</em></span> <span class='ocrx_word' id='word_1_171' title='bbox 271 1537 291 1557; x_wconf 83' lang='lat' dir='ltr'><strong>a</strong></span> <span class='ocrx_word' id='word_1_172' title='bbox 314 1538 358 1558; x_wconf 81' lang='lat'><em>11}</em></span> <span class='ocrx_word' id='word_1_173' title='bbox 383 1537 449 1558; x_wconf 83' lang='lat' dir='ltr'>rec.</span> <span class='ocrx_word' id='word_1_174' title='bbox 498 1527 626 1570; x_wconf 82' lang='lat' dir='ltr'>Vulgo.</span> <span class='ocrx_word' id='word_1_175' title='bbox 666 1526 810 1560; x_wconf 58' lang='lat' dir='ltr'>momms-</span> <span class='ocrx_word' id='word_1_176' title='bbox 841 1522 932 1557; x_wconf 75' lang='grc' dir='ltr'><em>εἶναι</em></span> <span class='ocrx_word' id='word_1_177' title='bbox 965 1537 1095 1557; x_wconf 74' lang='grc' dir='ltr'><em>τουτων</em></span> <span class='ocrx_word' id='word_1_178' title='bbox 1130 1537 1197 1556; x_wconf 65' lang='lat' dir='ltr'><em>tw]</em></span> <span class='ocrx_word' id='word_1_179' title='bbox 1222 1523 1455 1577; x_wconf 82' lang='grc' dir='ltr'><em>παραδειγμά-</em></span> 
     </span>
     <span class='ocr_line' id='line_1_24' title="bbox 107 1568 1456 1613; baseline -0.001 -10"><span class='ocrx_word' id='word_1_180' title='bbox 107 1583 172 1603; x_wconf 86' lang='grc' dir='ltr'><em>των</em></span> <span class='ocrx_word' id='word_1_181' title='bbox 205 1570 282 1605; x_wconf 56' lang='lat' dir='ltr'><em>tombs</em></span> <span class='ocrx_word' id='word_1_182' title='bbox 315 1571 352 1603; x_wconf 80' lang='grc' dir='ltr'><em>ἐκ</em></span> <span class='ocrx_word' id='word_1_183' title='bbox 384 1570 570 1612; x_wconf 73' lang='grc' dir='ltr'><strong>τ11ρά1111ω1</strong></span> <span class='ocrx_word' id='word_1_184' title='bbox 600 1572 653 1603; x_wconf 82' lang='grc' dir='ltr'><em>καὶ</em></span> <span class='ocrx_word' id='word_1_185' title='bbox 688 1572 738 1613; x_wconf 78' lang='grc' dir='ltr'><em>β.,</em></span> <span class='ocrx_word' id='word_1_186' title='bbox 771 1572 805 1603; x_wconf 82' lang='grc'><em>111</em></span> <span class='ocrx_word' id='word_1_187' title='bbox 839 1570 963 1612; x_wconf 86' lang='lat' dir='ltr'>quibus</span> <span class='ocrx_word' id='word_1_188' title='bbox 996 1573 1064 1602; x_wconf 76' lang='grc' dir='ltr'><em>τῶν</em></span> <span class='ocrx_word' id='word_1_189' title='bbox 1093 1568 1377 1613; x_wconf 76' lang='grc' dir='ltr'><em>παραδειγμάτωι</em></span> <span class='ocrx_word' id='word_1_190' title='bbox 1402 1582 1456 1602; x_wconf 88' lang='lat' dir='ltr'>su-</span> 
     </span>
     <span class='ocr_line' id='line_1_25' title="bbox 106 1616 1457 1659; baseline -0.001 -10"><span class='ocrx_word' id='word_1_191' title='bbox 106 1620 261 1659; x_wconf 85' lang='lat' dir='ltr'>spectum</span> <span class='ocrx_word' id='word_1_192' title='bbox 277 1616 458 1649; x_wconf 85' lang='lat' dir='ltr'>videbatur</span> <span class='ocrx_word' id='word_1_193' title='bbox 475 1617 686 1649; x_wconf 87' lang='lat' dir='ltr'>Heindorfio.</span> <span class='ocrx_word' id='word_1_194' title='bbox 735 1618 846 1657; x_wconf 77' lang='lat' dir='ltr'>Quam</span> <span class='ocrx_word' id='word_1_195' title='bbox 871 1617 1100 1657; x_wconf 78' lang='lat' dir='ltr'>suspicionem</span> <span class='ocrx_word' id='word_1_196' title='bbox 1127 1616 1327 1647; x_wconf 82' lang='lat' dir='ltr'>confirmare</span> <span class='ocrx_word' id='word_1_197' title='bbox 1353 1616 1457 1647; x_wconf 80' lang='lat' dir='ltr'>alicui</span> 
     </span>
     <span class='ocr_line' id='line_1_26' title="bbox 106 1656 1456 1705; baseline -0.001 -11"><span class='ocrx_word' id='word_1_198' title='bbox 106 1662 261 1694; x_wconf 81' lang='lat' dir='ltr'>videatur</span> <span class='ocrx_word' id='word_1_199' title='bbox 284 1663 453 1704; x_wconf 85' lang='lat' dir='ltr'>scriptura</span> <span class='ocrx_word' id='word_1_200' title='bbox 477 1663 700 1705; x_wconf 87' lang='lat' dir='ltr'>plurin101um</span> <span class='ocrx_word' id='word_1_201' title='bbox 726 1662 910 1694; x_wconf 83' lang='lat' dir='ltr'>libror:um</span> <span class='ocrx_word' id='word_1_202' title='bbox 939 1659 1081 1694; x_wconf 62' lang='lat' dir='ltr'>nomez</span> <span class='ocrx_word' id='word_1_203' title='bbox 1107 1656 1197 1692; x_wconf 71' lang='grc' dir='ltr'><em>εἶναι</em></span> <span class='ocrx_word' id='word_1_204' title='bbox 1222 1659 1354 1692; x_wconf 81' lang='grc' dir='ltr'><em>τούτωι</em></span> <span class='ocrx_word' id='word_1_205' title='bbox 1379 1659 1456 1695; x_wconf 71' lang='grc' dir='ltr'><em>τοὺς</em></span> 
     </span>
     <span class='ocr_line' id='line_1_27' title="bbox 109 1706 1452 1752; baseline -0.002 -13"><span class='ocrx_word' id='word_1_206' title='bbox 109 1710 176 1739; x_wconf 82' lang='grc' dir='ltr'><em>τῶν</em></span> <span class='ocrx_word' id='word_1_207' title='bbox 193 1706 481 1750; x_wconf 79' lang='grc' dir='ltr'><em>παραδειγμάτων</em></span> <span class='ocrx_word' id='word_1_208' title='bbox 499 1707 535 1740; x_wconf 82' lang='grc' dir='ltr'><em>ἐκ</em></span> <span class='ocrx_word' id='word_1_209' title='bbox 554 1720 590 1739; x_wconf 78' lang='grc'><em>11</em></span> <span class='ocrx_word' id='word_1_210' title='bbox 598 1707 750 1748; x_wconf 45' lang='lat' dir='ltr'><em>(niv-azam</em></span> <span class='ocrx_word' id='word_1_211' title='bbox 791 1708 876 1739; x_wconf 77' lang='lat' dir='ltr'><em>Nam</em></span> <span class='ocrx_word' id='word_1_212' title='bbox 885 1708 1001 1752; x_wconf 79' lang='lat' dir='ltr'>pauci</span> <span class='ocrx_word' id='word_1_213' title='bbox 1027 1707 1122 1738; x_wconf 78' lang='lat' dir='ltr'>etial..</span> <span class='ocrx_word' id='word_1_214' title='bbox 1153 1707 1279 1738; x_wconf 87' lang='lat' dir='ltr'>omisso</span> <span class='ocrx_word' id='word_1_215' title='bbox 1306 1718 1452 1738; x_wconf 72' lang='grc'><strong>1011111</strong></span> 
     </span>
     <span class='ocr_line' id='line_1_28' title="bbox 107 1749 1455 1796; baseline -0.001 -12"><span class='ocrx_word' id='word_1_216' title='bbox 107 1749 292 1786; x_wconf 75' lang='grc' dir='ltr'><em>εἶναιτοὺς</em></span> <span class='ocrx_word' id='word_1_217' title='bbox 318 1752 385 1785; x_wconf 79' lang='grc' dir='ltr'><em>τῶν</em></span> <span class='ocrx_word' id='word_1_218' title='bbox 411 1752 706 1796; x_wconf 27' lang='grc' dir='ltr'><em>παραδειγμάτωι</em></span> <span class='ocrx_word' id='word_1_219' title='bbox 745 1753 832 1795; x_wconf 84' lang='lat' dir='ltr'>Aug.</span> <span class='ocrx_word' id='word_1_220' title='bbox 860 1753 951 1784; x_wconf 68' lang='lat' dir='ltr'>elnac</span> <span class='ocrx_word' id='word_1_221' title='bbox 978 1750 1105 1783; x_wconf 64' lang='lat' dir='ltr'>zozim</span> <span class='ocrx_word' id='word_1_222' title='bbox 1130 1756 1197 1783; x_wconf 67' lang='grc'><strong>11111</strong></span> <span class='ocrx_word' id='word_1_223' title='bbox 1222 1750 1455 1794; x_wconf 75' lang='grc' dir='ltr'><em>παραδειγμά-</em></span> 
     </span>
     <span class='ocr_line' id='line_1_29' title="bbox 107 1801 380 1832; baseline 0 -2"><span class='ocrx_word' id='word_1_224' title='bbox 107 1810 183 1830; x_wconf 83' lang='grc' dir='ltr'><em>των.</em></span> <span class='ocrx_word' id='word_1_225' title='bbox 209 1809 241 1832; x_wconf 88' lang='lat' dir='ltr'><em>v.</em></span> <span class='ocrx_word' id='word_1_226' title='bbox 266 1801 380 1830; x_wconf 85' lang='lat' dir='ltr'>annot.</span> 
     </span>
    </p>
   </div>
   <div class='ocr_carea' id='block_1_5' title="bbox 105 1908 749 2755">
    <p class='ocr_par' dir='ltr' id='par_1_7' title="bbox 105 1908 748 2403">
     <span class='ocr_line' id='line_1_30' title="bbox 106 1908 747 1966; baseline -0.002 -24"><span class='ocrx_word' id='word_1_227' title='bbox 106 1909 247 1944; x_wconf 76' lang='grc' dir='ltr'><em>τούτους</em></span> <span class='ocrx_word' id='word_1_228' title='bbox 282 1910 322 1943; x_wconf 83' lang='grc' dir='ltr'><em>δὲ</em></span> <span class='ocrx_word' id='word_1_229' title='bbox 344 1909 373 1966; x_wconf 85' lang='grc' dir='ltr'><em>ἡ</em></span> <span class='ocrx_word' id='word_1_230' title='bbox 399 1908 621 1953; x_wconf 79' lang='grc' dir='ltr'><em>προςήκονσα</em></span> <span class='ocrx_word' id='word_1_231' title='bbox 645 1915 747 1951; x_wconf 81' lang='grc' dir='ltr'><em>μοῖρα</em></span> 
     </span>
     <span class='ocr_line' id='line_1_31' title="bbox 109 1953 747 1997; baseline 0 -9"><span class='ocrx_word' id='word_1_232' title='bbox 109 1953 218 1997; x_wconf 79' lang='grc' dir='ltr'><em>ῥιπτει</em></span> <span class='ocrx_word' id='word_1_233' title='bbox 242 1955 293 1990; x_wconf 78' lang='grc' dir='ltr'><em>εἰς</em></span> <span class='ocrx_word' id='word_1_234' title='bbox 318 1954 379 1987; x_wconf 74' lang='grc' dir='ltr'><em>τὸι</em></span> <span class='ocrx_word' id='word_1_235' title='bbox 398 1954 578 1997; x_wconf 80' lang='grc' dir='ltr'><em>τάρταρον.</em></span> <span class='ocrx_word' id='word_1_236' title='bbox 616 1957 669 1988; x_wconf 83' lang='lat' dir='ltr'>De</span> <span class='ocrx_word' id='word_1_237' title='bbox 684 1957 747 1988; x_wconf 78' lang='lat' dir='ltr'><em>Re-</em></span> 
     </span>
     <span class='ocr_line' id='line_1_32' title="bbox 106 1998 747 2053; baseline 0.003 -21"><span class='ocrx_word' id='word_1_238' title='bbox 106 2001 200 2042; x_wconf 87' lang='lat' dir='ltr'>publ.</span> <span class='ocrx_word' id='word_1_239' title='bbox 232 2001 274 2053; x_wconf 89' lang='grc' dir='ltr'><em>Χ.</em></span> <span class='ocrx_word' id='word_1_240' title='bbox 305 2011 337 2042; x_wconf 89' lang='lat' dir='ltr'><em>p.</em></span> <span class='ocrx_word' id='word_1_241' title='bbox 370 2000 445 2033; x_wconf 77' lang='grc'><strong>615.</strong></span> <span class='ocrx_word' id='word_1_242' title='bbox 477 2002 523 2033; x_wconf 89' lang='grc' dir='ltr'><em>Ε.</em></span> <span class='ocrx_word' id='word_1_243' title='bbox 564 1998 668 2034; x_wconf 79' lang='grc' dir='ltr'><em>ὁπότε</em></span> <span class='ocrx_word' id='word_1_244' title='bbox 701 2013 747 2034; x_wconf 68' lang='grc' dir='ltr'><em>τις</em></span> 
     </span>
     <span class='ocr_line' id='line_1_33' title="bbox 108 2043 747 2089; baseline -0.002 -12"><span class='ocrx_word' id='word_1_245' title='bbox 108 2049 176 2078; x_wconf 80' lang='grc' dir='ltr'><em>τῶν</em></span> <span class='ocrx_word' id='word_1_246' title='bbox 215 2044 324 2080; x_wconf 77' lang='grc' dir='ltr'><em>οὕτως</em></span> <span class='ocrx_word' id='word_1_247' title='bbox 365 2043 514 2080; x_wconf 71' lang='grc' dir='ltr'><em>ἀιιάτως</em></span> <span class='ocrx_word' id='word_1_248' title='bbox 546 2058 695 2088; x_wconf 83' lang='grc' dir='ltr'><strong>εχο1τω1</strong></span> <span class='ocrx_word' id='word_1_249' title='bbox 727 2045 747 2089; x_wconf 81' lang='grc' dir='ltr'><em>ἢ</em></span> 
     </span>
     <span class='ocr_line' id='line_1_34' title="bbox 107 2088 746 2134; baseline 0.002 -12"><span class='ocrx_word' id='word_1_250' title='bbox 107 2089 151 2133; x_wconf 88' lang='grc' dir='ltr'><em>μὴ</em></span> <span class='ocrx_word' id='word_1_251' title='bbox 168 2091 295 2124; x_wconf 74' lang='grc' dir='ltr'><em>ἱκανῶς</em></span> <span class='ocrx_word' id='word_1_252' title='bbox 314 2088 474 2124; x_wconf 76' lang='grc' dir='ltr'><em>δεδωκώς</em></span> <span class='ocrx_word' id='word_1_253' title='bbox 500 2091 601 2134; x_wconf 85' lang='grc' dir='ltr'><em>δικηι</em></span> <span class='ocrx_word' id='word_1_254' title='bbox 626 2091 746 2133; x_wconf 82' lang='grc' dir='ltr'><em>ἐπιχει-</em></span> 
     </span>
     <span class='ocr_line' id='line_1_35' title="bbox 110 2134 746 2177; baseline 0 -9"><span class='ocrx_word' id='word_1_255' title='bbox 110 2140 168 2177; x_wconf 78' lang='grc' dir='ltr'><em>ροῖ</em></span> <span class='ocrx_word' id='word_1_256' title='bbox 205 2134 346 2168; x_wconf 79' lang='grc' dir='ltr'><em>ἀνιέναι.</em></span> <span class='ocrx_word' id='word_1_257' title='bbox 380 2155 424 2160; x_wconf 88' lang='grc'><strong>-</strong></span> <span class='ocrx_word' id='word_1_258' title='bbox 463 2136 507 2168; x_wconf 90' lang='grc' dir='ltr'><em>τὰ</em></span> <span class='ocrx_word' id='word_1_259' title='bbox 541 2137 746 2177; x_wconf 78' lang='grc' dir='ltr'><em>παραδεί-</em></span> 
     </span>
     <span class='ocr_line' id='line_1_36' title="bbox 105 2181 747 2224; baseline 0 -11"><span class='ocrx_word' id='word_1_260' title='bbox 105 2193 249 2224; x_wconf 82' lang='grc' dir='ltr'><em>γματα.</em></span> <span class='ocrx_word' id='word_1_261' title='bbox 311 2181 466 2213; x_wconf 73' lang='lat' dir='ltr'>Articulo</span> <span class='ocrx_word' id='word_1_262' title='bbox 504 2183 627 2222; x_wconf 88' lang='lat' dir='ltr'>utitur,</span> <span class='ocrx_word' id='word_1_263' title='bbox 667 2183 747 2223; x_wconf 86' lang='lat' dir='ltr'>quia</span> 
     </span>
     <span class='ocr_line' id='line_1_37' title="bbox 106 2225 745 2269; baseline 0 -11"><span class='ocrx_word' id='word_1_264' title='bbox 106 2227 246 2267; x_wconf 83' lang='lat' dir='ltr'>respicit</span> <span class='ocrx_word' id='word_1_265' title='bbox 271 2227 313 2258; x_wconf 85' lang='lat' dir='ltr'><em>ad</em></span> <span class='ocrx_word' id='word_1_266' title='bbox 338 2227 513 2268; x_wconf 85' lang='lat' dir='ltr'><strong>superiora</strong></span> <span class='ocrx_word' id='word_1_267' title='bbox 536 2228 615 2258; x_wconf 84' lang='lat' dir='ltr'>illa:</span> <span class='ocrx_word' id='word_1_268' title='bbox 644 2225 663 2269; x_wconf 86' lang='grc' dir='ltr'>ἢ</span> <span class='ocrx_word' id='word_1_269' title='bbox 685 2238 745 2258; x_wconf 81' lang='grc' dir='ltr'><em>πα-</em></span> 
     </span>
     <span class='ocr_line' id='line_1_38' title="bbox 112 2269 746 2315; baseline 0 -12"><span class='ocrx_word' id='word_1_270' title='bbox 112 2271 309 2314; x_wconf 81' lang='grc' dir='ltr'><em>ραδείγματι</em></span> <span class='ocrx_word' id='word_1_271' title='bbox 330 2276 397 2305; x_wconf 76' lang='grc' dir='ltr'><em>τοῖς</em></span> <span class='ocrx_word' id='word_1_272' title='bbox 418 2269 528 2305; x_wconf 74' lang='grc' dir='ltr'><em>ἄλλοις</em></span> <span class='ocrx_word' id='word_1_273' title='bbox 552 2274 746 2315; x_wconf 74' lang='grc' dir='ltr'><em>γίγνεσθαι.</em></span> 
     </span>
     <span class='ocr_line' id='line_1_39' title="bbox 109 2317 748 2359; baseline 0.002 -11"><span class='ocrx_word' id='word_1_274' title='bbox 109 2318 161 2348; x_wconf 86' lang='lat' dir='ltr'>De</span> <span class='ocrx_word' id='word_1_275' title='bbox 196 2317 358 2349; x_wconf 85' lang='lat' dir='ltr'>dictionis</span> <span class='ocrx_word' id='word_1_276' title='bbox 389 2317 559 2359; x_wconf 76' lang='lat' dir='ltr'>probitate</span> <span class='ocrx_word' id='word_1_277' title='bbox 596 2329 665 2349; x_wconf 87' lang='lat' dir='ltr'><em>non</em></span> <span class='ocrx_word' id='word_1_278' title='bbox 697 2322 748 2349; x_wconf 89' lang='lat' dir='ltr'><em>est</em></span> 
     </span>
     <span class='ocr_line' id='line_1_40' title="bbox 111 2361 370 2403; baseline 0 -10"><span class='ocrx_word' id='word_1_279' title='bbox 111 2361 200 2403; x_wconf 86' lang='lat' dir='ltr'>quod</span> <span class='ocrx_word' id='word_1_280' title='bbox 226 2361 370 2394; x_wconf 78' lang='lat' dir='ltr'>dubites.</span> 
     </span>
    </p>

    <p class='ocr_par' dir='ltr' id='par_1_8' title="bbox 108 2404 749 2755">
     <span class='ocr_line' id='line_1_41' title="bbox 156 2404 746 2449; baseline 0 -11"><span class='ocrx_word' id='word_1_281' title='bbox 156 2406 505 2449; x_wconf 79' lang='grc' dir='ltr'><em>παραδείγματα</em></span> <span class='ocrx_word' id='word_1_282' title='bbox 555 2404 746 2448; x_wconf 75' lang='grc' dir='ltr'><em>ἀνηρτη-</em></span> 
     </span>
     <span class='ocr_line' id='line_1_42' title="bbox 109 2450 748 2494; baseline 0.002 -12"><span class='ocrx_word' id='word_1_283' title='bbox 109 2450 288 2494; x_wconf 74' lang='grc' dir='ltr'><em>μένους]</em></span> <span class='ocrx_word' id='word_1_284' title='bbox 326 2453 480 2484; x_wconf 78' lang='lat' dir='ltr'>Imitatus</span> <span class='ocrx_word' id='word_1_285' title='bbox 511 2457 561 2484; x_wconf 86' lang='lat' dir='ltr'><em>est</em></span> <span class='ocrx_word' id='word_1_286' title='bbox 584 2453 676 2484; x_wconf 83' lang='lat' dir='ltr'>hune</span> <span class='ocrx_word' id='word_1_287' title='bbox 700 2452 748 2483; x_wconf 92' lang='lat' dir='ltr'><em>lo-</em></span> 
     </span>
     <span class='ocr_line' id='line_1_43' title="bbox 109 2497 745 2529; baseline 0 -1"><span class='ocrx_word' id='word_1_288' title='bbox 109 2507 186 2528; x_wconf 84' lang='lat' dir='ltr'><em>cum</em></span> <span class='ocrx_word' id='word_1_289' title='bbox 224 2497 424 2529; x_wconf 85' lang='lat' dir='ltr'>Basilius</span> <span class='ocrx_word' id='word_1_290' title='bbox 465 2499 510 2529; x_wconf 88' lang='lat' dir='ltr'><em>M.</em></span> <span class='ocrx_word' id='word_1_291' title='bbox 551 2498 651 2529; x_wconf 90' lang='lat' dir='ltr'>Hom.</span> <span class='ocrx_word' id='word_1_292' title='bbox 688 2498 745 2529; x_wconf 89' lang='lat' dir='ltr'><em>IX.</em></span> 
     </span>
     <span class='ocr_line' id='line_1_44' title="bbox 108 2540 748 2584; baseline 0 -11"><span class='ocrx_word' id='word_1_293' title='bbox 108 2552 140 2582; x_wconf 85' lang='lat' dir='ltr'><em>p.</em></span> <span class='ocrx_word' id='word_1_294' title='bbox 166 2540 242 2574; x_wconf 85' lang='lat'>366.</span> <span class='ocrx_word' id='word_1_295' title='bbox 262 2542 313 2581; x_wconf 61' lang='lat' dir='ltr'><em>E„</em></span> <span class='ocrx_word' id='word_1_296' title='bbox 338 2546 376 2573; x_wconf 91' lang='lat' dir='ltr'>ut</span> <span class='ocrx_word' id='word_1_297' title='bbox 398 2544 531 2574; x_wconf 87' lang='lat' dir='ltr'>monuit</span> <span class='ocrx_word' id='word_1_298' title='bbox 555 2544 748 2584; x_wconf 84' lang='lat' dir='ltr'>Wytten-</span> 
     </span>
     <span class='ocr_line' id='line_1_45' title="bbox 109 2586 748 2620; baseline 0.002 -3"><span class='ocrx_word' id='word_1_299' title='bbox 109 2586 130 2617; x_wconf 90' lang='lat' dir='ltr'>b</span> <span class='ocrx_word' id='word_1_300' title='bbox 145 2587 235 2618; x_wconf 85' lang='lat' dir='ltr'>aeh.</span> <span class='ocrx_word' id='word_1_301' title='bbox 289 2587 331 2618; x_wconf 85' lang='lat' dir='ltr'><em>ad</em></span> <span class='ocrx_word' id='word_1_302' title='bbox 369 2588 540 2620; x_wconf 83' lang='lat' dir='ltr'>Plutarch.</span> <span class='ocrx_word' id='word_1_303' title='bbox 579 2589 630 2620; x_wconf 86' lang='lat' dir='ltr'>De</span> <span class='ocrx_word' id='word_1_304' title='bbox 667 2589 748 2619; x_wconf 84' lang='lat' dir='ltr'>Sera</span> 
     </span>
     <span class='ocr_line' id='line_1_46' title="bbox 109 2631 748 2673; baseline 0.002 -10"><span class='ocrx_word' id='word_1_305' title='bbox 109 2632 209 2663; x_wconf 87' lang='lat' dir='ltr'>Num.</span> <span class='ocrx_word' id='word_1_306' title='bbox 234 2632 336 2664; x_wconf 90' lang='lat' dir='ltr'>Vind.</span> <span class='ocrx_word' id='word_1_307' title='bbox 361 2643 393 2673; x_wconf 91' lang='lat' dir='ltr'><em>p.</em></span> <span class='ocrx_word' id='word_1_308' title='bbox 411 2631 497 2672; x_wconf 69' lang='lat'>108„</span> <span class='ocrx_word' id='word_1_309' title='bbox 521 2634 581 2665; x_wconf 91' lang='lat' dir='ltr'><em>ubi</em></span> <span class='ocrx_word' id='word_1_310' title='bbox 606 2633 646 2664; x_wconf 86' lang='lat' dir='ltr'>de</span> <span class='ocrx_word' id='word_1_311' title='bbox 669 2633 748 2664; x_wconf 85' lang='lat' dir='ltr'>Pla-</span> 
     </span>
     <span class='ocr_line' id='line_1_47' title="bbox 108 2677 749 2720; baseline 0 -12"><span class='ocrx_word' id='word_1_312' title='bbox 108 2677 221 2709; x_wconf 83' lang='lat' dir='ltr'>tonico</span> <span class='ocrx_word' id='word_1_313' title='bbox 261 2677 327 2710; x_wconf 81' lang='lat' dir='ltr'>hoe</span> <span class='ocrx_word' id='word_1_314' title='bbox 366 2678 528 2720; x_wconf 84' lang='lat' dir='ltr'>figmento</span> <span class='ocrx_word' id='word_1_315' title='bbox 562 2678 749 2720; x_wconf 84' lang='lat' dir='ltr'>disputavit</span> 
     </span>
     <span class='ocr_line' id='line_1_48' title="bbox 108 2721 260 2755; baseline 0 -1"><span class='ocrx_word' id='word_1_316' title='bbox 108 2721 260 2755; x_wconf 86' lang='lat' dir='ltr'>uberius.</span> 
     </span>
    </p>
   </div>
   <div class='ocr_carea' id='block_1_6' title="bbox 815 1907 1458 2767">
    <p class='ocr_par' dir='ltr' id='par_1_9' title="bbox 816 1907 1458 2042">
     <span class='ocr_line' id='line_1_49' title="bbox 863 1907 1458 1953; baseline 0 -12"><span class='ocrx_word' id='word_1_317' title='bbox 863 1911 904 1941; x_wconf 95' lang='lat' dir='ltr'>D.</span> <span class='ocrx_word' id='word_1_318' title='bbox 943 1909 1011 1941; x_wconf 81' lang='grc' dir='ltr'><em>καὶ</em></span> <span class='ocrx_word' id='word_1_319' title='bbox 1037 1907 1278 1953; x_wconf 76' lang='grc' dir='ltr'><em>Ἀρχέλαον]</em></span> <span class='ocrx_word' id='word_1_320' title='bbox 1303 1910 1458 1952; x_wconf 82' lang='lat' dir='ltr'>Respicit</span> 
     </span>
     <span class='ocr_line' id='line_1_50' title="bbox 816 1955 1456 1997; baseline 0.002 -11"><span class='ocrx_word' id='word_1_321' title='bbox 816 1956 858 1987; x_wconf 83' lang='lat' dir='ltr'><em>ad</em></span> <span class='ocrx_word' id='word_1_322' title='bbox 883 1955 959 1986; x_wconf 91' lang='lat' dir='ltr'>Poli</span> <span class='ocrx_word' id='word_1_323' title='bbox 984 1957 1214 1987; x_wconf 80' lang='lat' dir='ltr'>narrationem</span> <span class='ocrx_word' id='word_1_324' title='bbox 1239 1966 1312 1997; x_wconf 81' lang='lat' dir='ltr'>cap.</span> <span class='ocrx_word' id='word_1_325' title='bbox 1330 1956 1456 1988; x_wconf 92' lang='lat' dir='ltr'>XXVI.</span> 
     </span>
     <span class='ocr_line' id='line_1_51' title="bbox 816 1999 1358 2046; baseline -0.002 -13"><span class='ocrx_word' id='word_1_326' title='bbox 816 2005 849 2033; x_wconf 82' lang='lat' dir='ltr'><em>et</em></span> <span class='ocrx_word' id='word_1_327' title='bbox 873 2001 1016 2032; x_wconf 87' lang='lat' dir='ltr'>XXVII.</span> <span class='ocrx_word' id='word_1_328' title='bbox 1041 2011 1072 2042; x_wconf 90' lang='lat' dir='ltr'><em>p.</em></span> <span class='ocrx_word' id='word_1_329' title='bbox 1097 1999 1173 2033; x_wconf 79' lang='lat'>470.</span> <span class='ocrx_word' id='word_1_330' title='bbox 1198 2002 1240 2032; x_wconf 91' lang='lat' dir='ltr'>D.</span> <span class='ocrx_word' id='word_1_331' title='bbox 1247 2012 1358 2046; x_wconf 83' lang='lat' dir='ltr'>seqq.</span> 
     </span>
    </p>

    <p class='ocr_par' dir='ltr' id='par_1_10' title="bbox 815 2043 1457 2674">
     <span class='ocr_line' id='line_1_52' title="bbox 862 2043 1456 2079; baseline 0.003 -2"><span class='ocrx_word' id='word_1_332' title='bbox 862 2057 960 2079; x_wconf 84' lang='grc' dir='ltr'><em>του5</em></span> <span class='ocrx_word' id='word_1_333' title='bbox 994 2045 1183 2079; x_wconf 75' lang='grc' dir='ltr'><em>πολλοὺς</em></span> <span class='ocrx_word' id='word_1_334' title='bbox 1215 2047 1335 2078; x_wconf 73' lang='grc' dir='ltr'><em>εἰναι</em></span> <span class='ocrx_word' id='word_1_335' title='bbox 1360 2043 1456 2079; x_wconf 70' lang='grc' dir='ltr'><em>τοὺς</em></span> 
     </span>
     <span class='ocr_line' id='line_1_53' title="bbox 818 2090 1456 2134; baseline 0.003 -13"><span class='ocrx_word' id='word_1_336' title='bbox 818 2103 989 2122; x_wconf 86' lang='grc' dir='ltr'><em>τουτω11</em></span> <span class='ocrx_word' id='word_1_337' title='bbox 1029 2094 1109 2122; x_wconf 75' lang='grc' dir='ltr'><strong>τεῦ1</strong></span> <span class='ocrx_word' id='word_1_338' title='bbox 1150 2090 1323 2134; x_wconf 68' lang='grc' dir='ltr'><em>παραδ]</em></span> <span class='ocrx_word' id='word_1_339' title='bbox 1374 2091 1456 2123; x_wconf 81' lang='lat' dir='ltr'>Sen-</span> 
     </span>
     <span class='ocr_line' id='line_1_54' title="bbox 816 2136 1457 2168; baseline -0.002 0"><span class='ocrx_word' id='word_1_340' title='bbox 816 2136 921 2168; x_wconf 80' lang='lat' dir='ltr'>tentia</span> <span class='ocrx_word' id='word_1_341' title='bbox 953 2137 1038 2168; x_wconf 83' lang='lat' dir='ltr'>haee</span> <span class='ocrx_word' id='word_1_342' title='bbox 1070 2140 1137 2167; x_wconf 83' lang='lat' dir='ltr'>est:</span> <span class='ocrx_word' id='word_1_343' title='bbox 1169 2137 1367 2168; x_wconf 84' lang='lat' dir='ltr'>arbitror</span> <span class='ocrx_word' id='word_1_344' title='bbox 1391 2147 1457 2168; x_wconf 85' lang='lat' dir='ltr'><em>au—</em></span> 
     </span>
     <span class='ocr_line' id='line_1_55' title="bbox 817 2182 1456 2223; baseline 0 -11"><span class='ocrx_word' id='word_1_345' title='bbox 817 2186 895 2213; x_wconf 86' lang='lat' dir='ltr'><em>tem</em></span> <span class='ocrx_word' id='word_1_346' title='bbox 928 2182 1160 2223; x_wconf 89' lang='lat' dir='ltr'>plurimos,</span> <span class='ocrx_word' id='word_1_347' title='bbox 1201 2182 1274 2223; x_wconf 89' lang='lat' dir='ltr'><em>qui</em></span> <span class='ocrx_word' id='word_1_348' title='bbox 1308 2182 1456 2213; x_wconf 87' lang='lat' dir='ltr'>istius-</span> 
     </span>
     <span class='ocr_line' id='line_1_56' title="bbox 816 2227 1454 2268; baseline 0.002 -11"><span class='ocrx_word' id='word_1_349' title='bbox 816 2227 933 2258; x_wconf 87' lang='lat' dir='ltr'>modi</span> <span class='ocrx_word' id='word_1_350' title='bbox 992 2227 1298 2268; x_wconf 80' lang='lat' dir='ltr'>exemplorum</span> <span class='ocrx_word' id='word_1_351' title='bbox 1352 2227 1454 2259; x_wconf 85' lang='lat' dir='ltr'>loco</span> 
     </span>
     <span class='ocr_line' id='line_1_57' title="bbox 816 2272 1456 2314; baseline 0.002 -12"><span class='ocrx_word' id='word_1_352' title='bbox 816 2276 1135 2314; x_wconf 86' lang='lat' dir='ltr'>proponuntur,</span> <span class='ocrx_word' id='word_1_353' title='bbox 1168 2272 1308 2304; x_wconf 88' lang='lat' dir='ltr'>fuisse</span> <span class='ocrx_word' id='word_1_354' title='bbox 1331 2273 1456 2304; x_wconf 87' lang='lat' dir='ltr'>inter</span> 
     </span>
     <span class='ocr_line' id='line_1_58' title="bbox 816 2318 1456 2362; baseline 0.003 -15"><span class='ocrx_word' id='word_1_355' title='bbox 816 2322 1032 2358; x_wconf 86' lang='lat' dir='ltr'>tyrannos</span> <span class='ocrx_word' id='word_1_356' title='bbox 1071 2322 1111 2348; x_wconf 86' lang='lat' dir='ltr'><em>et</em></span> <span class='ocrx_word' id='word_1_357' title='bbox 1148 2328 1275 2362; x_wconf 64' lang='lat' dir='ltr'>reges</span> <span class='ocrx_word' id='word_1_358' title='bbox 1318 2323 1355 2349; x_wconf 89' lang='lat' dir='ltr'><em>et</em></span> <span class='ocrx_word' id='word_1_359' title='bbox 1391 2318 1456 2349; x_wconf 87' lang='lat' dir='ltr'><em>do-</em></span> 
     </span>
     <span class='ocr_line' id='line_1_59' title="bbox 815 2362 1453 2404; baseline 0.002 -11"><span class='ocrx_word' id='word_1_360' title='bbox 815 2363 966 2393; x_wconf 88' lang='lat' dir='ltr'>minos.</span> <span class='ocrx_word' id='word_1_361' title='bbox 1012 2364 1157 2404; x_wconf 75' lang='lat' dir='ltr'>iungas:</span> <span class='ocrx_word' id='word_1_362' title='bbox 1199 2363 1291 2401; x_wconf 75' lang='grc' dir='ltr'><em>οἶμαι</em></span> <span class='ocrx_word' id='word_1_363' title='bbox 1327 2362 1366 2394; x_wconf 84' lang='grc' dir='ltr'><em>δὲ</em></span> <span class='ocrx_word' id='word_1_364' title='bbox 1399 2363 1453 2394; x_wconf 83' lang='grc' dir='ltr'><em>καὶ</em></span> 
     </span>
     <span class='ocr_line' id='line_1_60' title="bbox 816 2405 1455 2444; baseline 0.003 -6"><span class='ocrx_word' id='word_1_365' title='bbox 816 2405 896 2439; x_wconf 69' lang='grc' dir='ltr'><em>τοὺς</em></span> <span class='ocrx_word' id='word_1_366' title='bbox 928 2407 1088 2444; x_wconf 75' lang='grc' dir='ltr'><em>πολλούς</em></span> <span class='ocrx_word' id='word_1_367' title='bbox 1122 2407 1201 2441; x_wconf 80' lang='grc' dir='ltr'><em>τοὺς</em></span> <span class='ocrx_word' id='word_1_368' title='bbox 1234 2405 1363 2440; x_wconf 69' lang='grc' dir='ltr'><em>τούτων</em></span> <span class='ocrx_word' id='word_1_369' title='bbox 1388 2411 1455 2440; x_wconf 83' lang='grc' dir='ltr'><em>τῶν</em></span> 
     </span>
     <span class='ocr_line' id='line_1_61' title="bbox 818 2451 1454 2495; baseline 0.003 -12"><span class='ocrx_word' id='word_1_370' title='bbox 818 2451 1102 2495; x_wconf 76' lang='grc' dir='ltr'><em>παραδειγμάτωι</em></span> <span class='ocrx_word' id='word_1_371' title='bbox 1145 2453 1238 2494; x_wconf 91' lang='lat' dir='ltr'>(qui</span> <span class='ocrx_word' id='word_1_372' title='bbox 1275 2457 1375 2485; x_wconf 85' lang='lat' dir='ltr'>sunt</span> <span class='ocrx_word' id='word_1_373' title='bbox 1411 2454 1454 2485; x_wconf 85' lang='lat' dir='ltr'><em>in</em></span> 
     </span>
     <span class='ocr_line' id='line_1_62' title="bbox 816 2498 1456 2539; baseline 0.002 -10"><span class='ocrx_word' id='word_1_374' title='bbox 816 2498 965 2529; x_wconf 89' lang='lat' dir='ltr'>horum</span> <span class='ocrx_word' id='word_1_375' title='bbox 996 2498 1293 2539; x_wconf 84' lang='lat' dir='ltr'>exemplorum</span> <span class='ocrx_word' id='word_1_376' title='bbox 1318 2509 1456 2530; x_wconf 88' lang='lat' dir='ltr'>nume-</span> 
     </span>
     <span class='ocr_line' id='line_1_63' title="bbox 817 2542 1454 2589; baseline 0 -15"><span class='ocrx_word' id='word_1_377' title='bbox 817 2544 892 2583; x_wconf 82' lang='lat' dir='ltr'>ro),</span> <span class='ocrx_word' id='word_1_378' title='bbox 917 2554 1009 2574; x_wconf 73' lang='grc' dir='ltr'><em>ειται</em></span> <span class='ocrx_word' id='word_1_379' title='bbox 1021 2555 1205 2589; x_wconf 83' lang='grc' dir='ltr'><em>γεγο1οτα5</em></span> <span class='ocrx_word' id='word_1_380' title='bbox 1219 2542 1255 2574; x_wconf 82' lang='grc' dir='ltr'><em>ἐκ</em></span> <span class='ocrx_word' id='word_1_381' title='bbox 1275 2542 1454 2583; x_wconf 81' lang='grc' dir='ltr'><em>τυράννω1</em></span> 
     </span>
     <span class='ocr_line' id='line_1_64' title="bbox 818 2586 1453 2631; baseline 0 -12"><span class='ocrx_word' id='word_1_382' title='bbox 818 2600 845 2619; x_wconf 84' lang='grc' dir='ltr'><em>κ.</em></span> <span class='ocrx_word' id='word_1_383' title='bbox 873 2601 896 2619; x_wconf 87' lang='grc' dir='ltr'><em>τ.</em></span> <span class='ocrx_word' id='word_1_384' title='bbox 921 2589 947 2619; x_wconf 79' lang='grc' dir='ltr'><em>λ.</em></span> <span class='ocrx_word' id='word_1_385' title='bbox 1002 2590 1053 2620; x_wconf 86' lang='lat' dir='ltr'>De</span> <span class='ocrx_word' id='word_1_386' title='bbox 1086 2590 1177 2620; x_wconf 75' lang='grc' dir='ltr'><em>εἰναι</em></span> <span class='ocrx_word' id='word_1_387' title='bbox 1208 2586 1391 2631; x_wconf 71' lang='grc' dir='ltr'><em>γεγοιότας</em></span> <span class='ocrx_word' id='word_1_388' title='bbox 1421 2599 1453 2620; x_wconf 92' lang='lat' dir='ltr'><em>v.</em></span> 
     </span>
     <span class='ocr_line' id='line_1_65' title="bbox 817 2633 1452 2674; baseline 0.002 -10"><span class='ocrx_word' id='word_1_389' title='bbox 817 2638 932 2665; x_wconf 80' lang='lat' dir='ltr'>annot.</span> <span class='ocrx_word' id='word_1_390' title='bbox 957 2633 999 2665; x_wconf 82' lang='lat' dir='ltr'><em>ad</em></span> <span class='ocrx_word' id='word_1_391' title='bbox 1015 2634 1188 2666; x_wconf 83' lang='lat' dir='ltr'>Phaedon.</span> <span class='ocrx_word' id='word_1_392' title='bbox 1206 2644 1238 2674; x_wconf 93' lang='lat' dir='ltr'><em>p.</em></span> <span class='ocrx_word' id='word_1_393' title='bbox 1257 2633 1332 2666; x_wconf 89' lang='grc'><strong>100.</strong></span> <span class='ocrx_word' id='word_1_394' title='bbox 1350 2635 1390 2667; x_wconf 92' lang='lat' dir='ltr'><em>D.</em></span> <span class='ocrx_word' id='word_1_395' title='bbox 1409 2634 1452 2667; x_wconf 85' lang='lat' dir='ltr'><em>al.</em></span> 
     </span>
    </p>

    <p class='ocr_par' dir='ltr' id='par_1_11' title="bbox 818 2677 1453 2767">
     <span class='ocr_line' id='line_1_66' title="bbox 863 2677 1453 2721; baseline 0.003 -12"><span class='ocrx_word' id='word_1_396' title='bbox 863 2678 930 2710; x_wconf 83' lang='grc' dir='ltr'><em>καὶ</em></span> <span class='ocrx_word' id='word_1_397' title='bbox 958 2677 1158 2721; x_wconf 70' lang='grc' dir='ltr'><em>Όμηρος]</em></span> <span class='ocrx_word' id='word_1_398' title='bbox 1193 2679 1387 2721; x_wconf 81' lang='lat' dir='ltr'>Respicitur</span> <span class='ocrx_word' id='word_1_399' title='bbox 1411 2679 1453 2711; x_wconf 83' lang='lat' dir='ltr'><em>ad</em></span> 
     </span>
     <span class='ocr_line' id='line_1_67' title="bbox 818 2722 1267 2767; baseline 0.002 -12"><span class='ocrx_word' id='word_1_400' title='bbox 818 2723 941 2766; x_wconf 87' lang='lat' dir='ltr'>Odyss.</span> <span class='ocrx_word' id='word_1_401' title='bbox 965 2722 1002 2756; x_wconf 77' lang='grc' dir='ltr'><em>λ’.</em></span> <span class='ocrx_word' id='word_1_402' title='bbox 1027 2736 1057 2757; x_wconf 90' lang='lat' dir='ltr'><em>v.</em></span> <span class='ocrx_word' id='word_1_403' title='bbox 1084 2723 1151 2758; x_wconf 78' lang='lat'><em>575</em></span> <span class='ocrx_word' id='word_1_404' title='bbox 1175 2735 1267 2767; x_wconf 86' lang='lat' dir='ltr'>seqq.</span> 
     </span>
    </p>
   </div>
   <div class='ocr_carea' id='block_1_7' title="bbox 1485 415 1526 456">
    <p class='ocr_par' dir='ltr' id='par_1_12' title="bbox 1485 415 1526 456">
     <span class='ocr_line' id='line_1_68' title="bbox 1485 415 1526 456; baseline 0 0"><span class='ocrx_word' id='word_1_405' title='bbox 1485 415 1526 456; x_wconf 93' lang='lat' dir='ltr'>D</span> 
     </span>
    </p>
   </div>
   <div class='ocr_carea' id='block_1_8' title="bbox 1484 941 1522 984">
    <p class='ocr_par' dir='ltr' id='par_1_13' title="bbox 1484 941 1522 984">
     <span class='ocr_line' id='line_1_69' title="bbox 1484 941 1522 984; baseline 0 0"><span class='ocrx_word' id='word_1_406' title='bbox 1484 941 1522 984; x_wconf 90' lang='lat' dir='ltr'><strong>E</strong></span> 
     </span>
    </p>
   </div>
  </div>
 </body>
</html>
