1687 2969
536 132 578 136 —-
650 111 764 149 XLVII
836 130 876 134 ——

37 227 101 278 Ε..
135 241 219 281 quo
251 232 471 280 postremo
502 224 599 265 loco
632 239 682 264 ea
713 223 901 264 omnium
933 222 1224 265 doctrinarum
1248 223 1302 264 ad
1330 224 1381 264 li-

33 283 221 325 beralem
250 282 405 323 mentis
437 281 651 335 animique
692 280 854 321 cultum
892 281 1229 322 necessariarum
1270 296 1380 336 apex

33 340 124 381 sive
158 337 350 394 θριγκός
383 337 636 394 appellatur.
716 337 809 378 Iam
848 352 952 377 vero
984 336 1020 377 si
1050 337 1293 391 quaerimus
1327 337 1380 378 de

32 396 212 438 materia
250 396 333 452 ipsi
371 395 590 447 subiecta,
621 399 713 435 tota
744 393 817 434 illa
846 393 1034 450 pertinet
1062 392 1120 442 ad.
1152 396 1200 435 ro
1234 393 1284 436 ὸίν
1312 394 1381 436 vel

34 452 84 495 τὸ
124 451 310 502 ταύτόν,
352 458 503 507 estque
532 451 659 507 plane
701 449 723 502 ἡ
756 454 850 507 περὶ
886 448 933 493 τὸ
976 446 1027 492 ὃν
1058 454 1129 492 καί
1162 448 1209 492 τὸ
1243 448 1382 500 ὄντως

35 512 107 552 καὶ
125 508 174 552 τὸ
193 507 303 551 κατὰ
316 509 476 551 ταύτὸν
489 508 553 551 ἀει
565 524 650 561 neq
659 505 762 557 υκὸς
779 505 959 558 &marisia
971 524 1006 558 η,
1020 506 1380 561 quemadmodum

35 566 293 609 describitur
321 565 492 607 Phileb.
520 581 563 620 p.
588 565 654 606 58.
682 566 739 606 Α.
772 563 990 617 Quocirca
1009 564 1258 618 neutiquam
1279 580 1381 606 con-

35 623 256 665 fundenda
286 629 351 664 est
382 637 480 664 cum
512 627 601 663 arte
631 622 773 678 logica
802 627 972 669 nostra,
1015 636 1124 675 quae
1156 636 1293 662 meras
1325 622 1382 662 ri-

35 686 177 722 matur
208 678 430 736 cogitandi
462 679 619 721 formas
650 685 780 733 atque
812 678 1026 730 notiones,
1047 693 1149 719 vera
1180 678 1381 730 essentia,

36 752 165 791 quam
200 736 344 778 dicere
360 736 521 789 licebit,
540 741 736 777 carentes
753 742 797 777 et
815 735 980 776 inanes.
1017 734 1246 777 Subiectas
1271 735 1384 776 enirn

37 793 118 835 sibi
147 793 280 835 habet
307 792 427 835 ideas
461 794 616 848 (ἰδέας,
647 792 776 847 εἴδη),
809 807 918 846 quae
949 807 1093 833 veram
1123 807 1265 833 rerum
1294 792 1380 833 vim

37 856 80 891 et
108 856 306 892 naturam
344 850 587 902 continent,
623 865 881 904 quamquam
912 864 986 890 eae
1009 849 1162 890 inentis
1195 848 1384 890 notioni-

35 907 118 949 bus
148 907 299 961 utique
330 916 431 948 sunt
461 907 783 959 convenientes,
815 922 855 946 v.
875 906 944 947 De
974 905 1083 961 Rep.
1108 905 1189 947 VI.
1222 922 1264 962 p.
1288 907 1384 947 511.

38 963 90 1004 B.
134 963 239 1005 VII.
278 979 321 1019 p.
368 964 464 1005 532.
505 964 561 1005 Α.
605 963 666 1005 Χ.
699 979 741 1018 p.
775 964 869 1004 596.
901 963 956 1003 Α.
989 961 1182 1018 Sophist.
1214 979 1255 1018 p.
1289 964 1383 1004 218.

40 1018 91 1061 C.
124 1021 322 1061 Parmen.
346 1020 428 1073 in.,
463 1026 511 1060 ut
541 1035 621 1061 nec
653 1036 677 1060 a
707 1019 1014 1076 metaphysica,
1048 1035 1157 1073 quae
1188 1026 1382 1072 vocatur,

36 1075 209 1117 diversa
240 1077 318 1129 sit,
354 1077 482 1118 sicuti
521 1076 685 1117 dudum
715 1083 1030 1132 perspexerunt
1063 1075 1380 1118 Cassiodor.

35 1133 106 1174 De
121 1133 304 1174 Artibus
321 1148 357 1174 c.
376 1135 414 1175 3.
442 1133 518 1175 Isi
535 1132 663 1174 doru
677 1148 695 1174 s
718 1132 841 1189 Orig.
858 1132 917 1174 II.
938 1134 1000 1176 24.
1018 1133 1088 1173 alii
1104 1133 1239 1174 multi.
1265 1132 1383 1186 Quin

35 1189 163 1231 etiam
192 1189 309 1231 valet
337 1189 394 1230 ad
424 1189 772 1246 cognoscendam
820 1189 1083 1244 singularum
1112 1205 1254 1231 rerum
1286 1205 1383 1232 cum

34 1251 128 1287 tota
137 1261 278 1287 rerum
288 1246 568 1287 universitate
583 1246 931 1288 coniunctionem
943 1261 992 1288 ac
1002 1246 1382 1299 uecessitudinem,

36 1303 127 1345 sine
147 1318 232 1358 qua
244 1316 374 1358 quum
395 1303 513 1344 nulla
538 1303 711 1345 omnino
728 1303 956 1359 disciplina
966 1310 1056 1344 tum
1070 1319 1147 1345 nec
1160 1319 1227 1345 ars
1239 1304 1383 1345 rheto-

36 1360 125 1401 rica
140 1360 228 1401 ullo
247 1359 376 1401 modo
396 1360 632 1402 consistere
647 1366 806 1416 potest.
819 1377 859 1402 v.
881 1360 1065 1401 Phaedr.
1083 1377 1122 1416 p.
1139 1361 1234 1403 259.
1256 1359 1306 1402 C.
1325 1361 1382 1402 D.

36 1423 80 1458 et
117 1416 212 1458 261.
254 1415 305 1458 C.
348 1431 445 1472 sqq.
513 1417 670 1471 Itaque
714 1417 798 1473 ipsi
838 1417 1012 1459 omnino
1054 1418 1279 1473 proposita
1319 1424 1385 1460 est

36 1473 217 1515 scientia
254 1479 298 1515 et
348 1473 540 1530 cognitio
583 1489 762 1528 eorum,
824 1490 933 1529 quae
974 1475 1233 1531 sempiterna
1285 1482 1385 1517 sunt

36 1545 245 1584 quaeque
286 1530 329 1571 vi
366 1546 416 1572 ac
454 1536 608 1572 natura
647 1546 725 1572 sua
762 1537 972 1588 perpetuo
1015 1538 1230 1586 constant,
1278 1532 1385 1573 nulli

37 1586 233 1629 subiecta
244 1602 385 1628 rerum
405 1586 763 1643 adspectabilium
777 1588 1066 1630 vicissitudini
1085 1605 1135 1631 ac
1146 1589 1385 1631 mutationi.

38 1643 108 1684 De
147 1643 314 1684 ratione
354 1650 497 1685 autem
547 1650 675 1699 atque
720 1645 791 1686 via
837 1645 911 1687 ubi
953 1646 1248 1699 sciscitamur,
1300 1659 1386 1701 qua

37 1699 234 1742 doctrina
281 1700 651 1756 praestantissima
706 1701 944 1744 secundum
994 1702 1242 1759 philosophi
1285 1718 1386 1744 sen-

35 1757 215 1798 tentiam
270 1757 315 1798 in
375 1757 575 1799 obeundo
618 1774 795 1800 munere
835 1765 879 1800 et
922 1759 1068 1801 officio
1113 1775 1191 1801 suo
1231 1760 1385 1813 utitur,

34 1814 257 1870 proprium
298 1814 381 1870 ipsi
420 1813 504 1856 hoc
545 1829 639 1856 esse
678 1815 918 1869 iudicatur,
960 1823 1009 1857 ut
1047 1832 1189 1858 rerum
1227 1832 1388 1873 genera

38 1885 88 1912 ac
127 1871 286 1913 formas
324 1870 405 1912 rite
444 1878 665 1926 secernat,
698 1872 963 1930 distinguat,
997 1874 1162 1930 iungat,
1196 1874 1385 1930 copulet,

37 1942 174 1982 eoque
215 1927 344 1970 modo
387 1927 578 1983 efficiat,
619 1936 668 1970 ut
710 1930 772 1971 rei
817 1930 1026 1985 cuiusque
1066 1936 1220 1971 natura
1259 1946 1388 1985 quam

39 1985 358 2027 accuratissime
408 1986 751 2042 pervestigetur,
795 1987 1064 2044 exploretur,
1106 1987 1386 2044 intelligatur.

38 2040 108 2081 Ex
155 2056 241 2096 quo
294 2042 493 2083 oriuntur
554 2044 858 2086 celeberrimae
904 2044 1003 2086 illae
1052 2050 1287 2098 ()ιαιρὲσεις
1345 2052 1389 2086 et

37 2103 310 2152 συναγωγαί,
357 2098 774 2143 disiunctiones
845 2108 886 2142 et
949 2101 1388 2156 conductiones,

39 2168 218 2207 quarum
255 2155 382 2197 Plato
420 2162 583 2198 tantam
620 2157 707 2199 vim
737 2173 831 2200 esse
869 2157 1099 2212 iudicavit,
1141 2165 1189 2198 ut
1219 2158 1308 2199 sine
1335 2158 1388 2200 iis

41 2224 118 2252 nec
146 2227 295 2253 verum
327 2212 537 2254 falsumve
571 2213 797 2256 diiudicari
827 2230 907 2256 nec
939 2215 1056 2256 cerni
1080 2215 1391 2269 consequentia

41 2280 120 2308 nec
131 2269 420 2325 repugnantia
439 2269 723 2312 animadverti
741 2277 816 2313 aut
827 2272 1031 2327 ambigua
1044 2271 1251 2328 distingui
1262 2287 1390 2328 posse

42 2322 360 2379 existimaverit,
399 2341 509 2381 qua-e
532 2327 707 2382 quidem
731 2343 861 2383 quum
884 2328 985 2370 alibi
1016 2335 1107 2370 tum
1138 2328 1319 2370 maxime
1346 2329 1392 2370 in

40 2377 240 2422 Phaedro
270 2399 312 2438 p.
335 2384 431 2425 263.
459 2383 512 2425 E.
531 2410 585 2415 —-
609 2385 704 2426 266.
740 2384 790 2427 C.
824 2391 866 2426 et
893 2401 933 2441 p.
966 2386 1061 2428 270.
1087 2384 1389 2428 C.—272.D.

42 2441 85 2476 et
96 2452 137 2491 p.
152 2437 372 2481 276—279
386 2440 671 2483 illustrantur.
703 2442 920 2483 Nimirum
941 2448 1043 2484 sunt
1054 2442 1134 2484 hae
1156 2442 1390 2485 divisiones

40 2498 83 2532 et
121 2492 430 2539 conductiones
471 2497 527 2538 ad
568 2498 847 2555 cogitandum
877 2499 1040 2563 pariter
1078 2506 1208 2555 atque
1240 2499 1295 2541 ad
1326 2499 1391 2541 di-

42 2548 228 2590 cendum
256 2551 382 2606 plane
421 2557 714 2609 necessariae,
755 2571 805 2597 ac
851 2571 890 2598 sl
929 2557 1025 2611 quis
1054 2562 1200 2613 potest
1229 2572 1392 2598 unum

40 2611 81 2646 et
110 2607 305 2670 multa,
337 2608 383 2651 ἓν
421 2614 493 2654 καὶ
524 2611 678 2661 πολλά,
710 2612 751 2653 h.
784 2627 820 2653 e.
862 2628 1069 2669 genera
1100 2619 1143 2655 et
1171 2619 1389 2670 partes,

39 2670 153 2704 recte
193 2662 459 2720 discernere,
517 2669 550 2709 is
597 2669 747 2710 merito
812 2669 995 2712 habetur
1053 2670 1391 2711 dialecticus
