1687 2969
758 127 801 133 -
873 106 1002 146 cxvm
1075 126 1115 131 -

268 235 454 277 quonam
495 226 688 277 tempore
727 220 1028 263 celeberrimus
1069 224 1214 261 orator
1240 218 1292 261 de
1322 218 1538 261 mutandis
1568 229 1611 261 et

267 276 534 334 corrigendis
576 277 680 319 artis
720 277 959 320 rhetoricae
999 276 1238 318 rationibus
1279 276 1470 331 cogitare
1513 291 1610 318 coe-

266 335 389 391 perit.
448 333 642 376 Narrant
662 335 775 377 enim
805 334 1097 390 Longinus
1130 333 1201 374 De
1233 332 1411 375 Sublim.
1441 335 1481 375 4.
1512 332 1611 375 Di-

269 406 421 448 onys.
510 391 579 432 De
631 389 783 446 Comp.
831 391 966 432 Verb.
1015 406 1056 445 p.
1107 390 1203 430 406.
1264 388 1330 430 ed.
1391 388 1611 432 Schaefer.

269 448 507 501 Quintil.
577 448 717 490 Instit.
760 447 898 489 Oratt.
938 447 998 488 X.
1033 448 1073 488 4.
1119 448 1159 487 4.
1192 445 1536 487 Plutarchus
1569 462 1611 502 p.

268 507 364 547 350.
396 505 449 546 E.
482 505 556 547 ubi
584 522 623 546 v.
656 503 1042 560 WVyttenbach
1082 503 1196 547 Voll.
1234 502 1338 544 VII.
1369 518 1411 558 p.
1446 503 1539 543 156.
1572 509 1615 544 et

271 563 378 604 Vitt.
418 561 478 604 X.
518 560 659 604 Oratt.
700 577 742 617 p.
786 563 880 603 332.
912 560 977 602 ed.
1018 559 1194 614 Reisk.‚
1238 559 1332 613 alii,
1373 574 1471 600 eum
1508 559 1615 600 scri-

268 618 411 661 bendo
447 618 718 674 Panegyrico
763 618 954 673 integros
986 615 1135 658 decem
1165 616 1235 658 vel
1265 615 1511 670 quindecim
1540 631 1615 657 an-

268 691 347 717 nos
387 675 662 731 impendisse.
722 673 853 727 Quod
884 674 920 716 si
951 689 1048 715 vere
1079 679 1297 714 narratum
1328 679 1415 726 est,
1462 678 1615 729 sponte

270 733 570 787 consequitur,
610 737 658 772 ut
695 730 779 772 ista
818 730 997 772 oratoris
1037 729 1180 771 studia
1226 736 1268 771 et
1299 729 1478 772 consilia
1505 730 1617 771 refe-

270 789 404 830 renda
445 789 532 830 sint
561 787 616 828 ad
648 786 822 843 Olymp.
854 786 1047 829 XCVII.
1080 788 1118 828 3.
1150 786 1362 842 siquidem
1393 786 1617 841 scriptioni

271 861 373 888 suae
405 845 552 887 decem
569 845 721 886 tribuit
751 859 900 898 annos,
932 850 1007 885 aut
1036 842 1090 884 ad
1123 842 1296 899 Olymp.
1328 841 1547 884 XCVIII.
1579 844 1617 884 2.

271 903 308 943 si
347 901 487 944 eidem
529 900 773 955 quindecim
813 915 1021 942 annorum
1062 906 1232 956 tempus
1264 898 1487 954 impendit.
1548 899 1619 940 Ex

272 959 428 1013 quibus
469 965 613 999 tamen
657 957 776 1014 prius
827 957 998 998 videtur
1038 971 1131 998 esse
1181 956 1460 1011 probabilius.
1530 955 1620 998 Sed

272 1015 388 1058 istud
429 1014 605 1070 quidem
635 1022 857 1069 utcunque
888 1028 982 1056 sese
1012 1013 1167 1067 habet,
1201 1012 1344 1054 omnia
1375 1019 1490 1055 certe
1523 1028 1621 1054 cum

273 1080 423 1115 nostra
464 1072 631 1114 ratione
683 1077 930 1127 congruunt
985 1070 1251 1112 mirabiliter.
1338 1068 1450 1112 Sunt
1508 1069 1621 1111 enim

272 1129 380 1171 haec
412 1130 507 1185 ipsa
536 1129 609 1169 illa
638 1134 857 1185 tempora,
895 1127 1050 1182 quibus
1091 1126 1143 1168 de
1174 1126 1368 1168 Isocrate
1397 1126 1622 1168 verissime

275 1186 404 1228 scribi
441 1191 701 1243 potuerunt,
747 1200 856 1239 quae
898 1185 941 1225 in
970 1183 1172 1225 Phaedro
1205 1182 1258 1224 de
1290 1198 1340 1225 eo
1372 1183 1534 1239 scripta
1562 1183 1624 1224 le-

274 1249 458 1299 guntur,
490 1242 742 1298 praesertim
783 1257 914 1296 quum
943 1240 1013 1281 ille
1042 1246 1132 1281 tum
1164 1240 1291 1280 etiam
1321 1240 1622 1294 intellexisset,

275 1300 579 1354 eloquentiam,
614 1299 785 1340 eristica
816 1299 868 1340 ab
901 1313 952 1338 ea
981 1297 1135 1353 procul
1164 1296 1326 1350 habita,
1358 1312 1456 1338 cum
1483 1296 1623 1353 philo-

275 1357 427 1412 sophia
467 1371 561 1398 esse
593 1356 753 1397 arctius
786 1353 1160 1410 coniungendam,
1206 1360 1255 1394 ut
1283 1353 1539 1410 intelligitur
1570 1368 1623 1395 ex

274 1413 456 1455 Encom.
514 1413 615 1455 Hel.
668 1413 705 1467 ξ.
761 1414 795 1454 1.
843 1411 958 1454 Adv.
1002 1410 1194 1466 Sophist.
1236 1411 1273 1465 ξ.
1310 1412 1345 1451 l.
1377 1410 1622 1451 Panathen.

275 1472 312 1526 ξ.
348 1472 412 1511 12.
445 1485 508 1525 sq.
539 1470 608 1511 De
641 1468 843 1511 Antidos.
875 1470 912 1523 ξ.
945 1469 983 1510 3.
1016 1469 1052 1522 ξ.
1084 1468 1151 1508 45.
1183 1468 1221 1522 ξ.
1255 1468 1350 1508 271.
1385 1467 1481 1508 coll.
1509 1467 1624 1508 Pan-

277 1543 341 1583 eg.
393 1542 487 1581 cap.
533 1529 568 1567 1.
602 1532 708 1568 extr.
753 1532 795 1567 et
827 1525 1068 1578 Quintil.
1109 1524 1218 1567 Inst.
1247 1524 1307 1566 II.
1343 1525 1409 1577 15,
1442 1525 1508 1566 33.
1539 1523 1625 1565 Re-

277 1584 358 1626 diit
396 1585 508 1625 enim
537 1583 680 1636 Plato,
723 1589 770 1623 ut
800 1583 884 1623 iam
914 1588 1040 1623 antea
1067 1580 1266 1633 diximus,
1301 1596 1354 1621 ex
1383 1581 1521 1635 prima
1550 1595 1624 1635 pe-

276 1641 567 1698 regrinatione
609 1639 784 1696 Olymp.
816 1637 1012 1680 XCVII.
1042 1640 1082 1680 4.
1111 1637 1180 1678 vel
1209 1636 1428 1679 XCVIII.
1463 1637 1520 1678 in.
1551 1652 1625 1679 eo-

278 1698 460 1752 demque
501 1698 633 1738 ferme
673 1703 866 1752 tempore
907 1695 1080 1737 scholas
1119 1694 1163 1735 in
1202 1693 1441 1736 Academia
1470 1693 1627 1735 habere

278 1754 520 1808 constituit,
553 1755 675 1795 cuius
707 1753 875 1795 consilii
905 1752 972 1793 sui
1003 1752 1048 1792 111
1075 1750 1274 1792 Phaedro
1306 1750 1625 1805 quodammodo

278 1811 459 1853 reddere
498 1811 707 1852 rationem
746 1815 926 1851 conatus
968 1814 1045 1850 est.
1108 1806 1325 1860 Quocirca
1354 1813 1461 1860 tum,
1495 1822 1626 1861 quum

279 1868 447 1910 videret
487 1874 531 1908 et
560 1866 844 1907 admiraretur
870 1864 1087 1907 insolitam
1115 1863 1455 1920 magnitudinem
1485 1864 1625 1905 consi-

278 1926 447 1978 liorum,
480 1939 589 1979 quae
621 1924 673 1965 ab
705 1923 899 1964 Isocrate
930 1927 1056 1977 capta
1087 1927 1245 1974 essent,
1277 1920 1370 1961 fieri
1401 1935 1503 1962 sane
1534 1935 1626 1962 rec-

279 1982 443 2024 tissime
483 1980 638 2036 potuit,
671 1987 719 2021 ut
747 1980 887 2035 ipsum
919 1983 1090 2020 ornaret
1118 1978 1171 2018 iis
1202 1977 1428 2031 laudibus,
1469 1977 1626 2031 quibus

279 2055 376 2081 eum
405 2038 450 2079 in
479 2037 677 2078 Phaedro
708 2052 785 2092 per
814 2035 1006 2079 Socratis
1039 2034 1287 2076 vaticinium
1318 2033 1474 2075 affecit.
1534 2033 1628 2075 No-

279 2112 334 2138 va
364 2096 477 2137 enim
504 2094 701 2150 profecto
733 2099 851 2134 erant
880 2093 962 2134 ista
992 2091 1176 2133 rhetoris
1210 2090 1379 2143 studia,
1423 2105 1474 2132 ac
1505 2096 1626 2131 tanto

279 2152 417 2208 magis
449 2151 624 2192 laudum
653 2149 972 2205 praedicatione
1004 2148 1149 2203 digna,
1182 2163 1266 2202 quo
1298 2147 1476 2202 propius
1508 2153 1629 2188 erant

282 2225 379 2251 cum
415 2207 691 2264 philosophia
721 2207 964 2249 coniuncta.
1025 2206 1121 2247 Nec
1152 2220 1254 2246 vero
1287 2204 1380 2246 aliis
1415 2203 1469 2244 de
1503 2218 1627 2245 caus-

283 2267 340 2308 sis
372 2265 564 2306 mirabile
595 2273 661 2306 est
691 2263 809 2319 quod
836 2262 1120 2320 philosophus
1141 2267 1352 2303 oratorem
1383 2260 1466 2302 isto
1497 2259 1626 2301 modo

284 2322 500 2365 salutavit.
559 2322 674 2363 Nam
715 2321 896 2377 primum
933 2320 1015 2375 ipsi
1055 2319 1163 2360 bene
1203 2318 1404 2373 cupiebat
1434 2316 1627 2370 adeoque

285 2379 540 2421 coniunctus
585 2383 675 2419 erat
714 2377 925 2419 amicitiae
965 2383 1008 2417 et
1046 2374 1347 2416 familiaritatis
1390 2374 1628 2415 necessitu-

286 2436 408 2488 dine,
460 2434 588 2476 sicuti
624 2448 676 2475 ex
725 2434 882 2491 Diog.
932 2432 1116 2474 Laert.
1157 2431 1240 2472 III.
1282 2433 1320 2472 8.
1361 2430 1625 2485 intelligitur.

286 2492 459 2535 Deinde
500 2491 649 2547 procul
681 2491 811 2533 dubio
857 2506 953 2532 eum
983 2489 1109 2529 etiam
1140 2494 1187 2529 ut
1215 2494 1405 2529 veterem
1437 2486 1628 2529 Socratis

288 2548 548 2605 discipulum
579 2549 748 2590 amabat
778 2563 826 2589 ac
846 2546 1064 2603 diligebat,
1099 2544 1451 2600 quandoquidem
1482 2543 1630 2584 rhetor

287 2614 396 2648 teste
425 2607 587 2647 Anon
604 2620 723 2660 ymo
754 2605 960 2660 scriptore
991 2602 1081 2644 Vit.
1114 2602 1293 2643 Isocrat.
1324 2618 1367 2658 p.
1399 2599 1526 2641 VIII.
1550 2598 1627 2640 ed.

289 2663 375 2709 Din
385 2661 424 2706 d.
438 2661 561 2715 Lips.
577 2661 675 2704 olim
689 2661 815 2703 etiam
843 2659 1068 2716 disciplina
1083 2658 1402 2700 etinstitutione
1435 2655 1629 2698 Socratis
