1687 2969
455 167 706 206 GORGIAS.
746 168 791 206 P.
824 170 918 206 511.
949 167 1010 205 ed.
1042 167 1098 206 St.
1382 168 1459 204 291

110 274 162 316 τὰ
190 275 363 329 σώματα
391 275 463 317 καὶ
502 276 552 317 τὰ
590 277 780 329 χρήματα
820 274 865 316 ἐκ
902 277 990 316 τῶν
1009 274 1204 336 ,ἐσχάτων
1233 274 1463 320 κινδύνωνἢ

111 339 249 393 ὥςπερ
290 340 319 394 ή
360 340 575 395 ῥητορική.
624 339 693 382 καὶ
733 340 838 394 αὕτη
886 340 963 394 μὲν
992 337 1340 394 προςεσταλμένη
1379 339 1463 381 ἐστὶ

110 405 182 446 καὶ
210 405 390 458 κοσμία,
428 405 498 447 καὶ
527 406 579 446 οὐ
608 406 858 459 σεμνύνεται
887 405 1217 460 ἐσχηματισμένη
1247 406 1304 454 ὡς
1339 406 1464 457 ὑπερ-

110 471 283 524 ήφανόν
321 486 359 511 τι
410 470 774 524 διαπραττομένη,
826 471 931 512 cmo.
970 471 1104 512 ταύτὰ
1151 470 1465 524 διαπραξαμὲνη

111 541 161 589 τῇ
190 535 398 589 δικανικῇ,
429 535 504 576 ἐὰν
532 535 610 588 μὲν
639 535 678 586 ἐξ
708 536 886 589 Αἰγίνης
914 537 1040 588 δεῦρο
1071 538 1208 589 σώσῃ,
1239 552 1370 590 οιμαι
1401 531 1466 576 δύ’

111 599 295 651 ὀβολοὺς
325 599 558 653 ἐπράξατο,
602 599 676 641 ἐὰν
717 600 760 641 ὁὲ
790 599 830 651 ἐξ
861 602 1087 654 Αἰγύπτου
1116 601 1140 654 ἢ
1171 600 1216 642 ἐκ
1244 607 1321 641 τοῦ
1351 602 1463 641 Πόν-

112 681 214 714 του,
255 664 330 706 ἐὰν
357 666 561 718 πάμπολυ
590 666 746 718 ταύτης
773 672 846 719 τῆς
873 668 1054 720 μεγάλης
1084 667 1345 718 εὐεργεσίας,
1386 668 1461 706 σώ-

113 727 204 770 σασ’
235 731 261 770 ἃ
289 736 372 771 νῦν
401 729 453 784 δὴ
491 729 657 783 ἔλεγον,
700 730 770 771 καὶ
799 732 932 772 αὐτὸν
962 732 1031 773 καὶ
1067 731 1222 779 παῖδας
1261 731 1331 771 καὶ
1369 732 1463 784 χρή-

111 810 222 847 ματα
260 794 329 835 καὶ
371 799 601 849 γυναῖκας,
652 792 937 848 ἁποβιβασασ’
989 797 1047 844 εἰς
1084 797 1160 836 τὸν
1196 794 1345 849 λιμένα
1385 797 1463 836 δύο

112 859 300 913 δραχμὰς
338 859 567 913 ἐπράξατο,
610 860 679 902 καὶ
717 861 846 910 αὐτὸς
884 862 907 902 ὁ
947 859 1054 914 ἔχων
1089 861 1168 914 τὴν
1207 860 1357 914 τέχνην
1395 861 1464 901 καὶ

112 931 246 965 ταῦτα
274 925 612 979 διαπραξάμενος
642 925 769 978 ἐκβὰς
796 927 910 979 παρὰ
940 925 1017 979 τὴν
1044 927 1262 966 θάλατταν
1290 925 1361 966 καὶ
1387 925 1465 978 τὴν

111 997 222 1031 ναῦν
274 995 493 1042 περιπατεῖ
541 990 587 1032 ἐν
637 992 789 1046 μετρίῳ
842 992 1028 1045 σχήματι.
1080 992 1322 1044 λογίζεσθαι.
1368 993 1464 1043 γάρ,

112 1051 250 1108 οἶμαι,
281 1054 519 1103 ἐπίσταται,
560 1056 623 1097 ὅτι
652 1057 811 1110 ἄδηλόν
842 1055 954 1098 ἐστιν
984 1056 1178 1105 οῧςτινας
1205 1071 1247 1097 τε
1276 1055 1465 1110 ὠφέληκε

116 1200 220 1231 quum
247 1189 364 1229 διαπρ.
400 1190 465 1223 hoc
497 1191 667 1232 pertineat
699 1190 741 1221 ad
773 1191 967 1231 sequentia,
994 1200 1079 1232 opus
1110 1195 1160 1222 est
1192 1191 1335 1229 aoristo‚
1365 1200 1465 1231 quem

114 1239 296 1267 servarunt
319 1235 406 1268 Ven.
433 1236 471 1267 Ξ.
495 1246 557 1277 pr.,
582 1236 667 1267 Ven.
696 1235 734 1267 Σ.
761 1235 864 1267 vind.
888 1235 918 1268 2.
944 1235 1034 1268 Flor.
1059 1247 1092 1266 x.
1117 1236 1256 1268 Meerm.
1297 1236 1466 1267 Praesens

118 1284 229 1312 ortum
253 1280 388 1312 videtur
412 1291 455 1312 ex
478 1281 657 1313 iteratione
681 1282 872 1323 praegressi
898 1280 1177 1322 &canoattogzcvrs.
1232 1280 1468 1312 Defenderunt

112 1330 228 1357 tamen
252 1326 484 1357 Buttmannus
509 1331 541 1358 et
559 1327 678 1358 Astius
702 1336 864 1367 praesens
888 1330 1022 1367 tempus
1047 1326 1104 1365 sic,
1130 1331 1167 1357 ut
1193 1324 1465 1367 διαπραττομένη

114 1370 233 1402 dicant
255 1371 434 1413 designare
468 1371 766 1403 consuetudinem.
799 1372 855 1402 cui
886 1371 1029 1412 tempori
1061 1375 1152 1403 recte
1185 1370 1350 1413 subiungi
1381 1373 1466 1403 aori·

115 1421 217 1454 stum,
241 1426 308 1457 quo
333 1421 507 1457 tamquam
531 1417 582 1448 rei
606 1416 763 1457 exempla
787 1416 1030 1458 insigniantur.

182 1457 260 1492 ἐὰι
283 1460 363 1500 μὲν
388 1460 432 1501 ἐξ
461 1461 650 1504 Acyl-vm
658 1461 731 1506 -]
760 1462 886 1493 Coraes
910 1472 941 1502 p.
966 1459 1042 1494 346.
1068 1461 1279 1503 colligebat:
1314 1459 1378 1492 ἐὰν
1402 1461 1466 1499 μὲν

134 1491 328 1548 ξ”ΑιγινΙης
355 1505 461 1547 δεῦρο
489 1506 599 1547 σώσῃ
631 1507 744 1545 οἶμαι
779 1504 830 1538 δύ’
863 1504 1014 1547 ὀβολοῖς
1048 1504 1236 1546 ἐπράξατο·
1270 1503 1333 1537 ἑὰι
1365 1505 1403 1538 δὲ
1429 1505 1466 1546 ἐξ
1488 1510 1492 1512 ’

114 1639 202 1671 quae
240 1639 279 1661 eo
321 1630 458 1661 nomine
499 1640 534 1660 se
571 1628 754 1671 magnifice

114 1673 300 1716 praedicat.
325 1693 369 1698 -—
403 1687 451 1706 ov
487 1684 593 1713 σεμι
608 1672 625 1705 ii
640 1685 757 1706 retae

116 1719 132 1751 ἐ
149 1729 284 1761 σχημ,
323 1720 370 1752 sie
402 1719 525 1751 briistet
556 1719 626 1751 sich
656 1718 758 1752 nicht.

115 1764 228 1796 inde‘m
279 1764 326 1796 sie
369 1764 438 1797 sich
481 1764 633 1806 yeberclet
642 1788 651 1804 ,
709 1764 759 1795 als

115 1809 313 1841 vollhrz‘z'chte
321 1810 368 1842 sie
382 1815 481 1842 ema-3
491 1808 759 1849 Uchersclmenlq-

115 1854 226 1886 liches.
271 1855 376 1887 Recte
408 1855 613 1887 Timaeus
647 1854 758 1886 Gloss.

116 1909 147 1942 p.
172 1898 257 1932 245:
302 1899 590 1942 σχηματιζόμενος
654 1910 758 1939 2900-

116 1943 325 1983 ποιούμενος
349 1944 369 1987 ἢ
393 1955 460 1976 συ]
464 1943 664 1983 rauci-suem
667 1943 759 1981 ,ubi

116 1989 410 2021 Ruhnkenius
433 1990 523 2021 hunc
539 1990 651 2022 locum
669 2000 759 2021 com

117 2045 311 2066 memorans
346 2034 613 2077 ἐσχηματισμένη
646 2035 759 2066 minus

117 2083 209 2111 recte
240 2080 484 2122 interpretatur
514 2091 546 2111 m
559 2090 579 2112 a
587 2091 609 2122 g
619 2090 641 2111 n
651 2080 662 2111 i
672 2080 688 2110 f
692 2081 703 2111 i
713 2089 731 2111 c
742 2090 759 2111 e

117 2136 137 2156 ο
147 2136 163 2156 1·
172 2135 193 2156 n
206 2135 226 2156 a
234 2129 247 2156 t
258 2135 287 2159 a.

165 2189 223 2223 δύ’
281 2187 469 2232 ὀβολοὺς
526 2189 758 2234 ἐπράξατο]

119 2246 194 2277 pro
239 2236 441 2268 mercede
478 2237 659 2279 exigere
702 2248 760 2268 so-

119 2280 189 2312 let.
215 2291 248 2315 v.
272 2282 388 2314 Rost.
413 2282 443 2320 ἓ.
458 2280 533 2314 116.
546 2282 576 2315 8.
603 2287 716 2313 annot.
729 2279 759 2313 4.

121 2326 349 2359 Matthiae.
374 2327 404 2365 ἓ.
429 2325 505 2359 506.

168 2391 245 2423 ἐὰν
285 2391 331 2425 δὲ
363 2392 406 2433 ἐξ
445 2392 673 2435 Αἰγύπτου
705 2391 760 2435 -]

122 2437 343 2476 „Meminisse
380 2437 517 2469 videtur
554 2438 675 2469 harum
713 2448 762 2469 re-

121 2483 282 2524 gionum,
313 2482 394 2524 quia
417 2483 498 2514 olim
523 2483 610 2515 inter
634 2483 696 2514 has
730 2487 762 2514 et

122 2527 303 2559 Graeciam
344 2527 480 2569 insigne
522 2528 762 2560 commercium

123 2571 218 2603 fuit.”
247 2571 421 2604 ROUTH.
445 2591 488 2597 -—-
513 2572 666 2614 ταύττμἸ
693 2575 762 2614 τῆς

121 2627 153 2655 μ.
179 2613 462 2659 εὐεργεσιας.
505 2618 567 2649 Est
590 2617 645 2648 hic
668 2617 762 2659 geni-

121 2662 213 2693 tivus
243 2661 366 2693 mercis
390 2672 491 2703 quem
507 2667 634 2694 vocant
653 2672 763 2703 gram-

119 2706 247 2740 matici.
294 2706 409 2749 Vulgo
440 2704 519 2739 ἀντί
553 2707 761 2749 intelligunt.

824 1630 962 1662 Menon.
1004 1640 1035 1671 p.
1068 1627 1120 1660 91.
1154 1629 1204 1660 D:

1245 1630 1301 1660 καὶ
1336 1628 1466 1660 τούτων

830 1677 994 1714 (parweis
1025 1672 1176 1715 χρήματα
1199 1671 1335 1714 ἀξιοῦσι
1361 1672 1465 1714 πράτ-

829 1720 960 1750 τεσθαι.
994 1720 1034 1750 cf.
1058 1719 1205 1750 Matth.
1239 1720 1268 1758 ἓ.
1293 1718 1369 1753 364.
1402 1719 1465 1750 Re—

828 1764 1009 1806 petendum
1048 1768 1161 1795 autem
1207 1762 1398 1806 πράττηται.
1423 1782 1465 1787 -

827 1810 989 1841 Proxima
1020 1809 1206 1841 Ficinus
1245 1809 1310 1840 hoc
1348 1809 1465 1841 ordine

828 1854 927 1896 legit:
970 1855 1024 1885 καὶ
1058 1853 1181 1885 παῖδαμἸ
1215 1854 1269 1885 καὶ
1302 1858 1467 1896 γυιάῖκαε

828 1899 883 1931 καὶ
918 1899 1078 1941 χρήματα.
1150 1899 1294 1931 Codices
1331 1904 1469 1931 tuentur

828 1944 1010 1976 lectionem
1028 1944 1216 1985 vulgatam,
1237 1955 1337 1986 quam
1353 1948 1466 1976 tamen

828 2000 948 2021 vereor
984 1993 1021 2020 ut
1052 1989 1342 2021 Heindorfius
1380 1989 1467 2021 bene

829 2034 1019 2066 defenderit
1058 2040 1252 2076 comparato
1290 2034 1365 2065 loco
1397 2035 1467 2066 Me-

829 2090 951 2111 nexen.
992 2090 1024 2121 p.
1054 2077 1129 2111 248.
1168 2081 1208 2110 A.
1271 2079 1466 2111 Notandum

828 2125 933 2166 igitur
965 2124 1031 2156 hoc
1064 2125 1258 2165 exemplum
1292 2124 1467 2166 negligen-

828 2170 908 2209 tiae,
932 2180 1001 2200 non
1024 2169 1272 2211 corrigendum.
1328 2170 1379 2200 De
1405 2167 1465 2200 αὐ-

831 2212 905 2251 τόν,
929 2215 962 2245 h.
988 2225 1015 2246 e.
1049 2214 1269 2245 dominum
1300 2215 1373 2245 sive
1404 2225 1467 2256 pa-

829 2264 934 2291 trem
959 2259 1176 2299 familias,
1211 2270 1239 2290 v.
1272 2258 1313 2290 ad
1339 2259 1467 2291 Criton.

830 2315 859 2346 p.
894 2302 946 2335 50.
980 2304 1018 2335 Ε.
1078 2304 1218 2335 Frustra
1253 2304 1289 2334 in
1326 2314 1467 2336 numero

830 2348 999 2390 singulari
1036 2349 1147 2380 haesit
1179 2349 1466 2390 Voegelinus3

829 2393 973 2435 pluralis
999 2394 1088 2425 enim
1113 2394 1192 2435 poni
1210 2404 1278 2425 non
1294 2395 1467 2435 potuit.—

831 2438 987 2470 Ceterum
999 2438 1039 2470 de
1049 2440 1156 2480 pretio
1169 2439 1233 2470 hoc
1243 2450 1274 2470 v.
1284 2439 1310 2470 B
1322 2450 1339 2471 ο
1349 2450 1366 2470 e
1375 2449 1394 2470 c
1403 2439 1425 2470 k
1435 2439 1467 2470 h.

831 2484 960 2515 Oecon.
992 2484 1093 2515 Attic.
1126 2485 1165 2515 T.
1192 2484 1217 2515 Ι.
1254 2495 1283 2525 p.
1311 2483 1375 2516 169
1399 2494 1466 2524 seq.

876 2573 913 2603 E.
969 2572 1017 2603 ἐν
1063 2575 1227 2614 μετρίῳ
1278 2570 1468 2614 σχήματι]

830 2618 852 2648 i.
877 2628 906 2648 e.
931 2615 971 2648 ἐν
995 2620 1136 2660 κοσμίῳ.
1181 2617 1339 2649 Ceterum
1365 2620 1471 2658 σχῆμα

830 2672 899 2693 non
934 2666 986 2694 est
1015 2664 1229 2702 vestitus,
1266 2661 1324 2693 sed
1355 2661 1470 2693 habi-

831 2710 915 2738 tus.

1129 2772 1201 2805 19*
