1687 2969
376 138 512 181 PHA
535 135 786 180 EDRUS.
822 137 869 179 P.
904 138 984 179 240
1015 137 1078 180 St.
1318 140 1395 179 159

151 255 258 299 ΣΩ.
327 257 418 299 Και
453 260 500 298 ἐν
535 257 780 312 δημφῃορίᾳ
828 252 881 307 δὴ
918 256 967 315 τῆ
1005 254 1128 299 πόλει
1162 256 1304 299 δοκεῖν
1342 253 1396 297 τὰ

50 321 166 366 αὐτα
202 324 302 366 τοτὲ
331 325 412 379 μὲν
446 321 625 377 ἀγαῦα,
661 324 761 366 τοτὲ
798 319 837 364 δ
875 338 933 364 av
969 320 1214 374 τάναντια;

151 404 284 445 ΦΑΙ.
356 399 495 444 Οὕτω.

150 479 257 523 ΣΩ.
332 477 428 523 Τὸν
475 495 556 523 ουν
593 475 840 522 Ἐλεατικὸν
887 477 1172 533 Παλαμήδην
1214 480 1396 533 λέγοντα

52 546 131 591 οὐκ
167 547 288 625 ἴσμεν
321 551 467 607 τέχνῃ,
515 543 620 596 ὥςτε
666 547 915 604 φαινεσθαι
959 554 1054 596 τοῖς
1092 542 1305 588 ακούουσι
1339 545 1393 587 τα

49 612 166 656 αὐτὰ
202 612 350 670 ὅμοια,
391 615 463 656 καὶ
498 609 704 668 ἀνόμοια,
739 630 812 655 και
845 615 890 655 ἓν
916 621 989 656 και
1011 611 1166 663 πολλά,
1202 612 1392 668 μένοντα

48 699 92 725 τε
129 699 187 724 av
221 683 293 724 καὶ
328 678 572 740 φεοόιιενας

151 759 281 802 ψΛΙ.
350 759 492 802 Μάλα
528 775 589 814 ys..

147 837 252 880 ΣΩ.
326 836 415 880 Οὐκ
461 833 551 893 ἄρα
594 834 732 892 μόνον
780 838 877 893 περὶ
910 833 1166 891 δικαστήριά
1202 839 1246 878 τὲ
1279 839 1397 879 ἐστιν

48 903 75 956 ἡ
120 903 373 960 ἀντιλογικὴ
421 906 494 947 καὶ
538 906 635 960 περὶ
673 906 970 961 δημηγορίαν,
1018 901 1140 954 ἀλλ’,
1184 901 1242 953 ὡς
1277 906 1396 955 ἔοικε,

49 974 146 1028 περὶ
182 969 329 1014 πάντα
366 968 419 1014 τὰ
456 969 666 1027 λεγόμενα
700 974 779 1027 μία
815 988 881 1021 τις
923 976 1071 1025 τέχνη,
1114 970 1231 1025 εἴπερ
1267 973 1394 1021 ἔστιν,

50 1037 163 1092 αὕτη
198 1036 256 1081 ἂν
291 1037 368 1091 εἴη,
401 1031 427 1098 ᾗ
464 1055 528 1089 τις
564 1037 658 1089 οἶός
691 1037 734 1080 τ’
775 1040 897 1082 ἔσται
931 1040 1022 1080 πᾶν
1055 1040 1189 1081 παντὶ
1211 1036 1397 1094 ὁμοιοῦν

50 1109 138 1149 τῶν
170 1107 370 1149 δυνατῶν
403 1108 477 1148 καὶ
513 1104 579 1157 οἷς
613 1103 816 1157 δυνατόν,
853 1108 927 1148 καὶ
962 1104 1099 1149 ἄλλου
1135 1103 1397 1161 ὁμοιοῦντος

49 1176 122 1217 καὶ
155 1172 550 1231 ἀποκρυπτομένου
587 1177 645 1223 εὶς
678 1174 772 1232 φῶς
808 1168 944 1227 ἄγειν.

152 1252 283 1296 ΦΑΙ.
352 1252 460 1302 Πῶς
493 1249 547 1304 δὴ
581 1248 631 1295 τὸ
668 1252 878 1295 τοιοῦτον
911 1253 1067 1306 Restm,-

52 1427 82 1462 h.
107 1427 127 1462 l.
154 1426 359 1469 docuerunt,
386 1432 497 1461 tamen
523 1426 573 1461 hic
598 1438 708 1470 neque
733 1427 906 1461 codicibus
932 1427 1169 1468 confirmatur,
1202 1437 1313 1469 neque
1337 1427 1398 1471 ipsi

51 1473 240 1507 sententiae
265 1477 335 1506 tam
360 1474 446 1506 bene
471 1484 556 1506 cous
561 1476 641 1516 enit,
666 1484 766 1516 quam
793 1476 903 1507 solum
929 1475 1132 1516 φαίνεσθαι.

142 1519 184 1554 Ε,
230 1531 250 1563 ῃ
276 1532 341 1557 τις
365 1515 459 1556 οἰός
485 1519 518 1552 τ’
545 1520 687 1564 ἔσται]
716 1521 754 1555 V
780 1520 856 1562 ἤτις
878 1519 933 1551 0ἱά
958 1518 992 1551 δ’
1021 1519 1127 1552 ἴστιι.
1177 1518 1247 1552 Sed
1269 1514 1345 1557 οιός
1370 1519 1399 1551 τ’

52 1576 130 1598 cum
164 1565 265 1597 Bodl.
299 1564 459 1597 exhibent
488 1565 581 1600 Flor.
614 1577 643 1598 a.
679 1567 710 1599 b.
743 1578 771 1600 c.
798 1577 830 1608 g.
857 1565 886 1599 h.
913 1566 931 1598 i.
955 1567 994 1598 θ.
1028 1565 1125 1599 Vind
1161 1578 1193 1598 α.
1228 1565 1401 1607 ceterique

53 1621 173 1644 ornnes
191 1614 328 1652 praeter
351 1610 415 1643 ΞΕ
441 1614 475 1642 et
501 1614 519 1651 ῂ
546 1624 597 1649 τις
624 1611 770 1646 Bekker.
789 1611 914 1644 invenit
937 1612 968 1643 in
994 1610 1104 1644 Paris
1130 1610 1168 1642 F.
1195 1614 1230 1643 et
1254 1621 1342 1645 corr.
1360 1612 1401 1645 Γ.

54 1658 218 1690 Ceterum
245 1655 373 1691 Pariss.
400 1655 552 1689 DNOP
579 1657 701 1689 liabent
725 1658 755 1689 εἴ
779 1670 843 1693 τις.
893 1658 978 1690 Dein
1004 1656 1184 1697 πιιμπαντὶ
1209 1656 1308 1691 Bodl,
1327 1657 1392 1689 Vat

54 1780 136 1802 usus
171 1769 292 1811 Diog.
330 1767 480 1802 Laert.
515 1769 603 1804 Vlll.
638 1769 694 1803 58.

54 1816 208 1857 Sopat.
243 1814 275 1846 in
298 1813 508 1856 Hermogen.
535 1814 637 1850 Rhet.
662 1816 695 1847 in

55 1861 198 1894 Rlietor.
231 1860 357 1893 Graec.
388 1859 430 1894 T.
459 1859 498 1894 V.
524 1871 555 1903 p.
583 1861 613 1896 7,
640 1861 694 1895 ed.

53 1907 162 1940 Walz.
188 1905 376 1941 Quintil.
405 1906 463 1940 111.
494 1906 525 1947 1,
549 1906 582 1941 8.

100 1978 181 2008 τῶν
210 1974 254 2006 δὲ
281 1972 610 2018 Παλαμήδους]
641 1976 697 2009 In-

56 2021 217 2063 telligitur
263 2020 360 2052 Zeno
408 2019 584 2054 Eleaticns
598 2046 608 2063 ‚
661 2027 699 2054 ut

56 2077 137 2100 mox
161 2065 351 2109 apparebit.

101 2134 140 2166 C.
203 2136 283 2166 τῶν
329 2134 582 2178 Νέστορος]
635 2136 699 2169 Int.

56 2178 199 2221 ἀνήκοος
228 2181 359 2222 γέγονα.
412 2180 502 2213 Dein
528 2182 704 2222 eleganter

58 2224 518 2259 Scluleiermacherusz
553 2237 704 2267 „werin

58 2271 113 2303 clu
145 2282 218 2303 uns
245 2271 368 2304 nicht
400 2272 478 2304 den
509 2272 704 2314 Gorgias

58 2317 125 2349 als
167 2315 288 2348 einen
326 2318 489 2351 Nestor
527 2318 702 2350 zurich-

59 2368 130 2394 ten
185 2361 358 2404 willst„
409 2363 518 2396 oder
574 2363 705 2397 einen

19 2428 21 2431 -
63 2408 423 2449 Thrasymachus
455 2409 539 2442 und
573 2409 704 2443 Theo·

60 2455 190 2486 dorus
215 2453 286 2485 als
314 2454 572 2497 Odysseus.“
618 2456 703 2489 Nam

61 2498 229 2537 σκευάζειν
247 2502 282 2531 et
290 2499 548 2539 κατασκευάζειν
567 2502 705 2544 proprie

60 2546 108 2578 ita
122 2545 187 2576 «lici
204 2544 342 2576 docebit
358 2547 532 2579 annotatio
547 2547 572 2579 S
583 2547 656 2580 cha
667 2558 705 2579 e-

62 2591 145 2624 seri
176 2589 217 2623 ad
249 2589 420 2622 Plutarch.
456 2591 534 2626 Vitt.
560 2592 635 2625 Vol.
662 2593 704 2627 V.

64 2647 98 2678 p.-
123 2635 177 2670 54.
210 2635 486 2669 Theodorum
523 2636 609 2670 hunc
633 2639 704 2682 By-

65 2682 230 2722 zantium,
256 2680 300 2714 de
323 2691 390 2723 quo
407 2691 438 2714 ν.
456 2682 597 2725 etiamp
602 2683 702 2718 .353.

65 2727 128 2766 B.‚
161 2737 244 2760 cave
274 2736 350 2761 cum
383 2726 571 2761 Theodoro
576 2694 703 2770 prre-

763 1770 860 1802 naico
886 1766 1094 1807 confundas,
1128 1768 1186 1808 qui
1212 1768 1244 1800 in
1269 1766 1405 1800 Theae-

762 1820 836 1848 teto
886 1816 1026 1856 loquens
1077 1813 1258 1847 inducitur.
1316 1813 1404 1847 conf.

763 1862 907 1894 Groen
933 1870 1014 1891 van
1037 1859 1410 1892 PrinstererPro-

763 1917 904 1949 sopogr.
933 1907 1065 1938 Platon.
1091 1915 1123 1947 p.
1141 1905 1184 1939 96
1210 1916 1259 1947 sq.
1292 1917 1324 1948 p.
1345 1906 1409 1940 107

765 1964 816 1995 sq.
836 1957 869 1985 et
884 1963 917 1995 p.
936 1952 1011 1985 111.
1030 1953 1106 1985 eon.
1133 1952 1322 1986 Aristot.
1343 1952 1412 1984 So-

767 2000 904 2042 phistar.
931 1996 1072 2031 Elencll.
1087 2008 1119 2040 p.
1139 1996 1217 2032 638.
1243 1997 1296 2031 ed.
1314 1997 1411 2032 Bulll.

815 2065 892 2099 οὐκ
916 2064 1203 2108 ἀντιλέγουσι
1227 2063 1411 2107 μέντοις]

770 2114 811 2148 V.
837 2112 879 2145 ad
906 2123 939 2155 p.
964 2111 1041 2146 229.
1070 2113 1107 2144 Β.
1146 2122 1177 2154 ρ.
1201 2110 1280 2145 266.
1306 2111 1347 2144 D.
1379 2115 1413 2143 et

770 2160 912 2200 Protag.
938 2169 972 2200 p.
999 2157 1076 2192 309.
1103 2160 1145 2189 A.

816 2227 857 2260 D.
915 2224 1001 2257 Τὸν
1037 2220 1120 2257 οὖν
1164 2221 1416 2255 Ἐλεατικὸν

771 2269 1055 2313 Παλαμήδην]
1079 2271 1192 2303 Recte
1209 2269 1324 2303 Schol.
1340 2267 1415 2310 Ζή-

770 2316 858 2349 νωνά
875 2329 971 2359 φησι,
997 2315 1059 2347 τὸν
1076 2316 1301 2358 Παρμενίδου
1319 2315 1415 2347 ἑταῖ-

772 2376 844 2406 ρον.
876 2361 965 2396 conf.
1003 2362 1126 2403 Diog.
1166 2360 1311 2393 Laert.
1353 2361 1415 2394 lx.

770 2409 826 2443 25.
853 2412 887 2440 et
912 2408 1023 2440 Plat.
1049 2408 1162 2440 Parm.
1190 2417 1222 2449 p.
1252 2407 1315 2441 127
1339 2417 1414 2449 sqq.

772 2455 827 2486 nbi
867 2453 952 2486 haec
993 2455 1068 2496 ipsa
1099 2453 1250 2485 Zenonis
1291 2453 1416 2495 placita

772 2501 994 2533 illustrantur.
1039 2500 1090 2531 De
1116 2498 1313 2541 ἅντιλογικῇ
1338 2498 1417 2531 vide

773 2555 859 2587 quae
899 2545 1119 2587 exposuimus
1159 2544 1202 2577 ad
1242 2545 1342 2587 Reip.
1375 2547 1415 2576 V.

774 2589 949 2633 p.453.E.
969 2591 1046 2625 coll.
1071 2590 1309 2625 Aristotel.
1325 2589 1415 2632 Top.

817 2682 857 2716 E.
905 2684 982 2713 τῶν
1023 2681 1238 2723 δυνατῶν]
1271 2679 1417 2724 ὁμοιοῦ-

774 2730 872 2759 ’ἰθαι-
