1687 2969
520 179 763 218 GORGIAS.
793 182 836 219 P.
870 184 962 219 516.
993 182 1050 220 ed.
1084 182 1140 220 st.
1412 186 1490 221 309

138 301 289 340 μενος.
329 289 512 340 πότερον
539 287 611 329 καὶ
640 288 663 329 ὁ
691 291 924 341 ἄνθρωπος
950 289 998 330 ἓν
1027 293 1112 331 τῶν
1142 286 1263 341 ζώων
1292 290 1424 340 ἐστίν,
1463 287 1491 344 ἦ

142 354 216 401 οὕ,-
258 354 396 392 ΚΑΛ.
439 355 541 402 Πῶς
568 353 649 406 γὰρ
680 357 753 402 οὕς
794 356 895 395 ΣΩ.
925 351 1099 396 Οὐκοῦν
1128 352 1377 407 ἀνθρώπων
1408 358 1489 396 Πε-

139 419 284 470 ρικλῆς
312 416 554 471 ἐπεμέλετο,·
597 420 731 459 ΚΑΛ.
764 420 865 459 Ναί.
926 422 1021 460 ΣΩ.
1073 421 1123 460 Τι’
1151 416 1257 469 οὗν,·
1299 415 1378 461 οὐκ
1408 421 1489 461 ἔδει

139 478 321 531 αὐτούς,
364 483 421 532 ὡς
457 486 551 536 ἄρτι
581 484 907 537 ὡμολογοῦμεν,
950 484 1242 536 δικαιοτέρους
1269 485 1490 538 γεγονέναι

138 545 233 587 ἀντὶ
273 547 542 601 ἀδικωτέρων
580 545 655 590 ὑπ’
688 548 876 596 ἐκείνου.
921 550 1034 602 εἴπερ
1063 550 1222 598 ἐκεῖνος
1250 549 1487 604 ἐπεμελεῖτο
1520 550 1555 594 C

139 608 282 653 αὐτῶν
322 614 487 666 ἀγαθὸς
517 613 577 655 ὣν
605 615 654 655 τὰ
684 615 899 663 πολιτικά,·
941 617 1074 655 ΚΑΛ.
1116 616 1244 656 Πάνυ
1273 630 1331 668 γε.
1389 618 1487 656 ΣΩ.

143 673 319 719 Οὐκοῦν
351 678 397 719 οἴ
420 692 466 731 γε
496 679 651 721 δίκαιοι
678 679 841 733 ἥμεροι,
873 680 928 727 ὠς
957 678 1038 733 ἔφη
1056 677 1263 734 ΠΟμηρος.
1296 680 1349 721 σὺ
1377 680 1421 722 δὲ
1449 682 1489 721 τί

138 744 244 797 φῄςς
284 739 362 797 οὐχ
390 743 544 793 οὕτως;
599 747 733 786 ΚΑΛ.
777 746 876 785 Ναί.
935 747 1036 785 ΣΩ.
1062 742 1194 786 Ἀλλὰ
1222 744 1307 799 μὴν
1337 747 1488 799 ἀγριω-

136 806 287 861 τέρους
310 823 358 862 γε
385 809 541 858 αὐτοὺς
567 808 786 863 ἀπέφηνεν
816 810 840 863 ἢ
872 810 992 858 οἵους
1021 809 1248 862 παρέλαβε,
1275 811 1344 851 καὶ
1373 807 1488 852 ταῦτ’

137 874 195 921 εἰς
234 874 386 923 αὐτόν,
429 875 480 915 ὃν
520 874 656 928 ἥκιστ’
699 875 752 915 ἂν
783 874 993 927 ἐβούλετο.
1055 877 1190 915 ΚΑΛ.
1238 877 1391 917 Βούλει
1419 886 1487 918 σοι

136 939 409 993 ὁμολογήσω;
439 941 540 980 ΣΩ.
573 941 628 980 Εἰ
656 940 770 981 δοκῶ
797 939 843 993 γε’
874 950 940 980 σοι
969 941 1110 994 ἀληθῆ
1138 940 1284 993 λέγειν.
1348 943 1482 982 ΚΑΛ.

123 1000 271 1044 ”Εστω
313 1004 364 1058 δὴ
392 1012 533 1046 ταῦτα.
593 1007 688 1045 ΣΩ.
724 1006 897 1046 Οὐκοῦν
924 1005 1039 1057 εἴπερ
1069 1004 1368 1058 ἀγριωτέρους,
1398 1007 1485 1047 ἀδι-

135 1068 347 1123 κωτέρους
382 1085 426 1111 τε
466 1071 532 1111 καὶ
565 1071 752 1124 χείρους,·
795 1072 932 1110 ΚΑΛ.
951 1066 1110 1110 ”Εστω.
1170 1072 1268 1112 Σῼ.
1303 1072 1393 1112 Οὐκ
1423 1069 1485 1124 ἀρ’
1517 1073 1559 1114 D

201 1191 252 1235 μὴ
284 1191 595 1235 λακτίζοντας]
635 1193 717 1224 Post
748 1194 967 1233 λακτίζοντας
1005 1193 1122 1224 Clark.
1160 1193 1237 1226 Vat.
1271 1193 1375 1227 Coisl.
1406 1194 1483 1225 Par.

133 1237 263 1269 EFW.
297 1237 427 1269 addunt
459 1236 593 1270 ἑαυτόν.
655 1239 719 1269 Pro
751 1249 789 1269 eo
823 1238 924 1269 vind.
958 1237 988 1270 6.
1023 1236 1130 1270 αὐτὸν
1166 1242 1200 1269 et
1230 1240 1307 1270 Par.
1341 1239 1483 1270 BCIV.

134 1283 225 1314 Flor.
258 1293 287 1314 a.
319 1282 350 1314 b.
377 1293 405 1314 c.
432 1282 461 1313 d.
488 1294 531 1314 m.
557 1294 587 1314 0.
612 1294 643 1316 x,
677 1281 805 1316 αὐτοὺς
830 1283 1005 1315 exhibent.
1053 1283 1119 1315 Sed
1150 1288 1333 1325 utrumque
1364 1288 1484 1316 natum

132 1333 292 1370 putamus
310 1339 352 1359 ex
367 1327 584 1370 glossemate,
609 1327 643 1359 id
668 1328 757 1369 quod
782 1329 884 1360 etiam
907 1329 1004 1359 Astio
1029 1333 1063 1359 et
1079 1329 1276 1371 Hirschigio
1300 1330 1349 1361 ita
1371 1330 1485 1361 visum

133 1378 193 1404 est.
239 1373 436 1405 Lectionem
469 1371 594 1404 ἑα11τὸ1
625 1378 827 1415 recepeiunt
858 1374 1038 1405 Bekkeius
1070 1379 1103 1405 et
1128 1375 1368 1406 Buttmannus.
1416 1374 1483 1406 Sed

131 1419 308 1450 verissime
331 1418 497 1450 iudicavit
520 1419 638 1450 Astius
663 1430 736 1450 eam
762 1420 950 1450 sententiae
974 1430 1093 1460 parum
1119 1420 1317 1452 convenire.

199 1461 220 1505 ἢ
244 1461 293 1495 οὑ
320 1462 446 1518 Bonsyt‘
469 1463 552 1505 σοι]
579 1464 620 1495 V.
646 1464 664 1505 ἡ
691 1461 733 1495 οὐ
760 1463 788 1495 δ.
815 1475 842 1495 o.

200 1509 237 1540 G.
285 1508 352 1542 εις
378 1506 527 1544 αὐτόν,
554 1506 604 1540 δι
629 1507 778 1551 fimat]
813 1510 878 1540 Pro
903 1508 996 1550 vulg.
1023 1506 1130 1540 αὐτόν
1155 1519 1197 1540 ex
1224 1510 1312 1552 Aug.
1338 1510 1415 1541 Par.
1442 1511 1482 1544 B.

132 1553 210 1585 dedi
227 1551 344 1585 αὐτόπ.
370 1553 484 1595 steph.
511 1550 528 1583 ὃ
561 1554 680 1585 invitis
705 1554 799 1587 codd.
824 1555 1005 1596 plerisque.

840 1677 915 1710 Nat.
935 1677 1076 1716 Quaest.
1092 1677 1119 1717 Ι,
1137 1675 1168 1716 1,
1191 1675 1243 1708 13.
1270 1677 1300 1708 G
1310 1687 1328 1708 o
1340 1687 1357 1708 e
1367 1687 1481 1708 renz.

840 1721 882 1753 ad
908 1722 979 1753 Cic.
1004 1723 1108 1764 Legg.
1141 1733 1172 1763 p.
1198 1720 1275 1754 262.
1323 1722 1482 1754 Ceterum

839 1778 907 1798 non
924 1768 1128 1798 assentimur
1143 1767 1195 1797 Hi
1206 1778 1245 1798 rs
1257 1778 1272 1798 c
1282 1768 1302 1798 h
1313 1767 1356 1809 ig
1365 1768 1376 1799 i
1385 1778 1403 1799 o
1419 1765 1480 1799 αὐ-

178 1676 215 1709 C.
270 1674 441 1709 Οὐκοῦν
475 1677 584 1719 οἵγε
610 1675 686 1708 δίκ.
713 1675 768 1719 -]

132 1721 216 1762 „Ad
269 1722 459 1754 seeundum
508 1722 652 1753 istorum
698 1733 771 1753 ver-

130 1778 230 1799 suum
254 1768 455 1819 lespicitur‚
487 1778 572 1808 quos
597 1777 697 1808 saepe
721 1778 771 1798 re-

131 1814 217 1857 petit
234 1813 421 1845 Homerus:
440 1809 486 1843 ’Ὠ
504 1824 559 1850 μοι
581 1810 658 1854 ἐγώ,
685 1811 771 1843 τέων

131 1858 213 1889 αὐτε
231 1858 371 1899 βροτῶι
392 1856 427 1891 ἐς
452 1862 555 1899 γαῖα]
581 1855 710 1895 ικά1ω
730 1855 772 1888 'H

135 1900 163 1943 ῥ’
196 1903 235 1934 σι’
259 1900 288 1945 γ’
321 1900 489 1958 ὑβρισταί
509 1914 542 1934 τε
567 1904 620 1934 καὶ
647 1900 770 1944 ἄγριοι,

131 1945 216 1980 οὐδὲ
246 1946 389 1986 &namq
421 1945 476 1979 Ἠὲ
502 1946 691 1988 φιλοξειιοι
715 1949 774 1978 καί

134 2003 219 2032 σφιν
240 1991 320 2026 νόος
343 1992 414 2024 ἐστὶ
437 1991 613 2034 θεοιδής;
645 1992 769 2034 Odyss.

132 2035 171 2078 ζ’.
198 2049 228 2068 ν.
255 2036 330 2070 120.
378 2038 490 2078 Atque
510 2038 590 2068 hine
613 2038 770 2079 pluribus

130 2084 167 2114 in
199 2083 284 2114 loeis
314 2080 505 2124 ἡμερότητα
534 2093 612 2114 eum
644 2083 769 2114 δικαιο-

134 2126 221 2169 σύνῃ
259 2132 294 2159 et
323 2125 508 2169 ἀγριότητα
545 2138 623 2159 eum
654 2126 770 2169 ἀδικίᾳ

132 2173 311 2206 coniunxit
334 2173 444 2204 Plato.
448 2172 464 2185 ”
498 2172 672 2205 ROUTH.

178 2261 227 2295 ὃ1
263 2259 395 2318 ἥκιστ
442 2259 493 2293 ἂν
514 2260 767 2316 ἐβούλετο]

131 2309 175 2340 Η.
201 2319 230 2339 e.
261 2319 312 2341 εις
344 2305 387 2339 ὃν
419 2304 521 2349 ἥκιστ’
555 2304 598 2337 ἂν
625 2305 694 2347 ἔβη

131 2363 200 2394 qua
257 2352 521 2395 praepositionis
587 2352 769 2383 omissione

130 2402 208 2430 ante
239 2408 427 2440 pronomen
458 2397 639 2428 relativum
670 2407 700 2427 v.
727 2397 770 2427 ad

131 2453 163 2484 p.
195 2441 270 2476 453.
302 2443 340 2474 E.
383 2442 557 2474 Phaedon.
591 2452 622 2483 p.
653 2440 704 2474 76.
729 2443 769 2473 D.

132 2487 211 2520 coll.
235 2487 389 2520 Matth.
413 2488 444 2526 ἓ.
468 2485 543 2519 595.
575 2491 608 2517 et
639 2486 680 2517 de
707 2487 770 2518 La-

133 2533 213 2564 tinis
233 2534 376 2573 interpp.
394 2532 437 2563 ad
450 2532 569 2564 Corn.
586 2532 683 2573 Nep.
700 2532 768 2563 Vit.

134 2578 266 2609 Cimon.
291 2588 318 2609 c.
344 2575 382 2609 3:
421 2577 470 2608 In
501 2576 680 2608 eandem
713 2577 769 2608 in-

133 2623 246 2655 cidit
267 2622 475 2654 invidiam
498 2633 618 2663 quam
640 2626 768 2663 pater,

131 2668 192 2699 ubi
224 2668 284 2699 alii
308 2668 351 2698 in
376 2677 507 2709 quam.
534 2667 683 2699 Senee.
716 2669 768 2698 De

133 2712 282 2745 Benefie.
307 2713 374 2754 VI,
399 2710 451 2745 29.
477 2712 524 2744 in.
548 2712 632 2753 VH,
652 2711 714 2752 10,
738 2711 769 2744 2.

841 1811 899 1844 τόν
923 1813 1126 1844 eiiciendum
1152 1813 1374 1844 existimanti.
1416 1813 1481 1844 Ita-

839 1867 904 1898 que
936 1868 1047 1898 neque
1077 1857 1127 1891 ec’s
1152 1857 1346 1889 addendum
1370 1868 1481 1899 neque

841 1901 858 1933 ὃ
884 1902 1122 1944 corrigendum
1143 1913 1221 1934 eum
1246 1903 1480 1944 Stephano.

843 1948 1008 1979 Voculam
1042 1945 1086 1978 ἄν
1116 1947 1158 1979 ab
1191 1948 1341 1980 Aristide
1366 1948 1480 1990 negle-

840 1998 930 2024 ctam
967 1993 1065 2024 doete
1100 1996 1214 2024 tuetur
1250 1993 1362 2025 Seha
1376 1994 1479 2026 efer.

839 2038 968 2069 Melett.
1006 2038 1080 2069 crit.
1116 2048 1147 2079 p.
1180 2036 1246 2069 124
1281 2048 1367 2079 seq.,
1419 2038 1479 2069 ubi

838 2083 1004 2124 plurimos
1028 2082 1133 2121 locos,
1162 2083 1198 2113 in
1223 2083 1348 2123 quibus
1373 2082 1479 2124 ἐβου-

839 2126 947 2169 λόμηι1
979 2125 1022 2158 ἄν
1053 2131 1087 2158 et
1118 2126 1249 2169 ἤθελον
1281 2125 1325 2158 ἄν
1349 2127 1480 2159 dictum

839 2174 1028 2214 reperitur,
1080 2172 1267 2212 indicavit,
1318 2173 1479 2205 refellens

839 2218 1002 2249 videlieet
1040 2217 1372 2257 Heindorfium,
1420 2219 1479 2259 qui

838 2263 929 2294 huno
961 2262 1148 2304 particulae
1179 2273 1279 2294 usum
1315 2263 1478 2295 rariorem

839 2308 981 2341 dixerat.
1031 2307 1121 2347 Quid
1153 2308 1203 2339 rei
1234 2308 1294 2347 sit,
1328 2308 1478 2340 subtilis-

839 2353 923 2383 sime
966 2353 1153 2393 explieavit
1198 2353 1478 2385 Hermannus

838 2398 890 2429 De
914 2397 1083 2439 particula
1107 2395 1151 2428 ἄν
1174 2408 1206 2439 p.
1231 2396 1274 2430 66
1298 2408 1369 2439 seq.

884 2487 926 2517 D.
992 2484 1078 2518 Οὐκ
1119 2483 1178 2525 ἄρ’
1220 2484 1396 2541 ἀγαθὸς
1433 2506 1477 2510 —

840 2526 885 2585 ἦ1
876 2530 908 2574 11]
936 2531 980 2562 H.
1004 2542 1032 2563 e.
1059 2529 1121 2563 οὐκ
1144 2529 1198 2572 ἄρ’
1217 2529 1352 2573 ἀγαθός
1371 2531 1476 2570 ἐστιν,

839 2574 884 2609 ὠς
925 2575 1100 2615 ἐφαι’11.ετο
1145 2587 1177 2607 v.
1221 2576 1263 2607 ad
1302 2576 1477 2608 Phaedon.

838 2632 869 2663 p.
887 2620 940 2654 68.
958 2622 996 2652 B.
1019 2626 1053 2653 et
1077 2632 1162 2663 quae
1187 2632 1296 2663 nuper
1320 2623 1479 2663 exposuit

838 2667 1068 2699 Matthiae.
1087 2667 1238 2698 Gramm.
1256 2666 1357 2709 ampl.
1377 2668 1418 2698 T.
1433 2667 1479 2698 ΙΙ.
