1687 2969
563 167 603 171 -
675 146 783 185 xum
854 167 896 172 -

73 278 219 304 eorum
271 261 473 317 religiose
516 261 816 317 obtemperans
867 261 1062 302 lubenter
1112 268 1231 302 extra
1270 259 1420 302 urbem

72 319 181 361 aeris
219 318 345 360 liberi
385 318 636 360 salubritate
675 318 831 358 fruitur
874 317 1092 372 (Phaedr.
1135 334 1175 373 p.
1224 318 1319 358 268.
1358 318 1415 359 Α.

73 391 170 431 sqq.
214 376 296 418 270
337 372 387 416 C.
420 375 514 416 229.
553 375 609 416 A.
641 374 738 415 coll.
772 373 922 431 Symp.
958 375 1052 415 176.
1083 374 1163 428 D.)
1194 381 1324 428 atque
1351 389 1416 415 re-

70 433 249 489 gionum
278 431 612 473 amoenitatibus
651 431 805 472 mirum
845 438 1053 485 quantum
1086 430 1325 472 delectatur
1355 431 1418 486 (p.

72 491 167 531 229.
207 490 264 532 Α.
295 488 347 530 Β.
380 489 475 530 230.
508 488 560 528 Β.
601 486 651 529 C.
684 488 778 529 235.
810 488 867 529 D.
900 489 994 530 238.
1027 488 1082 529 D.
1115 488 1167 529 E.
1202 489 1295 529 239.
1330 486 1418 542 Q).

70 546 325 588 Pei-cellitur
352 545 454 586 item
494 544 618 586 facile
650 560 790 586 rerum
829 550 1102 586 externarum
1142 544 1329 600 impulsu
1369 560 1420 586 ac

71 608 247 659 repente
285 602 346 643 ita
377 607 572 643 movetur
605 601 773 655 animo,
817 601 853 643 si
885 617 971 656 qua
1001 602 1167 657 species
1191 601 1272 657 ipsi
1304 601 1421 643 inso-

71 657 228 701 lentior
258 658 401 700 oblata
433 663 520 711 est,
566 664 615 698 111
643 664 810 699 tantum
849 674 935 699 non
967 665 1089 699 extra
1116 665 1251 699 semet
1280 659 1422 713 ipsum

71 716 263 772 rapiatur
302 715 377 771 (p.
420 716 514 757 236.
556 715 607 756 Β.
641 730 735 770 sqq.
768 716 870 770 al.)
940 716 1086 769 Atque
1126 715 1238 756 hanc
1283 715 1421 770 ipsam

72 774 126 815 ob
157 771 286 814 animi
315 771 627 813 mollitudinem
657 787 735 827 per
756 772 942 814 facetum
973 772 1113 814 lusum
1136 773 1198 828 (p.
1222 773 1317 813 244.
1340 771 1420 826 Α.)

71 835 252 872 vocatur
281 828 631 884 Myrrhinusius⁷
665 829 890 886 Pythoclis
931 829 1069 883 filius‚
1118 836 1247 883 atque
1286 829 1423 869 mani-

72 887 182 928 festo
223 891 272 927 ut
313 886 494 929 Socrate
538 892 676 927 aetate
726 886 946 940 aliquanto
992 886 1132 927 minor
1167 886 1425 942 designatur

75 944 144 999 (p.
185 943 280 984 236.
313 943 416 997 D.)‚
466 943 567 983 licet
614 943 754 998 ipsum
806 943 1055 997 neutiquam
1105 942 1421 984 adolescentem

73 999 151 1042 sed
208 1005 348 1041 aetate
396 999 712 1055 provectiorem
758 999 890 1041 fuisse
941 999 1172 1041 verisimile
1203 1000 1272 1041 sit.
1341 998 1425 1041 Est

72 1057 185 1098 enim
216 1062 259 1097 et
277 1056 515 1098 rhetoricae
540 1056 702 1097 amicus
733 1062 775 1097 01
804 1056 930 1098 1101110
950 1056 1195 1098 amatorius.
1255 1057 1423 1098 Tuetur

71 1113 203 1169 igitur
232 1112 475 1166 Phaedrus,
507 1119 556 1154 ut
595 1119 799 1168 apparet.
842 1128 1072 1168 personam
1112 1113 1283 1155 honesti
1326 1113 1421 1167 qui-

72 1170 169 1213 dem
218 1169 279 1211 rei
326 1169 557 1212 amatoriae
605 1170 746 1223 amici,
803 1169 880 1211 sed
932 1169 1126 1212 eiusdem
1176 1171 1419 1222 tenerioris,

71 1225 278 1270 mollioris
311 1241 360 1267 ac
391 1225 678 1280 delicatioris,
711 1226 772 1267 ita
804 1225 992 1281 quidem,
1017 1232 1066 1268 ut
1096 1242 1120 1267 a
1143 1227 1422 1283 philosophia

71 1283 249 1325 alienior
294 1297 433 1337 neque
476 1282 640 1339 Lysiae
671 1284 862 1340 argutias
894 1299 944 1325 ac
975 1284 1105 1325 tricas
1136 1290 1253 1326 recte
1293 1284 1421 1326 aesti-

72 1355 186 1383 mare
219 1354 356 1394 neque
399 1340 691 1382 sublimiorem
743 1340 914 1381 amandi
964 1341 1174 1382 rationem
1233 1357 1282 1383 ac
1333 1341 1421 1382 dis-

72 1397 274 1453 ciplinam
309 1397 397 1439 ullo
438 1396 567 1438 modo
598 1403 740 1438 mente
773 1404 815 1439 et
846 1397 1104 1454 cogitatione
1138 1414 1216 1440 sua
1246 1398 1420 1453 assequi

70 1454 220 1511 possit.
279 1453 444 1495 Verum
472 1453 586 1498 idem
612 1454 695 1496 iste
715 1454 843 1496 homo
873 1455 1104 1496 amatorius
1124 1455 1267 1496 induit
1292 1456 1421 1497 etiam

70 1526 299 1567 personam
340 1510 597 1553 ardentioris
649 1517 691 1552 et
739 1511 983 1553 fervidioris
1029 1512 1132 1554 artis
1180 1512 1422 1554 rhetoricae

71 1567 368 1622 admiratoris,
418 1582 545 1621 quam
587 1574 629 1609 et
674 1567 904 1624 diligenter
953 1568 1104 1609 didicit
1153 1575 1195 1610 et
1244 1576 1422 1625 propter

72 1624 325 1681 epidicticas
349 1626 578 1678 orationes,
612 1625 818 1680 imprimis
840 1625 1064 1681 Lysiacas7
1098 1626 1202 1667 facit
1231 1626 1419 1681 plurimi,

70 1687 120 1722 ut
161 1681 291 1723 etiam
331 1682 572 1723 orationum
613 1682 668 1723 sit
700 1681 1006 1737 cupidissimus
1051 1683 1122 1736 (v.
1155 1699 1197 1738 p.
1232 1684 1327 1724 228.
1361 1684 1422 1724 A‘J

74 1739 169 1780 235.
212 1738 269 1779 D.
313 1738 407 1780 242.
447 1739 502 1780 A.
542 1737 593 1779 B.
641 1740 734 1780 243.
775 1737 824 1780 C.
868 1740 963 1780 258.
1003 1739 1057 1780 Ε.
1103 1740 1196 1782 259.
1240 1739 1291 1780 Β.
1334 1740 1420 1792 al)

74 1795 214 1836 Trivit
244 1795 377 1851 igitur
405 1801 518 1836 artes
550 1795 767 1836 rhetorum
798 1797 846 1852 (p
893 1797 987 1838 273.
1020 1797 1075 1838 A.
1108 1797 1160 1838 B.
1194 1797 1290 1838 266.
1322 1797 1418 1852 D.)‚

72 1852 397 1908 oblectaturque
452 1852 729 1893 vehementer
781 1853 978 1895 oratoriis
1033 1852 1420 1896 declamationibus

73 1909 134 1964 (p.
156 1910 250 1950 228.
269 1909 325 1951 A.
357 1915 400 1950 et
417 1910 511 1950 242.
541 1908 619 1964 Α.)
657 1916 703 1950 111
735 1909 863 1951 etiam
896 1910 941 1951 in
967 1909 1197 1967 Symposio
1230 1911 1293 1967 (p.
1328 1913 1419 1953 177.

72 1966 149 2020 A.)
203 1971 399 2007 narretur
456 1972 605 2007 auctor
663 1966 883 2020 extitisse,
944 1972 993 2008 ut
1047 1967 1197 2010 laudes
1264 1968 1422 2010 amoris

72 2021 435 2076 praedicarentur.
504 2023 600 2065 Nec
634 2024 809 2065 icmarus
850 2030 916 2065 est
946 2030 1122 2066 ornatus
1154 2025 1329 2066 oratorii
1369 2041 1421 2066 ex

73 2079 208 2134 tropis
250 2085 293 2120 et
334 2079 485 2135 figuris
518 2058 691 2121 dicendi
721 2081 964 2134 nascentis,
997 2086 1149 2136 utpote
1179 2081 1293 2123 fidus
1324 2081 1421 2123 rhe-

73 2141 214 2176 torum
245 2150 294 2177 ae
327 2136 617 2192 sophistarum
660 2136 897 2193 discipulus
937 2138 981 2179 in
1011 2138 1255 2180 istiusmodi
1287 2139 1420 2178 artifi—

75 2191 150 2233 ciis
185 2193 255 2234 vel
282 2193 487 2249 imprimis
528 2193 699 2235 dicendi
729 2194 899 2236 laudem
930 2195 1117 2249 positam
1150 2209 1243 2236 esse
1275 2195 1420 2236 existi-

76 2249 280 2290 mantium
323 2251 386 2306 (p.
408 2251 501 2292 227.
535 2266 628 2305 sqq.
662 2250 756 2292 242.
779 2251 831 2293 Β.
864 2253 959 2292 273.
984 2252 1038 2292 A.
1071 2251 1124 2291 al.
1147 2251 1243 2292 coll.
1269 2250 1418 2308 Symp.

81 2305 172 2345 178.
204 2307 336 2361 sqq),
368 2307 635 2362 maximeque
656 2308 699 2348 111
719 2307 855 2364 Lysia
884 2307 1118 2348 admiratur
1147 2322 1325 2349 acumen
1355 2309 1420 2350 in—

77 2360 193 2416 genii
232 2362 304 2418 (p.
346 2365 441 2408 227.
483 2362 580 2418 0.),
614 2365 734 2406 0111118
766 2364 1121 2406 declamationem
1170 2365 1420 2407 amatoriam

77 2423 163 2457 tam
204 2418 396 2461 studiose
425 2422 642 2474 tractavit,
676 2427 725 2462 ut
756 2436 848 2462 eam
881 2421 1010 2462 etiam
1041 2420 1267 2463 edidicisse
1298 2421 1420 2464 vide-

76 2479 174 2514 atur
213 2474 282 2529 (p.
315 2477 409 2518 227.
439 2477 496 2521 A.
529 2503 582 2511 -—
613 2478 709 2520 228.
742 2478 844 2532 Α.).
886 2477 1004 2519 Talis
1034 2478 1165 2534 igitur
1193 2478 1420 2521 Phaedrus

77 2536 158 2584 est,
190 2531 273 2572 hoc
303 2539 391 2586 est,
434 2539 477 2574 et
513 2535 746 2576 amatoriae
786 2534 1037 2590 disciplinae
1068 2540 1111 2576 et
1140 2535 1243 2577 artis
1273 2535 1418 2577 rheto-

76 2587 189 2630 ricae
232 2587 368 2630 cultor
409 2596 451 2630 et
481 2591 714 2633 admirator
750 2591 1061 2646 propemodum
1092 2592 1305 2645 furiosus,
1348 2593 1417 2633 cui

75 2651 219 2685 tamen
271 2643 392 2687 deest
439 2654 555 2689 recte
609 2648 913 2702 subtiliterque
964 2648 1185 2690 iudicandi
1233 2649 1418 2691 facultas

77 2706 205 2756 atque
225 2700 524 2757 philosophiae
549 2705 658 2746 ratio
680 2712 720 2745 et
755 2705 1049 2746 conformatio,
1111 2704 1291 2758 Qualem
1324 2705 1418 2759 qui-
