1687 2969
758 195 797 198 —
872 173 1030 212 LXXVIII
1104 195 1144 199 -

282 302 455 343 eaque
489 303 654 343 parca
697 286 990 344 dispensat
1031 288 1172 330 etin
1223 288 1394 333 animo
1445 288 1626 345 gignit

282 347 752 398 illiberalitatem,
808 361 962 402 quam
1013 345 1214 401 vulgus
1263 352 1324 386 ut
1370 345 1626 387 virtutem

284 400 600 458 praedicat,
634 417 806 456 eoque
837 402 1046 455 etficit,
1079 408 1135 442 ut
1164 416 1354 443 novem
1383 402 1482 443 ille
1513 402 1626 444 mil-

283 459 356 500 lia
386 473 650 500 annorum
681 459 833 500 cirea
872 464 1072 500 terram
1113 457 1398 499 volutetur
1437 465 1488 499 et
1528 459 1625 501 sub

283 524 435 557 terra
466 515 741 557 dementia
783 521 978 571 captus
1022 515 1106 556 sit.
1159 515 1313 569 Itaque
1352 515 1627 557 manifestum

285 579 351 614 est
390 572 549 627 Lysiae
595 572 833 613 orationem
864 587 913 613 eo
944 571 1103 624 valere,
1137 578 1185 612 ut
1216 577 1377 626 quanto
1398 571 1627 613 intervallo

284 629 473 685 vulgaris
505 645 647 683 amor,
688 629 814 684 plane
846 643 871 669 a
900 627 1174 684 philosophia
1205 643 1380 669 aversus
1429 629 1500 683 (p.
1532 630 1627 672 257.

285 687 375 741 B.),
407 687 609 741 quoniam
650 686 909 727 miserrimae
953 684 1252 741 depravationi
1298 685 1355 726 sit
1398 685 1625 738 obnoxius,

284 761 311 784 a
341 743 475 784 divini
507 742 663 784 amoris
693 742 851 783 virtute
891 757 940 783 ac
970 741 1234 797 praestantia
1275 741 1424 795 distet,
1470 742 1628 784 illustri

285 800 479 855 exemplo
513 799 780 851 declaretur,
815 797 1049 853 eademque
1080 814 1212 854 opera
1242 798 1370 839 etiam
1400 799 1445 839 in
1478 798 1530 841 iis
1559 814 1628 840 ar-

283 864 442 913 guatur
471 856 623 912 ingens
658 855 869 910 quaedam
901 855 1030 896 animi
1060 853 1230 896 humilis
1262 861 1305 896 et
1334 855 1488 897 abiecti
1534 863 1627 896 tur-

283 912 462 969 pitudo,
496 913 594 967 qui,
636 913 739 954 licet
768 912 871 953 artis
903 918 943 952 et
974 911 1178 953 scientiae
1210 912 1398 967 speciem
1438 927 1542 968 prae
1583 927 1627 954 se

283 973 447 1023 ferant,
496 976 641 1010 tamen
671 984 759 1010 non
800 967 928 1010 modo
960 983 1048 1009 non
1091 968 1267 1024 capiant
1316 968 1508 1010 celsioris
1559 984 1629 1011 sa-

283 1027 470 1083 pientiae
501 1025 644 1066 studia
674 1032 717 1067 et
748 1025 948 1078 consilia,
990 1039 1139 1065 verum
1171 1025 1299 1066 etiam
1330 1024 1535 1066 salutaria
1563 1025 1628 1066 vi-

282 1093 352 1125 tae
395 1083 634 1124 communis
674 1082 872 1124 instituta
920 1097 1070 1137 parum
1117 1088 1236 1123 recte
1295 1082 1525 1123 aestiment
1584 1088 1628 1124 et

283 1139 427 1197 pravis
489 1139 619 1180 animi
691 1138 1002 1195 cupiditatibus
1054 1138 1215 1193 pariter
1266 1144 1395 1193 atque
1444 1138 1627 1194 pusillae

282 1197 438 1239 mentis
479 1196 658 1253 argutiis
713 1195 951 1251 depravent
998 1202 1128 1249 atque
1176 1195 1483 1237 contaminent.
1557 1195 1627 1237 Ex

282 1270 368 1308 quo
407 1253 502 1310 ipso
541 1259 696 1309 sponte
735 1252 991 1308 intelligitur
1030 1251 1113 1293 hoc
1143 1252 1375 1306 consequi,
1422 1258 1469 1293 ut.
1499 1252 1628 1294 etiam

283 1310 416 1352 divini
441 1310 556 1351 illius
589 1309 765 1363 amoris,
809 1324 935 1364 quem
976 1308 1195 1364 sapientes
1227 1308 1397 1361 colunt,
1439 1308 1627 1365 dignitas

283 1374 326 1409 et
356 1367 620 1424 praestantia
636 1366 896 1408 luculentius
925 1371 1115 1421 emergat
1132 1364 1373 1420 clariusque
1394 1366 1629 1421 perspicia-

281 1432 365 1466 tur.
425 1425 574 1479 Atque
616 1423 724 1465 haec
763 1423 799 1465 si
829 1429 946 1464 recte
976 1422 1037 1463 ita
1071 1437 1096 1462 a
1125 1422 1251 1464 nobis
1283 1421 1476 1464 iudicata
1506 1428 1624 1477 sunt,

282 1488 397 1523 certe
421 1497 499 1522 nec
530 1481 762 1522 obscurum
792 1480 885 1533 erit,
917 1495 994 1520 cur
1024 1477 1227 1521 Socrates
1249 1495 1421 1533 quoque
1441 1479 1626 1522 eundem

282 1538 399 1579 illum
439 1553 627 1579 amorem
665 1537 807 1593 priore
847 1536 1039 1578 oratione
1070 1550 1149 1577 sua
1178 1535 1384 1590 celebret,
1417 1542 1568 1592 utpote
1602 1552 1628 1578 a

282 1595 484 1637 Phaedro
527 1600 703 1636 coactus
734 1599 906 1649 praeter
936 1608 1056 1634 suam
1090 1591 1357 1634 voluntatem
1387 1592 1440 1634 de
1475 1593 1629 1635 eodem

283 1657 536 1708 argumento
567 1651 700 1692 verba
728 1652 883 1692 facere.
943 1649 1160 1691 Nimirum
1189 1649 1316 1690 huius
1335 1664 1508 1704 quoque
1531 1665 1628 1692 ora-

281 1710 342 1750 tio
384 1724 471 1751 non
510 1708 714 1749 aliorsum
752 1707 961 1763 pertinet3
1007 1705 1086 1747 sed
1115 1706 1386 1761 propositum
1414 1707 1454 1747 ei
1482 1712 1629 1749 tamen

282 1766 408 1808 simul
448 1765 531 1807 hoc
571 1771 658 1817 est,
700 1771 749 1806 ut
785 1764 924 1805 vitiati
966 1763 1122 1805 amoris
1152 1762 1372 1805 humilitas
1412 1778 1462 1804 ac
1490 1764 1628 1820 turpi-

282 1822 388 1864 tudo
421 1823 549 1864 etiam
579 1821 737 1863 certius
776 1820 1108 1862 demonstretur.
1169 1818 1300 1872 Quod
1339 1835 1424 1874 qua
1459 1820 1628 1863 ratione

283 1879 520 1932 efficiatur,
563 1879 669 1920 satis
711 1884 906 1934 apertum
947 1882 1024 1918 est.
1091 1876 1265 1917 Etenim
1308 1876 1494 1931 primum
1533 1877 1627 1932 qui-

285 1935 383 1977 dem
425 1936 497 1976 ille
537 1950 624 1977 non
665 1934 756 1976 sine
794 1934 950 1975 festiva
999 1933 1271 1975 cavillatione
1320 1932 1626 1988 sophistarum,

283 1992 593 2035 vocabulorum
633 1991 917 2047 originatione
957 1990 1001 2031 in
1043 1988 1289 2031 definiendo
1337 2005 1469 2045 prave
1521 1991 1627 2033 abu-

283 2050 480 2102 tentium,
512 2065 554 2104 p.
589 2049 683 2090 238.
716 2048 767 2089 B.
800 2045 868 2100 C.,
897 2047 985 2088 vim
1016 2052 1059 2087 et
1089 2052 1286 2087 naturam
1316 2045 1440 2088 istius
1471 2048 1627 2090 amoris

285 2107 527 2148 accuratius
559 2104 781 2157 describit,
813 2110 861 2145 ut
890 2103 974 2144 iam
1006 2102 1181 2144 tandem
1211 2108 1403 2156 constet,
1438 2103 1543 2158 quid
1573 2104 1626 2146 de

284 2165 375 2204 eius
397 2170 494 2204 ortu
517 2169 646 2217 atque
676 2162 794 2203 fonte
813 2159 1140 2202 existimandum
1170 2160 1236 2202 sit.
1297 2159 1468 2202 Deinde
1499 2160 1627 2202 etiam

285 2220 338 2262 de
371 2226 623 2277 argumento
650 2218 874 2275 proposito
915 2217 1027 2258 clare
1058 2216 1195 2273 inagis
1225 2223 1267 2257 et
1295 2217 1523 2272 perspicue
1553 2233 1628 2259 ex-

284 2277 432 2333 ponit,
475 2276 622 2318 vitatis
656 2276 784 2331 nugis
817 2273 1080 2329 sophisticis,
1112 2273 1363 2329 praesertim
1397 2289 1529 2327 quum
1560 2273 1625 2315 dj-

285 2334 413 2375 cendi
449 2333 671 2374 materiam
711 2338 811 2388 apte
852 2330 1081 2372 describat.
1151 2330 1296 2371 Docet
1326 2329 1438 2371 enim
1471 2330 1622 2372 ordine

286 2389 513 2445 deinceps,
557 2396 747 2431 amantes
773 2388 957 2445 primum
993 2386 1185 2428 animis
1227 2386 1288 2442 (p.
1322 2387 1416 2428 239.
1448 2385 1497 2428 C.
1528 2387 1625 2442 D.),

286 2446 443 2488 deinde
474 2445 806 2502 corporibus
839 2445 901 2501 (p.
934 2445 1028 2485 239.
1052 2443 1106 2484 Ε.
1138 2443 1250 2497 sq.),
1283 2441 1468 2496 denique
1499 2444 1627 2486 etiam

286 2510 547 2544 externae
596 2503 749 2544 vitae
780 2501 940 2544 bonis
988 2506 1115 2554 atque
1157 2499 1355 2540 felicitati
1406 2500 1480 2556 (p.
1528 2502 1624 2545 239.

284 2559 338 2601 E.
379 2584 435 2590 -—
475 2561 571 2601 241.
615 2557 697 2613 C.)
739 2574 912 2612 eorum,
964 2571 1072 2612 quos
1118 2570 1260 2597 amore
1303 2571 1381 2597 suo
1413 2557 1627 2614 complec-

285 2623 454 2671 tantur,
496 2616 648 2657 mirum
698 2621 906 2671 quantum
941 2613 1115 2656 officere
1156 2619 1198 2654 et
1235 2627 1414 2654 nocere:
1450 2614 1495 2655 in
1543 2629 1627 2669 qua

285 2673 470 2729 partium
505 2672 818 2728 descriptione,
851 2686 988 2727 nuper
1017 2685 1042 2712 a
1071 2668 1329 2726 quibusdam
1361 2670 1520 2713 criticis
1548 2670 1628 2712 mi-

286 2730 404 2772 rifice
445 2730 668 2785 neglecta,
710 2728 995 2784 philosophus
1036 2726 1266 2768 manifesto
1306 2726 1627 2768 celeberrimam
