1687 2969
409 211 650 249 GORGIAS.
680 211 723 248 P.
756 213 848 248 467.
881 214 973 247 468.
1005 211 1062 247 ed.
1095 211 1150 247 St.
1370 211 1441 244 151

96 319 292 360 δυνεύειν
331 318 400 359 καὶ
439 319 646 372 πράγματ’
688 316 817 371 ἔχεινς
867 318 956 357 ἀλλ’
996 316 1151 366 ἐκεῖνο,
1202 312 1342 368 οἶμαι,
1393 308 1446 354 οὗ

95 383 217 425 ἕνεκα
253 380 454 434 πλέουσι,
495 386 716 425 πλουτεῖν·
760 383 951 424 πλούτου
989 382 1070 435 γὰρ
1108 380 1229 422 ἕνεκα
1258 378 1444 421 πλέουσι.

101 449 247 488 ΠΩΛ.
280 449 408 489 Πάνυ
428 462 486 500 γε.
543 449 644 488 ΣΩ.
662 443 799 488 ’Ἄλλο
822 462 860 487 τι
883 444 963 488 οὖν
985 446 1094 487 οὕτω
1121 445 1190 487 καὶ
1218 443 1313 496 περὶ
1341 445 1442 485 πάν-

97 528 204 561 των,·
245 511 319 554 ἐάν
357 513 419 561 τίς
446 528 485 553 τι
514 513 675 566 πράττῃ
704 511 826 553 ἕνεκά
854 527 956 560 του.
997 511 1049 550 οὐ
1077 513 1203 551 τοῦτο
1233 510 1443 562 βούλεται,

97 577 120 619 ὃ
148 579 332 631 πράττει,
361 578 448 618 ἀλλ’
479 576 638 627 ἐκεῖνο,
680 571 731 618 οὗ
761 576 883 618 ἕνεκα
911 577 1101 627 πράττεις
1155 577 1301 616 ΠῼΛ.
1343 575 1441 614 Ναί.
1474 573 1511 614 Ε

95 646 192 684 ΣΩ.
228 636 320 695 5AQ'
362 639 442 683 οὖν
482 640 566 683 ἔστι
594 657 632 682 τι
660 645 745 683 τῶν
775 645 935 690 ὄντων,
980 639 1002 681 ὃ
1033 640 1126 694 οὐχὶ
1150 643 1247 696 *ἤτοιΓ
1276 640 1445 693 α’γαθόν

50 705 128 761 νὴγ’
171 706 283 748 ἐστὶν
319 707 345 760 ἢ
382 708 516 749 κακὸν
556 708 582 760 ἢ
618 707 771 760 μεταξὺ
799 707 984 755 τούτων,
1026 708 1120 745 οὔτε
1150 706 1320 757 ἀγαθὸν
1349 708 1444 745 οὔτε

94 773 249 822 κακόν,·
322 774 464 814 ΠΩΛ.
524 772 670 825 Πολλὴ
711 772 899 825 ἀνάγκη,
957 765 989 811 ὦ
1037 771 1275 821 Σώκρατες.
1344 771 1443 810 ΣΩ..
1482 757 1489 763 “

100 838 274 879 Οὐκοῦν
310 837 442 890 λὲγεις
483 833 591 877 εἶναι
620 836 789 890 ἀγαθὸν
817 836 895 889 μὲν
923 837 1084 888 σοφίαν
1112 850 1153 876 τε
1183 835 1251 876 καὶ
1281 835 1445 886 ὑγίειαν

96 902 163 943 καὶ
203 906 391 943 πλοῦτον
428 901 496 943 καὶ
535 898 664 942 τᾶλλα
701 901 751 941 τὰ
786 905 986 949 τοιαῦτα.
1030 900 1138 941 κακὰ
1168 899 1212 941 δὲ
1240 900 1444 940 τάναντία

94 969 259 1009 τούτων
270 985 280 1017 3
329 969 473 1008 ΠῼΛ.
500 963 673 1020 ’Έγωγε
733 968 829 1006 ΣΩ.
880 966 941 1006 Τὰ
970 964 1012 1006 δὲ
1041 967 1142 1019 μήτε
1172 965 1316 1018 ἀγαθὰ
1344 965 1445 1018 μήτε

96 1032 205 1074 κακὰ
227 1029 310 1084 ἆρα
332 1033 471 1074 τοιάδε
493 1030 641 1085 λέγεις,
671 1034 697 1071 ἃ
718 1030 848 1072 ἐνίοτε
872 1029 948 1084 μὲν
968 1030 1123 1083 μετέχει
1151 1038 1235 1072 τοῦ
1258 1031 1444 1083 ἀγαθοῦ,

97 1097 229 1139 ἐνίοτε
248 1098 293 1139 δὲ
315 1101 394 1139 τοῦ
416 1102 567 1145 κακοῦ,
597 1096 728 1138 ε’νίοτε
759 1096 802 1137 δὲ
832 1095 1070 1148 οὐδετέρου,
1102 1091 1196 1136 οἷον
1225 1098 1446 1147 καθῆσθαι
1474 1094 1556 1134 468

98 1163 167 1204 καὶ
207 1163 391 1216 βαδίζειν
428 1163 498 1203 καὶ
526 1162 686 1215 τρέχειν
716 1160 784 1202 καὶ
813 1163 945 1211 πλεῖν,
988 1160 1055 1201 καὶ
1088 1156 1182 1201 οἷον
1212 1156 1266 1200 αὖ
1295 1161 1446 1207 λίθους

96 1228 165 1270 καὶ
186 1229 289 1279 ξύλα
313 1228 382 1270 καὶ
410 1220 540 1268 τᾶλλα
568 1227 619 1268 τὰ
647 1233 845 1274 τοιαῦτας
876 1227 928 1267 οὐ
956 1231 1089 1266 ταῦτα
1118 1226 1271 1278 λέγεις-ς
1304 1225 1325 1277 ἢ
1355 1223 1444 1264 ἀλλ’

95 1296 198 1334 ἅττα
236 1296 376 1342 καλεῖς
412 1293 463 1334 τὰ
502 1295 603 1347 μήτε
641 1291 785 1344 ἀγαθὰ
825 1292 925 1344 μήτε
966 1291 1097 1339 κακά,
1151 1292 1292 1331 ΠΩΛ.
1340 1291 1443 1337 Οὔκ,

97 1359 200 1400 άλλὸι
225 1366 369 1400 ταῦτα.
426 1360 524 1401 ΣΩ.
569 1358 763 1409 Πότερον
787 1352 867 1397 οὖν
891 1355 941 1397 τὰ
962 1356 1116 1409 μεταξὺ
1145 1363 1276 1396 ταῦτα
1305 1353 1446 1396 ἕνεκεν

96 1427 181 1465 τῶν
205 1425 385 1477 ἀγαθῶν
405 1424 678 1475 πράττουσιν,
710 1422 814 1462 ὅταν
836 1422 1088 1473 πράττωσιν,
1118 1421 1143 1474 ἢ
1168 1420 1338 1473 τάγαθὰ
1360 1422 1446 1460 τῶν

98 1528 136 1556 ut
172 1535 430 1566 supervacanea
467 1524 655 1555 Hermann.

99 1570 253 1622 repetita.

166 1609 217 1646 οὗ
244 1614 290 1646 ε’]
300 1625 374 1646 ena
400 1612 478 1655 πλ.]
504 1613 545 1644 V.
569 1614 686 1644 εἱιεκα
710 1612 828 1643 invitis
853 1611 947 1643 codd.
971 1611 1142 1652 plerisque
1166 1611 1334 1642 omnibus.

166 1660 207 1691 E.
255 1656 374 1691 εἶναι
407 1656 581 1701 ἅγαθὸ1
605 1657 681 1696 μὲι
709 1655 891 1699 σοφιαι]
927 1654 1042 1698 ἀγαθὰ
1067 1656 1263 1688 Findeisen.
1287 1665 1329 1686 ex
1355 1654 1449 1685 Stob.

100 1704 243 1747 Eclogg.
267 1705 378 1736 Ethie.
404 1703 510 1736 serm.
535 1701 601 1742 43„
626 1703 684 1733 ubi
708 1706 799 1734 totus
819 1702 914 1733 locus
939 1701 1017 1732 inde
1043 1712 1062 1732 a
1087 1712 1159 1743 cap.
1184 1700 1296 1732 XXII.
1321 1700 1368 1730 in.
1393 1710 1449 1730 ex-

101 1750 246 1792 scriptus
270 1749 406 1792 legitur.

715 1523 823 1555 Nobis
861 1522 1020 1554 videntur
1055 1522 1138 1553 satis
1179 1524 1256 1563 apte
1299 1521 1341 1552 ab
1382 1519 1447 1552 hoe

100 1837 203 1872 ἄλλον
808 1837 1065 1878 lesponsionem
1096 1836 1209 1877 potius
1242 1834 1284 1866 ad
1316 1837 1449 1864 senten-

809 1882 892 1913 tiam
932 1892 1034 1922 quam
1079 1880 1120 1911 ad
1159 1880 1310 1912 Socratis
1345 1877 1451 1910 verba

810 1926 1102 1958 accommodatam
1135 1936 1226 1964 CSSO,
1259 1929 1297 1955 Ut
1329 1934 1450 1955 Sensus

257 1836 490 1881 χρηματισμὸν
538 1835 739 1880 χρηματιζό-

99 1896 207 1924 μενοι.
230 1902 272 1907 -
298 1885 388 1916 Ante
412 1885 572 1935 πλουτεῖν
596 1893 638 1914 ne
663 1882 740 1923 quis

99 1929 266 1962 desideret
308 1929 491 1961 articulum
531 1925 583 1963 τό,
635 1937 738 1968 quum

99 1974 322 2060 praecesseript
354 1973 388 2005 τὸ
422 1972 606 2016 ὑγιαίνειν,
639 1983 671 2003 v.
697 1971 737 2002 ad

98 2019 275 2052 Phaedon.
325 2018 408 2051 .64
434 2019 470 2050 C.
505 2022 538 2048 et
624 2016 675 2050 70.
703 2018 740 2048 Ο.

100 2065 190 2097 conf.
223 2064 325 2106 Gorg.
357 2074 389 2105 p.
421 2062 497 2095 460.
523 2063 561 2095 C.
566 2028 675 2094 p491.
698 2063 740 2092 D.

100 2108 176 2142 501.
192 2110 231 2140 Ε.
249 2127 293 2132 -
293 2075 384 2140 gPro
410 2105 558 2139 πλούτου
584 2108 646 2138 etsi
672 2106 741 2137 diei

99 2158 231 2197 poterat
247 2152 380 2193 τούτου,
405 2152 496 2194 quod
511 2152 638 2194 legitur
652 2151 741 2193 apud

101 2199 216 2239 Stob„
270 2204 384 2230 tamen
441 2199 581 2240 gravius
628 2198 740 2238 ipsum

103 2255 227 2277 nomen
256 2244 403 2286 ponitur
426 2282 437 2286 -

139 2287 260 2321 Ἀλλο
309 2301 341 2320 τι
389 2288 468 2319 οὐ1
515 2285 625 2318 οὕτω
673 2286 739 2317 καὶ

103 2334 203 2375 περὶ
230 2332 422 2369 πάντων·
432 2332 442 2375 ]
476 2331 684 2372 Ιῃτε11.ὲχει.
710 2342 739 2361 v.

103 2379 148 2410 ad
179 2390 211 2421 p.
235 2377 312 2411 460.
336 2379 374 2410 B.
422 2378 487 2409 His
522 2381 634 2408 autem
669 2386 742 2417 pro-

101 2425 196 2455 xima
223 2423 514 2465 interpretationis
540 2432 662 2453 caussa
687 2421 743 2451 ad-

103 2471 192 2501 iecta
230 2472 319 2500 sunt.
371 2468 403 2498 H
414 2468 480 2499 ein
492 2467 511 2498 d
521 2478 539 2498 o
549 2467 594 2498 rf.
627 2471 741 2497 notam

103 2513 336 2556 interrogandi
350 2516 426 2554 post
439 2511 576 2543 πάντωι
593 2511 743 2543 sustulit.

149 2560 188 2590 E.
253 2555 394 2599 Πολλὴ
440 2555 630 2600 ά1άγκη]
677 2557 742 2587 Fi-

106 2605 253 2635 cinus:
279 2602 399 2633 nihil
423 2604 607 2634 omnino.
647 2601 743 2633 Unde

107 2649 138 2680 H
148 2649 217 2680 ein
226 2647 247 2679 d
257 2658 275 2678 ο
286 2648 341 2678 rfi
350 2658 373 2678 u
383 2658 397 2679 s
435 2647 639 2679 conficiebat
677 2644 744 2678 013-

110 2692 186 2730 δὲν,
227 2692 329 2734 πολλὴ
361 2689 501 2735 ἀνάγκη.
557 2691 623 2723 Sed
656 2697 745 2723 reete

108 2739 241 2770 monuit
258 2738 549 2769 Buttmannus
566 2737 657 2769 hanc
671 2737 747 2769 Poli

808 1972 865 2002 hie
891 1972 952 2002 sit:
978 1981 1162 2003 necesse
1189 1975 1254 2001 est
1278 1970 1450 2000 omnino

809 2027 933 2048 omne
953 2015 1064 2057 quod
1085 2016 1141 2046 sit
1160 2025 1286 2046 unum
1312 2025 1360 2045 ex
1385 2014 1450 2045 his

810 2061 953 2093 tribus
985 2072 1088 2092 esse.
1136 2061 1255 2101 Itaque
1285 2070 1328 2090 ex
1353 2069 1450 2104 supe-

809 2106 955 2138 rioribus
993 2105 1142 2147 intessigi
1182 2108 1310 2146 potest.
1357 2105 1454 2134 εἰιαί

811 2164 884 2182 τι1α
907 2155 974 2182 τῶι
995 2149 1107 2182 ὅνιτωι
1131 2147 1260 2192 ἀγαθά,
1287 2149 1386 2188 ἕτε1α
1412 2147 1450 2179 δὲ

811 2195 895 2227 κακὰ
934 2195 988 2227 καὶ
1024 2193 1103 2226 ἄλλα
1137 2194 1325 2236 μνδέτερα,
1369 2191 1451 2224 ἀλλὰ

810 2239 946 2281 μειαξυ.
1002 2240 1111 2271 Aliter
1157 2241 1193 2271 Μ
1206 2250 1249 2270 01
1259 2243 1450 2281 genste1

811 2298 830 2317 11
841 2287 851 2317 i
862 2297 882 2316 u
893 2297 908 2317 5
945 2286 1062 2327 Progr.
1103 2295 1132 2315 a.
1167 2283 1264 2316 1821.
1306 2283 1451 2325 Dorpati

811 2331 889 2362 edit.
914 2341 945 2371 p.
971 2331 1045 2361 XV.
1093 2329 1179 2361 Mihi
1210 2329 1348 2371 quidem
1358 2354 1366 2368 ,
1401 2329 1451 2360 in-

812 2376 884 2417 quit
914 2375 992 2413 ille,
1037 2374 1321 2416 interponendum
1359 2372 1451 2405 haud

811 2419 992 2452 videbatur
1015 2419 1157 2451 verbum
1182 2417 1307 2458 owen-3
1333 2423 1368 2451 at
1389 2419 1451 2450 Po-

812 2466 881 2497 lum
917 2469 1170 2497 renuentem
1202 2464 1286 2495 mihi
1320 2474 1452 2505 reprae-

812 2510 988 2542 sentabam
1019 2520 1059 2542 ac
1084 2515 1155 2541 tum
1180 2509 1314 2541 demum
1339 2509 1454 2540 dieen-

811 2561 879 2587 tem
905 2566 1002 2586 suum
1030 2555 1131 2597 πολλὴ
1155 2552 1295 2597 ἀιάγκη.

858 2601 894 2631 Ρ.
911 2599 987 2632 468.
1025 2599 1324 2640 ποάττουσι1,
1351 2596 1453 2629 ὅται

817 2657 838 2676 ,τ
855 2643 1084 2688 ράττωσιν]
1145 2645 1261 2676 Tertia
1307 2653 1453 2685 pelsona

816 2690 958 2732 pluralis
988 2692 1136 2729 numeri,
1176 2700 1261 2730 quae
1295 2688 1335 2719 ad
1367 2687 1453 2718 indi-

816 2735 964 2768 candum
1009 2735 1203 2767 subiectum
1239 2733 1456 2766 indefinitum
