1687 2969
179 196 231 232 82
712 191 972 231 PLATONIS

181 317 267 342 των
295 299 575 354 δημιουργός,
618 300 872 353 ἀπεκρίνατο
902 300 956 341 ἂν
985 300 1126 354 δήπου
1151 309 1242 351 σοι,
1285 295 1349 342 ὅτι
1377 308 1529 341 σκυτο-

181 367 321 419 τόμος.
352 366 378 419 ἢ
409 366 461 406 οὐ
489 365 737 418 μανθάνεις.
768 366 825 414 ὡς
851 366 983 419 λέγως

270 431 375 490 Cap.
405 431 463 473 H.
526 435 643 473 XAI.
693 433 928 474 Μανθάνω
967 432 1039 473 καὶ
1078 432 1292 486 ἐρήσομαι.
1333 456 1380 460 -
1421 428 1530 472 Εἰπέ

183 514 275 552 μοι,
318 500 350 538 ὼ
380 497 564 550 Γοργία,
603 498 744 551 ἀληθῆ
774 496 882 550 λέγει
913 499 1152 550 Καλλικλῆς
1180 496 1272 546 ὅδε,
1316 492 1380 536 ὅτι
1410 494 1532 548 ἐπαγ-

182 561 318 617 γέλλει
346 563 654 614 ἀποκρίνεσθαι
684 560 707 603 ὅ
735 578 773 603 τι
795 566 850 603 ἄν
877 564 939 611 τίς
960 573 1005 603 σε
1027 561 1182 615 ἐρωτᾷς
1212 564 1253 602 Γ
1253 563 1336 602 ΟΡ.
1365 562 1532 614 Ἀληθῆ,

72 630 154 671 448
187 625 218 670 ὦ
246 631 494 681 Χαιρεφῶν·
524 626 592 668 καὶ
622 627 702 679 γὰρ
733 634 815 668 νῦν
839 626 890 681 δὴ
921 627 1028 668 αὐτὰ
1048 634 1180 668 ταῦτα
1205 626 1535 680 ἐπηγγελλόμην,

184 694 255 736 καὶ
283 694 414 746 λέγωῚ
457 689 519 733 ὅτι
550 693 688 740 οὐδείς
716 694 765 745 μὲ
794 707 859 733 πω
887 693 1074 746 ἠρώτηκε
1102 693 1253 733 καινὸν
1282 689 1409 732 οὐδὲν
1435 693 1534 732 πολ-

185 762 272 800 λῶν
303 757 419 799 ἐτῶν.
472 759 591 797 ΧΑΙ.
617 749 674 797 3H
695 772 780 797 που
808 760 891 809 ἄρα
920 757 1075 812 ῥᾳδίως
1102 758 1332 810 εὶποκρινεῖ,
1366 751 1399 796 ὦ
1429 759 1532 808 Γορ-

185 826 268 878 γία.
326 824 452 864 ΓΟΡ.
484 823 668 874 Παρεστι
696 823 852 863 τούτου
880 826 1056 875 πεῖραν,
1088 816 1121 862 ὦ
1152 823 1403 875 Χαιρεφῶν,
1433 824 1533 875 λαμ-

187 891 346 943 βάνειν.
395 889 540 927 ΠῼΛ.
573 885 644 941 Νὴ
674 888 782 928 Δία·
814 887 868 928 ἂν
897 887 940 928 δέ
970 902 1016 940 γε
1044 888 1193 941 βούλῃ,
1226 883 1258 928 ὠ
1289 889 1533 940 Χαιρεφῶν,

252 1000 296 1030 D.
344 996 612 1038 μανθάνεις,
638 996 692 1031 ὠς
717 997 841 1041 λέγω]
868 998 957 1030 Vett.
980 998 1072 1031 editt.
1091 1008 1169 1030 cum
1186 999 1262 1030 Par.
1285 999 1370 1030 EF.
1398 995 1416 1029 ὃ
1440 997 1537 1041 λέγω.

185 1044 277 1076 Illud
300 1044 368 1075 iam
392 1045 471 1075 Bas.
494 1043 525 1076 2.
551 1043 699 1075 exhibet.

255 1087 531 1131 ἐπαγγέλλει]
575 1089 614 1120 V.
648 1087 846 1131 ἐπαγγέλλῃ.
896 1088 1050 1120 Alteram
1080 1088 1224 1120 formam
1257 1088 1313 1120 hic
1346 1091 1380 1119 et
1409 1088 1536 1129 ubique

187 1135 304 1166 Clark.
322 1133 489 1176 praebuit,
514 1134 591 1165 aliis
606 1133 703 1165 libris
720 1135 776 1165 hic
792 1139 825 1166 et
840 1133 913 1165 illic
936 1134 1214 1165 assentientibus.
1261 1134 1313 1165 De
1338 1143 1405 1174 quo
1430 1133 1536 1165 semel

186 1180 360 1211 monuisse
385 1179 468 1211 satis
493 1180 565 1210 erit.
612 1180 679 1211 Pro
705 1177 963 1220 ἀποκρίνεσθαι
988 1189 1075 1211 unus
1100 1179 1176 1210 Par.
1202 1179 1228 1210 Ι.
1252 1175 1535 1219 ἀποκρινεῖσθαι.

186 1226 355 1257 Praesens
387 1225 539 1256 omnium
577 1225 785 1265 reliquorum
820 1225 1019 1256 auctoritate
1053 1224 1224 1256 firmatum
1248 1235 1315 1265 qua
1340 1223 1416 1266 lege
1439 1234 1538 1255 usur-

186 1275 301 1312 petur,
333 1269 376 1302 ad
402 1270 529 1301 Criton.
562 1279 593 1311 p.
621 1268 674 1302 52.
701 1270 739 1301 C.
765 1271 805 1301 D.
839 1270 1121 1312 significavimus.
1175 1270 1319 1301 Temere
1348 1279 1457 1311 nuper
1486 1269 1536 1300 fu-

187 1321 302 1347 turum
326 1315 584 1356 adaptaverunt.

233 1405 316 1446 Cap.
331 1405 374 1436 11.
391 1403 552 1436 Jlavz‘ra'
565 1416 618 1435 ιἰυ
645 1406 712 1436 καὶ
739 1403 783 1445 ἐρ
796 1402 829 1446 ή-

191 1460 330 1488 σομαι.
356 1450 411 1493 -]
445 1450 594 1481 Putandi
625 1456 705 1482 sunt
734 1460 827 1481 nunc

189 1495 345 1527 Calliclis
362 1495 462 1527 aedes
486 1495 633 1537 ingressi
658 1506 742 1534 esse,
768 1495 828 1526 ubi

188 1541 399 1582 colloquium
426 1551 505 1572 cum
531 1540 660 1582 Gorgia
684 1546 716 1572 et
741 1540 825 1572 Polo

188 1586 389 1619 instituitur.

233 1632 271 1662 P.
295 1630 372 1664 448.
405 1629 466 1662 ὅτι
492 1627 641 1663 οὐδείς
671 1629 720 1668 με’
754 1629 825 1672 πω]

189 1675 320 1708 Schol.:
348 1673 382 1707 τὸ
409 1688 425 1707 o
442 1673 564 1708 ὐδείς
590 1687 650 1706 πω
673 1672 750 1706 ἀντὶ
768 1678 827 1706 τοῦ

190 1718 236 1752 οὐ
278 1719 455 1753 πώποτε.
497 1720 551 1752 καὶ
593 1718 826 1762 Θονκυδίδης·

189 1763 345 1799 οὐδείς
372 1777 441 1797 πω.
468 1776 498 1800 v,
515 1765 704 1806 Thucyd.
730 1766 755 1805 I,
772 1764 825 1799 32.

187 1809 242 1845 37.
275 1810 326 1843 76.
359 1811 402 1843 al.
437 1810 609 1842 Videlicet
645 1816 826 1852 utrumque

187 1860 279 1887 recte
289 1856 422 1894 dicitur,
436 1860 469 1887 et
478 1852 594 1888 οὐδείς
608 1867 659 1887 πω
670 1853 826 1889 ρῒοῦδεὶς

188 1899 334 1937 πώποτε,
360 1901 418 1932 sed
435 1911 505 1932 non
520 1902 594 1932 sine
619 1901 736 1942 aliqua
752 1912 826 1932 sen-

187 1946 315 1977 tentiae
339 1945 547 1979 diversitate.
597 1947 744 1978 Gravius
775 1950 827 1978 est

188 1992 280 2023 enim
309 1990 374 2022 hoc
406 2002 508 2032 quam
540 1991 684 2022 alterum
708 1987 825 2024 οὐδείς

188 2047 251 2068 πω.
298 2037 443 2067 Prorsus
467 2035 584 2068 eodem
611 2046 731 2067 sensus
760 2036 824 2067 dis-

187 2081 328 2113 crimine
353 2092 416 2112 nos
440 2081 586 2112 dicimus
611 2081 725 2113 lseivner
741 2081 826 2112 noch

187 2126 246 2157 hat
260 2126 365 2158 dieses
385 2126 525 2168 yesehen
550 2131 582 2158 et
603 2126 718 2158 keiner
742 2126 825 2158 ⁷20ch

186 2171 246 2202 hat
286 2171 390 2203 dieses
422 2171 546 2213 jemals
583 2171 723 2213 yeselten
768 2182 826 2213 pa-

186 2217 332 2257 riterque
356 2217 471 2248 Latini
496 2217 683 2248 nondum
716 2217 824 2257 quis-

186 2272 322 2302 quam
369 2266 403 2293 et
447 2262 654 2293 nondum
701 2262 825 2303 quis-

187 2316 310 2347 quam
335 2317 522 2347 unquam
546 2308 595 2338 ita
619 2307 754 2345 dicunt,
787 2311 825 2338 ut

187 2351 330 2382 alteram
350 2352 532 2383 formulam
556 2353 591 2383 111
608 2351 824 2394 gravioribus

186 2397 364 2428 sententiis
387 2407 553 2438 usurpare
578 2398 720 2429 soleant.
757 2398 825 2428 De-

185 2440 264 2472 inde
300 2443 463 2473 πολλῶν
504 2441 610 2474 ἑτῶν
642 2446 693 2474 est
723 2442 822 2473 mul—

185 2489 327 2518 torum
388 2497 599 2518 annorum
667 2487 823 2528 spatio.

186 2531 238 2563 Cf.
262 2541 293 2572 p.
319 2530 394 2563 516.
420 2532 462 2562 D.
487 2543 518 2564 v.
544 2532 665 2564 Matth.
691 2533 749 2564 Gr.
768 2532 824 2563 Gr.

186 2576 214 2615 ἓ.
240 2575 317 2610 377.
341 2574 372 2608 2.
397 2575 429 2610 b.
454 2587 482 2608 e.
502 2595 543 2600 —-
563 2571 603 2608 Ἡ
627 2588 707 2609 που
733 2574 823 2617 ἄρα,

181 2621 298 2662 gewis-3
327 2621 413 2652 wohl
450 2621 519 2652 also
549 2622 642 2653 πίνει
680 2622 743 2665 (Ζα-
765 2622 826 2652 mit

184 2665 403 2707 Leicktiykeit
412 2671 603 2698 antworten.
617 2667 706 2699 Nam
722 2666 741 2708 ἡ
754 2677 821 2698 που

184 2714 236 2742 est
265 2711 286 2742 i.
313 2722 343 2752 q.
377 2708 485 2744 ὅντως
518 2723 585 2742 που
598 2736 605 2749 ,
648 2716 688 2744 ut
719 2712 822 2743 inter-

896 1408 1071 1445 pretantur
1084 1408 1164 1435 vett.
1173 1404 1390 1446 grammatici
1403 1416 1410 1435 ε
1423 1403 1534 1435 wahr-

896 1449 960 1481 liclz
984 1449 1076 1481 wohl.
1107 1449 1186 1481 Non
1209 1460 1333 1481 vacare
1356 1449 1441 1481 haec
1464 1449 1535 1481 leni

897 1495 1055 1527 irrisione
1080 1494 1224 1536 quilibet
1247 1495 1381 1529 sentiet.

943 1583 1065 1616 ΠΩΑ.
1116 1583 1179 1627 Νὴ
1213 1585 1322 1616 Δία·
1352 1583 1429 1627 -—]
1483 1584 1537 1616 De

896 1630 981 1662 Polo
1006 1630 1223 1661 Routhius
1249 1629 1292 1662 ad
1315 1629 1348 1661 h.
1372 1629 1414 1663 l.:
1440 1630 1537 1669 „Po-

896 1675 982 1715 lus,
1015 1675 1128 1706 rhetor
1151 1675 1415 1717 Agrigentinus,
1454 1675 1539 1706 Gor-

896 1721 974 1762 giae
995 1719 1128 1751 auditor
1151 1721 1226 1760 fuit,
1252 1721 1312 1762 qui
1335 1719 1377 1751 ob
1402 1721 1538 1751 institu-

895 1766 1023 1797 tionem
1046 1766 1197 1806 praemio
1222 1765 1346 1806 amplo,
1375 1769 1415 1796 ut
1437 1766 1540 1796 refert

895 1810 1136 1850 Philostratus,
1161 1810 1307 1842 donatus
1327 1814 1389 1849 est,
1414 1810 1538 1852 quippe

896 1866 1000 1896 quum
1024 1856 1130 1887 Polus
1157 1856 1258 1887 fuerit
1282 1855 1481 1886 ditissimus.
1506 1865 1539 1886 v.

896 1900 1056 1932 Philostr.
1069 1901 1150 1932 Vitt.
1165 1900 1314 1942 Sophist.
1331 1900 1369 1931 L.
1384 1900 1408 1931 Ι.
1421 1898 1536 1942 p.500.

895 1946 1054 1977 Meminit
1082 1946 1156 1977 eius
1188 1956 1264 1977 cum
1296 1945 1374 1976 aliis
1398 1945 1538 1986 inclytis

895 1991 1055 2032 sophistis
1072 1991 1107 2022 in
1124 1991 1262 2032 Theage
1287 2001 1422 2032 quoque
1438 1990 1538 2022 Plato

894 2046 925 2077 p.
941 2034 1014 2068 128.
1030 2036 1070 2067 Α.
1092 2036 1172 2067 etin
1186 2036 1341 2068 Phaedro
1362 2046 1394 2077 p.
1407 2034 1484 2068 267.
1499 2034 1538 2067 C.

895 2080 1072 2112 Nonnulla
1091 2081 1234 2122 scripsit,
1261 2081 1301 2112 de
1322 2081 1445 2122 quibus
1464 2080 1537 2111 Sui-

895 2125 972 2157 dam
997 2126 1169 2158 consulas.
1202 2127 1304 2158 Hunc
1322 2130 1435 2157 autem
1454 2130 1537 2157 tam-

895 2181 996 2212 quam
1027 2172 1063 2202 in
1096 2171 1257 2202 affectata
1288 2172 1441 2202 oratione
1470 2170 1537 2202 sibi

893 2216 1084 2258 placentem
1119 2216 1193 2247 risit
1231 2220 1345 2247 noster
1379 2215 1536 2257 pluribus

894 2262 989 2299 locis,
1006 2266 1043 2292 ut
1056 2272 1087 2302 p.
1098 2259 1174 2293 448.
1191 2260 1226 2292 C.
1243 2259 1320 2292 462.
1333 2261 1370 2292 Β.
1391 2260 1535 2293 Phaedr.

893 2317 925 2347 p.
939 2305 1014 2338 267.
1029 2306 1066 2338 C.
1098 2306 1222 2337 Polum
1237 2305 1349 2337 adhuc
1365 2306 1535 2345 iuvenem,

893 2355 930 2382 ut
945 2355 977 2382 et
988 2352 1118 2383 socium
1131 2351 1203 2382 eius
1219 2350 1409 2391 Calliclem,
1422 2355 1535 2392 partes

891 2400 962 2428 tam
978 2396 1130 2438 insignes
1145 2396 1181 2427 in
1206 2395 1343 2438 dialogo
1369 2397 1535 2427 sustinere

891 2442 974 2473 facit
1003 2442 1120 2480 Plato,
1157 2444 1196 2471 ut
1229 2441 1392 2483 Gorgiam
1422 2441 1535 2472 minus

895 2490 1010 2528 aperte
1043 2486 1208 2517 lacessere
1244 2485 1415 2524 videatur,
1455 2485 1534 2517 dum

893 2541 953 2572 per
968 2531 1110 2562 istorum
1130 2530 1247 2570 latera,
1270 2535 1309 2562 ut
1332 2532 1381 2562 ita
1404 2530 1534 2572 loquar,

892 2576 1092 2618 primarium
1110 2575 1209 2607 illum
1224 2576 1408 2618 magnique
1426 2575 1533 2607 nomi-

892 2621 946 2654 nis
965 2620 1152 2662 sophistam
1167 2620 1210 2652 ob
1229 2621 1458 2662 eloquentiam
1483 2620 1534 2651 fu-

892 2671 1001 2698 catam
1033 2665 1208 2707 falsasque
1238 2666 1416 2707 opiniones
1441 2664 1532 2696 clam

890 2715 924 2743 et
946 2710 1078 2743 occulto
1102 2710 1224 2753 petit.''
1268 2710 1374 2742 Plura
1404 2710 1463 2752 qui
1490 2709 1532 2742 de
