1687 2969
186 71 239 112 48
681 67 1059 111 PLATONIS

188 185 339 242 δράμω
390 183 467 228 τὸν
514 185 676 237 λόγον,
724 188 798 228 καὶ
831 184 891 241 μὴ
924 187 1096 240 βλέπων
1132 182 1245 241 πρὸς
1280 185 1325 226 σὲ
1361 180 1436 225 ὑπ’
1484 186 1553 224 αὶ-

187 250 346 309 σχύνης
379 254 673 307 διαπορῶμαι.

292 320 423 362 ΨΑΙ.
501 322 612 374 Λέγε
659 316 820 374 μόνον,

188 389 315 429 ποίει.

292 450 402 512 Cap.
443 449 579 494 XIll.
640 452 746 494 ΞΩ.
781 448 865 506 ’'yA
860 468 934 494 ετε
973 450 1037 503 δη,
1075 444 1105 492 ὦ
1146 451 1342 500 ΒΙοῦσαι,
1380 447 1462 491 εἴτε
1492 446 1547 490 δι’

189 518 309 574 ᾠδῆς
343 519 456 570 εἶδος
491 521 663 570 λίγειαι,
712 519 792 562 είτε
832 516 902 561 διὰ
927 536 1049 568 Jevog
1065 513 1276 574 μουσικὸν
1303 513 1351 559 τὸ
1373 513 1556 570 Λιγύων

192 585 363 639 ταύτην
397 589 538 641 ἔσχετε
575 588 855 642 ἐπωνυμίαν,
901 583 978 640 ξύμ
1016 603 1092 640 μοι
1128 583 1327 640 λάβεσθε
1362 584 1442 626 τοῦ
1477 580 1557 638 μύ-

879 317 933 360 τα
987 317 1022 361 δ’
1077 317 1192 360 ἄλλα
1240 314 1359 366 ὅπως
1403 313 1554 372 βούλει

196 657 313 704 flou,
350 652 402 696 ὅν
437 670 489 708 με
523 651 763 707 ἀναγκάζει
797 650 819 695 ὁ
855 655 1078 707 βέλτιστος
1115 649 1263 695 οὑτοσὶ
1300 652 1457 705 λέγειν,
1496 647 1548 692 ἵν’

354 804 431 838 237.
481 817 603 846 γενος
627 818 709 848 μοι
721 819 846 838 muoz
871 806 934 848 —]
973 805 1016 838 Hi
1022 803 1141 843 mollio.
1169 813 1245 835 cum
1273 803 1408 834 Cobeto
1437 812 1560 833 secun—

196 850 274 882 dum
304 851 546 908 H‹1acl.1›pst
572 863 666 892 γειος
693 852 831 884 inseruit
856 865 890 883 n
915 858 948 884 et
974 850 1012 883 τὸ
1041 847 1185 891 Λιγύων
1210 849 1367 881 extrusit.

288 894 370 928 ι’τιι
383 908 451 936 ιη]
489 899 577 935 ἔσχε
597 909 633 928 τε
675 897 953 940 ἐπωνυιιίαν]
1004 897 1125 929 Vellet.
1157 893 1311 926 ΣΒΝΟ
1347 892 1442 926 Vind.
1470 892 1504 926 6.
1529 892 1562 924 7.

195 942 322 974 inserto
348 942 490 974 articulo
517 942 578 983 τὴν
603 944 654 975 ἐπ.

197 1057 320 1089 tione
375 1056 613 1088 Socratem
676 1056 843 1089 fecisse

197 1104 328 1135 aiunt.
399 1102 465 1133 Hic
514 1101 615 1143 igitur
660 1102 843 1135 Socratem

198 1149 373 1181 existimat
408 1151 549 1189 propter
590 1148 728 1189 impium
767 1159 845 1180 ora-

198 1194 298 1226 tionis
330 1197 567 1234 argumentum
606 1198 708 1235 capnt
746 1204 845 1226 suum

198 1240 406 1272 obvolvere:
433 1238 467 1270 in
491 1248 560 1279 quo
586 1240 758 1272 Astium
788 1239 847 1271 lia-

199 1286 259 1317 bet
296 1294 404 1326 paene
451 1285 742 1325 consentientem,
791 1284 849 1326 qui

201 1336 315 1363 tamen
341 1339 460 1362 revera
482 1329 562 1361 illud
579 1330 760 1363 Socratem
786 1341 849 1372 pu-

200 1376 282 1408 dere
330 1375 397 1415 ait,
445 1374 536 1415 qnod
577 1376 764 1409 orationem
805 1376 848 1408 de

198 1432 317 1454 amore
348 1424 519 1461 tamquam
547 1421 674 1454 insania
708 1423 848 1455 mentis-

198 1478 264 1509 que
290 1467 410 1498 morbo
443 1465 616 1498 habiturus
652 1469 713 1507 sit,
746 1479 846 1508 quam

198 1513 370 1556 I3sianae
397 1512 439 1543 illi
466 1518 628 1553 opponat.
677 1514 845 1546 Nimirum

198 1560 337 1591 obtecto
369 1558 479 1610 capite
517 1558 599 1590 dicit
634 1560 773 1592 callidus
799 1561 846 1591 εἵ-

197 1617 262 1646 <zon
273 1629 281 1644 ‚
319 1613 406 1644 quas
392 1604 418 1634 si
444 1603 553 1645 ipsum
582 1605 726 1645 pudeat,
753 1604 846 1647 quod

199 1661 273 1682 cum
301 1649 402 1690 Lysia
429 1650 472 1680 sit
500 1654 672 1682 certamen
699 1652 846 1683 subeun-

201 1696 293 1734 dum,
320 1705 424 1735 quum
452 1698 564 1726 tam-n
582 1706 700 1728 revera
726 1708 847 1729 verea-

201 1746 274 1781 tur,
302 1751 354 1780 ne,
383 1740 463 1771 dum
495 1740 650 1773 Phaedro
675 1743 846 1784 gratifice-

201 1792 276 1824 tur,
316 1786 346 1816 in
390 1786 475 1817 deos
516 1785 706 1828 delinquat,
755 1788 845 1830 apud

201 1832 365 1864 mortales
402 1832 544 1872 gratiam
578 1833 660 1865 inire
695 1835 845 1876 cupiens.

201 1888 230 1908 v.
250 1888 281 1918 p.
300 1876 379 1909 ⁹42.
407 1878 444 1909 C
464 1877 502 1909 l)
521 1877 559 1908 E.
611 1877 744 1911 Etenim
776 1883 850 1911 tota

200 1924 285 1955 llaec
324 1922 454 1962 oratio,
495 1933 597 1963 quum
639 1923 680 1955 ad
727 1925 848 1968 13sia-

199 1979 274 2000 nam
304 1967 347 1998 sit
380 1978 520 2009 compar
506 1973 578 1999 ata
616 1969 779 2012 uniceque
805 1970 847 2002 ad

200 2023 369 2051 caussam,
396 2023 495 2054 quam
527 2015 581 2046 ille
607 2021 846 2057 proposuerat,

197 2059 415 2091 obtinendam
467 2060 597 2100 valeat,
645 2065 714 2094 tum
765 2062 846 2093 item

197 2105 359 2137 subsistit
383 2105 414 2136 in
440 2105 568 2146 vulgari
591 2117 709 2139 amore
734 2108 847 2139 consi-

199 2150 351 2183 derando
387 2160 498 2191 neque
525 2161 564 2183 se
587 2153 713 2184 attollit
738 2153 846 2187 altius.

198 2197 317 2237 ltaque
343 2206 424 2228 mox
451 2196 608 2237 demum,
634 2198 689 2230 ubi
717 2199 847 2230 Socra-

199 2246 252 2273 tes
289 2241 491 2282 palinodiam
531 2252 653 2275 canere
690 2244 846 2284 instituit,

198 2286 242 2318 ad
268 2287 414 2328 purioris
431 2292 533 2327 atque
559 2288 732 2321 divinioris
751 2301 847 2322 amo—

199 2332 243 2364 ris
284 2332 348 2363 vim
384 2337 418 2363 et
452 2337 603 2365 naturam
641 2335 848 2376 patefacien-

200 2377 278 2409 dam
298 2377 480 2409 acceditur.
514 2379 583 2410 Sed
601 2379 642 2411 de
661 2380 711 2412 liis
737 2382 848 2414 omni-

201 2423 263 2454 bus
290 2422 445 2454 conferas
480 2434 568 2464 quae
595 2425 849 2468 disputavimus

198 2469 232 2500 in
263 2468 534 2509 prolegomenis.

261 2513 403 2555 ’Ἁγετε
458 2512 527 2555 δη,
569 2520 594 2546 «J
640 2515 847 2561 Μοῦσαι]

199 2558 376 2591 Sententia
414 2557 496 2591 llaec
535 2565 607 2593 est:
657 2562 747 2595 sive
798 2564 849 2596 ob

198 2605 436 2637 carminum
487 2615 622 2647 genus
686 2607 850 2650 λίγειαι

200 2649 395 2685 auditis
430 2650 522 2682 εἰη)
555 2657 740 2693 propter
768 2664 848 2687 mu—

913 1054 1049 1086 sicam
1067 1053 1272 1095 Ligurum
1291 1055 1460 1093 gentem
1481 1050 1562 1082 hoc

913 1109 1157 1141 cognomen
1183 1097 1440 1140 accepistis,
1470 1099 1562 1128 Acu-

918 1150 952 1177 te
984 1145 1091 1187 tangit
1119 1144 1268 1188 lysiam
1323 1142 1409 1174 Nam
1443 1142 1563 1174 Musae

916 1191 1061 1232 λίγ,ειαι
1087 1201 1114 1223 s.
1143 1200 1217 1221 aror
1196 1195 1338 1231 t‚utae,
1366 1187 1456 1229 quod
1483 1197 1562 1229 per-

917 1240 1058 1278 petuum
1099 1240 1152 1268 est
1189 1245 1305 1267 earum
1354 1243 1561 1275 cognomen,

917 1286 955 1314 ut
993 1281 1171 1324 apparebit
1210 1291 1251 1313 ex
1294 1279 1420 1320 Hymn.
1456 1279 1563 1311 Hom.

917 1328 1026 1361 XVII.
1056 1329 1082 1361 1.
1118 1325 1294 1359 Pindar.
1333 1325 1471 1368 Olymp.
1502 1324 1561 1357 lx.

917 1374 972 1407 73.
1000 1372 1246 1406 Stesiclnor.
1273 1371 1409 1412 Fragm.
1434 1370 1490 1404 78,
1508 1369 1561 1403 ed.

916 1420 1025 1453 Klein.
1050 1417 1295 1451 Archiloch.
1322 1428 1377 1458 ap.
1403 1415 1563 1449 Eustath.

917 1465 960 1498 ad
996 1465 1090 1497 Iliad.
1121 1463 1165 1498 α’.
1198 1475 1229 1506 p.
1270 1464 1320 1498 10.
1363 1461 1560 1506 Aeschyl.

919 1514 1038 1551 Agam
1058 1508 1446 1543 v.114&.Tl1eocrit
1467 1507 1561 1549 ldyll.

916 1538 1457 1590 XX11.2·)1.XV.135.XV11.
1489 1553 1561 1588 113.

917 1602 1078 1635 V111.71.
1114 1601 1259 1643 Vir.gil
1282 1601 1399 1634 Bucol.
1421 1600 1491 1634 vll.
1507 1600 1561 1634 24.

916 1650 1068 1681 Horat
1102 1647 1208 1689 Epist.
1246 1647 1286 1680 ll.
1323 1647 1364 1686 2,
1398 1639 1475 1680 90.
1486 1648 1562 1680 coll.

917 1691 1176 1726 Valckenar.
1196 1692 1237 1724 ad
1263 1692 1425 1726 Adoniaz
1443 1703 1474 1734 p
1485 1692 1564 1726 300.

916 1741 969 1780 C„
996 1740 1167 1780 duplicem
1194 1739 1237 1769 ob
1262 1748 1418 1770 caussam
1447 1739 1566 1780 appel-

914 1787 1005 1818 latae
1032 1791 1109 1817 esse
1135 1788 1316 1826 ponuntur.
1367 1783 1419 1815 Ex
1443 1784 1565 1825 quibus

916 1831 1079 1863 utramvis
1120 1829 1418 1870 comprobaveris,
1466 1829 1564 1862 facile

916 1876 1170 1909 animadvertas
1195 1875 1354 1907 acerbum
1372 1875 1404 1906 in
1427 1874 1563 1915 Lysiam

917 1923 1083 1954 aculeum.
1131 1920 1217 1953 Nam
1253 1921 1309 1952 ubi
1341 1931 1399 1953 eas
1438 1921 1483 1952 ab
1508 1931 1564 1952 ar-

916 1972 1000 2009 guto
1037 1967 1217 1999 carminum
1251 1976 1336 1998 sono
1371 1976 1496 1998 nomen
1523 1967 1564 1999 il-

917 2013 974 2046 lud
999 2014 1175 2055 accepisse
1200 2012 1463 2054 sumpserimus,
1499 2022 1565 2054 pu-

914 2059 1020 2091 tidum
1056 2058 1146 2090 istud
1187 2067 1328 2090 acumen
1352 2057 1477 2101 L3‘sjae
1503 2068 1566 2090 no-

915 2105 1058 2142 tabitur,
1097 2104 1194 2135 cuins
1224 2105 1421 2145 exemplum
1465 2108 1565 2136 antea

916 2154 968 2182 est
993 2150 1217 2192 propositum.
1273 2149 1333 2180 Sin
1367 2154 1481 2182 autem
1507 2148 1562 2181 διὰ

914 2196 952 2228 τὸ
981 2199 1074 2239 γένος
1099 2193 1268 2237 μουσικὸν
1293 2194 1331 2226 τὸ
1350 2196 1488 2236 Λιγύων
1516 2196 1566 2226 λί-

914 2254 1005 2284 γειαι
1049 2242 1243 2283 appellatae
1285 2240 1430 2282 fuerint,
1476 2241 1563 2274 haud

916 2288 988 2319 scio
1021 2297 1062 2318 an
1095 2287 1198 2318 inanis
1232 2286 1286 2318 illa
1315 2288 1566 2328 perstringatur

915 2333 1116 2375 loquacitas,
1142 2342 1243 2372 quam
1272 2333 1337 2364 iam
1367 2344 1398 2375 p.
1425 2334 1502 2366 235.
1525 2336 1564 2367 Α.

918 2379 1001 2411 satis
1041 2377 1168 2410 acerbe
1207 2378 1333 2419 tetigit.
1400 2379 1566 2411 Videlicet

919 2433 1003 2466 gens
1045 2424 1098 2455 illa
1133 2423 1312 2464 Ligyum
1354 2426 1405 2457 vel
1440 2425 1566 2466 Ligu-

919 2480 1009 2502 rum
1046 2473 1164 2500 cantus
1196 2469 1345 2503 stridore
1377 2471 1466 2503 adeo
1502 2470 1564 2502 de-

920 2518 1043 2548 lectata
1079 2525 1155 2546 esse
1188 2516 1402 2558 narrabatur,
1444 2519 1481 2547 ut
1512 2518 1565 2549 vel

919 2562 951 2594 in
975 2560 1055 2601 ipsis
1081 2561 1216 2601 proeliis
1241 2565 1343 2602 atque
1368 2562 1487 2604 pugnis
1513 2561 1565 2594 di—

920 2606 1020 2640 midia
1046 2610 1174 2641 tantum
1209 2616 1286 2647 pars
1321 2609 1423 2640 armis
1448 2612 1565 2646 utere-

918 2658 990 2691 tur,
1017 2652 1122 2684 altera
1150 2651 1221 2684 fere
1244 2654 1454 2686 cantionibus
1480 2664 1564 2696 ope-
