1687 2969
443 171 688 211 GORGIAS.
718 174 761 211 P.
795 176 887 211 502.
920 175 978 212 ed.
1012 175 1067 212 St.
1364 180 1442 213 263

87 280 216 330 δοκεῖ,
245 281 491 333 χαρίζεσθαι
518 283 607 328 τοῖς
627 284 803 329 θεαταῖς
821 282 970 334 μόνον.
1000 278 1029 335 ἢ
1056 284 1127 324 καὶ
1151 284 1445 336 διαμάχεσθαι,

86 343 161 385 ε’άν
188 361 228 386 τι
256 347 402 394 αὐτοῖς
428 346 511 399 ἡδὺ
539 345 616 400 μὲν
646 343 673 398 ᾗ
703 345 773 387 καὶ
801 346 1128 400 κεχαρισμένον,
1158 349 1351 401 πονηρὸν
1381 348 1437 399 δέ,

87 407 202 458 ὅπως
229 415 358 452 τοῦτο
395 411 473 464 μὲν
507 410 564 464 μὴ
595 410 699 463 ἐρεῖ,
743 411 777 451 εἰ
815 410 858 452 δὲ
898 427 936 452 τι
977 414 1173 465 τυγχάνει
1220 412 1344 466 άηὸὲς
1374 413 1443 455 καὶ

84 473 315 528 ὠφέλιμον,
345 482 471 517 τοῦτο
500 475 545 516 δὲ
573 476 643 516 καὶ
670 475 774 526 λέξει
803 476 869 517 καὶ
902 473 1070 531 ᾄσεται,
1115 477 1189 518 ἐάν
1217 492 1259 518 τε
1288 478 1436 531 χαίρω-

83 549 152 580 σιν
181 538 255 581 εἶάν
282 555 325 581 τε
352 542 431 595 μή,·
461 540 650 593 ποτέρως
679 551 746 582 σοι
775 542 893 582 δοκεῖ
919 543 1269 594 παρεσκευάσθαι
1298 544 1325 596 ἡ
1352 546 1440 584 τῶν

82 604 330 660 τραγῳδιῶν
358 607 549 660 ποίησις,·
592 608 728 646 ΚΑΛ.
759 609 907 660 Δῆλον
937 605 988 660 δὴ
1017 608 1144 648 τοῦτό
1173 622 1241 660 γε,
1285 602 1317 648 ὦ
1345 609 1438 649 Σώ-

82 684 254 722 κρατες,
298 667 363 712 ὅτι
401 671 508 723 πρὸς
549 669 628 724 τὴν
666 670 831 724 ἡδονὴν
867 674 1030 724 μαλλον
1061 669 1249 726 ὥρμηται
1286 673 1357 713 καὶ
1386 673 1433 715 τὸ
1467 671 1502 714 C

80 736 325 788 χαρίζεσθαι
352 740 441 784 τοῖς
469 739 655 784 θεαταῖς.
713 738 810 778 ΣΩ.
859 737 1034 778 Οὐκοῦν
1062 739 1109 778 τὸ
1137 745 1356 787 τοιοῦτον,
1392 733 1425 778 ὦ

84 801 351 850 Καλλίκλεις,
403 800 564 854 ἔφαμεν
616 805 700 841 νῦν
750 801 801 854 ὀὴ
844 802 1069 843 κολακείαν
1117 798 1246 851 εἶναις
1297 804 1434 843 ΚΑΛ.

82 866 210 906 Πάνυ
236 880 292 919 γε.
348 867 448 907 ΣΩ..
494 865 601 918 Φέρε
640 867 715 919 δή,
755 867 794 906 εἴ
829 882 890 914 τις
929 867 1161 919 περιέλοιτο
1201 874 1275 921 τῆς
1314 869 1434 922 arom?-

79 941 183 979 σεως
210 931 346 984 πάσης
373 931 420 972 τό
449 945 492 972 τε
520 930 645 984 μέλος
673 932 743 972 καὶ
771 932 846 972 τὸν
877 932 1050 985 ῥυθμὸν
1088 932 1159 973 καὶ
1189 932 1235 973 τὸ
1264 931 1431 986 μέτρον,

146 1086 185 1118 C.
232 1086 278 1117 εἴ
307 1098 367 1120 τις
399 1086 649 1128 περιέλοιτο
683 1091 751 1130 τῆς
785 1086 1024 1130 ποιήσεως]
1074 1087 1223 1127 περιέλοι
1249 1088 1360 1121 schol.
1398 1093 1431 1121 et

77 1131 245 1164 Aristides
270 1132 378 1164 Oratt.
404 1132 493 1164 Plat.
519 1133 562 1164 II.
587 1143 617 1174 p.
643 1131 720 1165 278.
745 1134 789 1164 Et
813 1135 962 1165 activum
988 1132 1094 1165 habes
1119 1133 1268 1174 Sophist.
1296 1145 1325 1175 p.
1352 1133 1430 1166 264.

76 1178 115 1208 E.
141 1176 275 1209 Politia.
306 1188 338 1219 p.
362 1176 439 1210 281.
466 1178 506 1209 D.
541 1176 616 1210 288.
643 1178 685 1209 D.

735 1178 802 1210 Sed
835 1178 985 1210 medium
1023 1183 1091 1210 est:
1131 1179 1169 1210 si
1207 1179 1303 1220 quis
1343 1179 1427 1211 sibi

76 1221 253 1262 adimat,
285 1222 317 1255 h.
353 1233 382 1254 e.
413 1223 449 1255 si
483 1224 582 1265 quis
616 1228 759 1255 mente
791 1228 830 1255 et
867 1224 1142 1267 cogitatione
1184 1224 1357 1265 adimat,
1392 1230 1429 1256 ut

74 1273 165 1300 recte
189 1267 319 1300 Astius.

75 1403 214 1444 ταυτηνὶ
240 1399 302 1444 τὴν
324 1399 533 1444 θαυμαστὴν
549 1401 715 1445 κεααλήν.

74 1449 127 1479 De
152 1447 295 1489 Republ.
321 1448 415 1480 VIII.
441 1459 473 1489 p.
497 1446 574 1480 565.
599 1449 652 1479 D:
680 1445 713 1479 τὸ

76 1504 114 1524 εν
151 1491 316 1534 Ἀρκαδιᾳ
355 1490 389 1523 τὸ
431 1495 492 1524 τοῦ
531 1490 617 1525 Διόι
656 1505 714 1524 τοι

76 1538 233 1569 Ινκαιοι
259 1535 372 1579 ἱερόν.
402 1537 555 1592 Sophist.
580 1549 611 1579 p.
637 1537 713 1569 225.

73 1583 119 1614 Ε.
148 1581 206 1614 tow
230 1580 434 1621 θαυμαστὸι
457 1582 593 1614 ἑκεῖποι
619 1581 715 1624 ήκειν

74 1622 139 1660 αὖ
148 1631 213 1660 ιῦι·
238 1627 396 1667 τέταρτον
420 1625 477 1659 τὸν
508 1625 713 1666 μεταδιωκό-

73 1685 182 1712 μενοι
210 1670 268 1714 ὑφ
302 1670 400 1715 ἡμῶν
426 1672 604 1715 oocpcozry'z.
662 1674 714 1704 De

74 1719 155 1760 Rep.
190 1718 214 1749 l.
246 1729 280 1760 p.
304 1717 380 1751 328.
406 1719 454 1749 D:
493 1730 525 1749 αι
553 1716 645 1750 ἄλλα(
678 1730 711 1749 αι

77 1762 159 1795 κατὰ
187 1760 220 1795 τὸ
247 1766 342 1802 σῶμα
367 1761 501 1806 ἥδοι”αι
526 1762 713 1817 11.p.368.

73 1810 120 1840 Β.
150 1807 188 1840 ἐκ
220 1812 280 1840 τοῦ
311 1805 413 1840 ἄλλου
452 1812 512 1840 τοῦ
544 1805 712 1848 ι’μετέρου

75 1852 217 1895 τρόπου.
256 1854 316 1885 ΙΙΙ.
375 1851 489 1886 ..407
521 1854 645 1884 Β.1Χ.
681 1864 711 1894 p.

71 1898 148 1932 590.
174 1899 214 1932 Α.
241 1898 347 1940 Craty
349 1899 423 1940 l.p
403 1909 433 1940 p.
459 1897 534 1930 398.
559 1899 597 1930 Β.
631 1898 711 1929 ibid.

74 1945 116 1976 D.
141 1944 245 1985 Hipp.
277 1909 360 1975 Maii.
393 1954 424 1985 p.
449 1941 525 1977 281.
558 1944 619 1983 D.‚
652 1943 713 1975 ubi

73 2000 104 2020 v.
136 1992 250 2020 annot.
290 1988 368 2020 eoll.
399 1989 626 2020 Matthiae.
654 1989 712 2021 Gr.

119 2078 160 2110 εί
193 2077 238 2110 δέ
270 2090 303 2109 τι
330 2075 533 2120 τυγχάνει
567 2076 710 2120 ἀηδές]

73 2125 125 2156 Ne
150 2124 226 2165 quis
248 2133 324 2154 eum
337 2123 535 2165 Hirsehigio
561 2121 602 2156 ὃν
627 2124 712 2155 desi-

73 2169 182 2208 deret,
230 2173 363 2210 praeter
400 2168 710 2200 Heindorfium

74 2214 117 2246 ad
142 2214 174 2245 h.
199 2214 221 2245 l.
246 2213 385 2245 videndi
417 2218 498 2245 sunt
530 2224 614 2254 quos
640 2214 712 2244 lau-

74 2259 155 2291 davi
179 2259 222 2290 ad
247 2259 347 2300 Apol.
372 2258 501 2289 Socrat.
537 2268 568 2299 p.
591 2257 644 2290 38.
670 2259 710 2289 A.

74 2308 107 2336 et
131 2303 173 2335 ad
197 2303 370 2335 Phaedon.
396 2314 428 2345 p.
444 2303 497 2336 62.
522 2304 561 2334 A.
578 2321 622 2326 —
644 2304 710 2334 Pro

73 2346 180 2391 ἀηδὲς
204 2349 351 2390 fuitqui
368 2345 499 2390 ἀληθὲς
515 2349 709 2389 requireret.

73 2394 180 2435 Atqui
218 2394 384 2426 sententia
423 2394 507 2425 haee
551 2399 615 2425 est:
661 2405 710 2425 an

73 2439 205 2471 etiam
242 2438 284 2470 id
323 2438 615 2478 contendere,
656 2443 709 2477 ut,

73 2483 245 2515 etiamsi
269 2494 354 2515 non
378 2483 502 2515 dieat
520 2483 572 2523 id,
598 2483 710 2524 quod

74 2539 165 2560 cum
224 2528 503 2560 iucunditate
556 2529 710 2560 malum

74 2574 545 2613 coniunctumhabeat,
570 2578 710 2605 tamen

74 2618 186 2661 quod
219 2629 308 2650 eum
339 2619 543 2651 utilitate
574 2620 711 2651 socia-

73 2668 160 2695 tum
207 2662 373 2694 habeat
413 2664 710 2705 iniucundum,

73 2708 115 2740 id
161 2712 203 2740 et
248 2708 369 2740 dicat
414 2713 455 2741 et
501 2714 641 2742 canat.
668 2728 710 2733 -

787 1406 914 1434 τοῦτο
948 1402 993 1434 δὲ
1018 1403 1085 1433 καὶ
1123 1402 1244 1442 λέξει.
1293 1403 1426 1443 Repeti—

784 1452 855 1479 tum
874 1446 911 1479 δέ
926 1447 1099 1480 efficaciae
1121 1448 1242 1489 gratia,
1266 1452 1303 1478 ut
1318 1448 1426 1479 Phae-

785 1493 862 1524 don.
888 1504 919 1534 p.
945 1491 997 1525 78.
1025 1494 1069 1524 C:
1103 1493 1138 1524 τὰ
1172 1492 1210 1524 δὲ
1235 1490 1341 1524 ἄλλοτ’
1368 1491 1424 1524 ἅλ-

784 1539 848 1571 λως
882 1538 935 1569 καὶ
976 1537 1147 1578 μηδέποτε
1186 1535 1267 1569 κατὰ
1310 1535 1424 1576 tufini,

785 1586 886 1615 ταῦτα
913 1582 951 1614 ὑὲ
976 1578 1066 1614 εἶναι
1094 1581 1129 1614 τὰ
1161 1582 1331 1623 ξ’ύιίἹε-τα,
1365 1583 1425 1614 ubi

783 1639 813 1658 v.
839 1639 918 1659 ann.
960 1628 1115 1658 Pluriina
1141 1628 1298 1669 exempla
1322 1628 1424 1659 colle-

782 1673 832 1715 git
871 1673 1177 1714 Wyttenbaeh.
1216 1673 1258 1704 ad
1300 1672 1423 1705 Select-

782 1719 926 1760 princip.
951 1718 1101 1749 historic.
1126 1730 1156 1760 p.
1181 1716 1248 1750 409
1273 1728 1342 1769 seq.

851 1763 887 1795 C.
948 1763 1016 1794 καὶ
1068 1761 1107 1794 τὸ
1155 1775 1230 1804 χαι)
1247 1764 1339 1803 ιζεσ
1352 1764 1422 1794 θαι

785 1812 873 1841 tols
901 1808 1092 1849 θεαταῖς]
1141 1809 1277 1840 Etenim
1302 1807 1423 1849 tragici

781 1853 970 1885 mendaciis
995 1853 1141 1894 aliisque
1166 1852 1297 1884 altibus
1321 1859 1422 1884 utun-

782 1902 852 1937 tur,
884 1902 921 1929 ut
944 1898 1042 1940 plebs
1066 1899 1254 1930 delectetur
1284 1902 1317 1929 et
1349 1908 1422 1939 spe-

782 1947 926 1975 ctatores
964 1942 1031 1982 ἅμα
1067 1946 1245 1984 χαίροντες
1284 1942 1420 1975 uideam.

781 1999 814 2020 v.
839 1988 968 2030 Cratyl.
1001 1999 1031 2030 p.
1057 1987 1132 2021 408.
1159 1989 1195 2022 C.
1229 1988 1361 2020 Phileb.
1388 1999 1420 2030 p.

780 2032 834 2066 48.
860 2035 900 2067 A.
936 2034 1107 2073 Quoniam
1131 2037 1245 2065 autem
1270 2044 1357 2074 quae
1384 2034 1419 2064 in

780 2079 924 2110 theatris
949 2079 1121 2118 videmus,
1154 2089 1194 2110 ea
1219 2089 1254 2110 se
1279 2078 1421 2109 mirifice

780 2124 816 2155 in
841 2124 994 2155 animum
1028 2128 1182 2156 nostrum
1216 2124 1314 2164 quasi
1338 2124 1422 2154 insi-

780 2173 907 2209 nuant,
941 2169 988 2201 ita
1021 2173 1059 2200 ut
1089 2169 1176 2200 tales
1205 2169 1272 2210 ipsi
1297 2168 1420 2200 evada-

780 2225 875 2254 mus,
923 2214 1042 2255 quales
1080 2214 1218 2245 fuerunt
1257 2224 1342 2254 quos
1384 2214 1420 2245 in

780 2269 883 2290 scena
922 2259 1156 2300 adspeximus,
1202 2258 1419 2299 quemadmo-

779 2304 860 2335 dum
892 2304 1118 2346 philosophus
1156 2308 1272 2336 censet
1303 2305 1420 2336 Prota—

779 2359 849 2391 gor.
884 2359 916 2389 p.
948 2348 1024 2381 314.
1050 2350 1087 2381 B.
1120 2350 1172 2380 De
1197 2349 1340 2390 Republ.
1373 2349 1415 2380 X.

778 2405 810 2436 p.
851 2393 944 2433 606.,
991 2394 1114 2426 mirum
1152 2395 1305 2435 profecto
1349 2405 1417 2426 non

779 2442 830 2471 est-
868 2439 1046 2471 Platonem
1090 2439 1204 2471 minus
1250 2439 1337 2471 bene
1378 2439 1419 2471 de

779 2484 954 2526 tragoedia
986 2485 1134 2517 sensisse
1157 2495 1301 2526 eamque
1333 2484 1417 2516 adeo

778 2540 849 2561 una
880 2539 957 2561 cum
990 2530 1166 2561 comoedia
1198 2541 1215 2560 e
1239 2529 1419 2571 republica

780 2585 842 2606 sua
879 2575 1020 2606 eiecisse
1060 2574 1136 2606 libr.
1176 2575 1237 2607 ΙΙΙ.
1275 2585 1307 2616 p.
1339 2572 1417 2606 394.

780 2621 822 2651 D.
847 2629 939 2661 seqq.
964 2620 1053 2654 conf.
1078 2621 1184 2661 Legg.
1199 2619 1276 2651 VII.
1290 2629 1321 2660 p.
1339 2617 1416 2651 817.

781 2665 820 2696 C.
842 2675 912 2706 seq.

825 2707 868 2741 τό
902 2721 944 2741 τε
975 2708 1103 2749 μέλος
1143 2708 1211 2741 καὶ
1246 2705 1320 2740 td?
1352 2705 1416 2749 ρὐ-
