1687 2969
796 125 838 143 -,-
912 104 1011 143 cxlv
1081 126 1121 130 -

283 232 361 258 nae
402 211 926 260 rationem'excolendam
982 225 1025 260 et
1069 216 1372 275 perficiendam
1415 219 1624 278 proficere

281 274 486 328 potuerit.
557 273 625 314 Ex
665 288 750 328 quo
792 274 896 330 quid
927 274 979 317 de
1019 274 1206 316 Phaedri
1236 274 1472 331 originibus
1504 276 1624 319 colli-

283 346 385 384 qere
416 330 557 383 liceat⁷
588 330 643 371 ad
673 330 1051 374 demonstrandum
1081 330 1197 374 haud
1227 346 1328 372 sane
1349 331 1526 374 difficile
1545 339 1623 375 est.

284 365 451 428 Plxtant
493 388 605 428 enim
642 387 686 428 in
725 386 806 430 hoc
846 388 1019 444 dialogo
1059 388 1244 444 plurima
1269 402 1372 429 sane
1401 389 1624 446 Pythago-

285 444 398 484 ricae
460 444 719 499 sapientiae.
784 444 992 500 imprimis
1055 444 1319 487 Philolaicae
1388 443 1623 500 doctrinae,

284 500 462 555 eiusque
501 500 803 543 reconditioris
843 517 893 543 ac
937 502 1174 544 subtilioris
1216 501 1421 557 vestigia,
1454 502 1498 543 in
1530 503 1624 559 qui—

284 557 365 598 bus
405 566 549 599 tamen
590 563 707 599 recte
756 557 1034 600 aestimandis
1082 559 1232 613 utique
1270 558 1505 599 tenendum
1545 566 1623 613 est,

285 613 402 668 quod
440 630 526 657 non
567 612 907 656 animadversum
947 615 1073 657 facile
1112 630 1239 670 quem
1268 615 1407 670 possit
1434 615 1479 656 in
1510 629 1626 657 erro-

284 685 373 711 rem
410 670 641 725 inducere,
680 671 986 728 philosophum
1024 672 1191 729 placitis
1230 671 1537 728 Pythagoricis
1576 687 1627 714 ea

284 727 380 783 lege
420 740 464 768 et
499 726 794 769 moderatione
824 743 950 770 usum
989 744 1107 782 esse,
1148 735 1198 770 ut
1237 729 1310 769 illa
1338 744 1423 769 non
1455 729 1625 785 integra

285 785 544 837 servaverit,
578 783 655 825 sed
693 785 839 841 potius
877 800 982 826 suae
1010 786 1146 841 ipsius
1177 785 1334 827 rationi
1365 786 1625 827 convenien-

285 849 350 881 ter
380 840 612 882 mutaverit
651 847 900 896 mutataque
941 842 996 883 ad
1026 842 1143 883 illam
1183 841 1474 883 exornandam
1503 843 1624 884 illus-

283 896 566 952 trandamque
595 895 848 942 traduxerit.
879 898 1082 955 Longum
1114 904 1179 940 est
1205 899 1349 939 omnia
1377 904 1506 955 atque
1539 899 1626 941 sin-

284 955 408 1010 gula,
442 969 551 1009 quae
578 953 662 994 huc
704 955 972 1010 pertineant„
1016 955 1166 997 ordine
1206 954 1411 1010 deinceps
1452 970 1626 997 enume-

283 1026 401 1064 rare„
442 1026 521 1052 nee
553 1025 654 1051 vero
684 1018 733 1053 ut
762 1011 844 1053 hoc
872 1012 933 1053 ita
964 1012 1041 1053 fiat
1067 1012 1193 1053 unice
1224 1017 1291 1053 est
1320 1012 1624 1066 necessarium,

283 1083 414 1121 quum
458 1069 541 1110 iam
582 1082 713 1123 supra
755 1068 914 1123 passim
954 1075 996 1110 et
1034 1084 1134 1110 vero
1165 1068 1292 1109 etiam
1322 1069 1365 1109 in
1396 1067 1626 1110 Commen-

282 1125 402 1166 tariis
433 1125 516 1180 ipsi
554 1124 750 1167 Platonis
782 1126 969 1167 sermoni
999 1125 1204 1167 subiectis
1236 1140 1288 1166 ea
1318 1125 1371 1166 de
1400 1140 1445 1166 re
1476 1124 1625 1167 admo-

282 1182 517 1223 nuerimus.
578 1180 733 1237 Itaque
772 1182 877 1223 satis
909 1183 990 1223 erit
1028 1182 1098 1223 hic
1137 1181 1306 1236 potiora
1345 1187 1514 1223 tantum
1561 1190 1625 1223 at-

282 1238 449 1294 tigisse.
518 1237 716 1280 Pertinet
753 1238 886 1294 igitur
928 1238 1011 1280 huc
1045 1245 1347 1295 argumentum
1377 1239 1625 1280 immortali-

281 1295 384 1335 tatis
431 1311 473 1350 p.
516 1295 611 1336 245.
651 1293 702 1337 C.
742 1321 795 1326 —-
837 1296 933 1336 246.
974 1296 1030 1337 A.
1081 1295 1365 1350 explicatum,
1416 1295 1534 1350 quod
1571 1311 1627 1337 ex

281 1351 473 1393 fontibus
509 1351 813 1409 Pythagoricis
857 1352 1034 1394 ductum
1081 1367 1173 1394 esse
1214 1352 1353 1406 liquet
1391 1367 1414 1393 e
1445 1351 1624 1394 Cicer.

284 1408 415 1450 Tusc.
447 1408 484 1450 I.
513 1410 577 1450 16.
610 1415 653 1450 et
682 1409 916 1451 Aristot.
977 1409 1048 1450 De
1076 1409 1217 1449 anima
1245 1408 1280 1449 I.
1313 1409 1351 1449 2.
1384 1408 1437 1450 de
1469 1424 1554 1464 quo
1585 1426 1625 1451 v.

284 1465 472 1507 Davis.
511 1464 567 1506 ad
596 1466 728 1508 Tusc.
769 1465 805 1508 I.
838 1467 902 1507 12.
933 1465 1274 1507 Rittershus.
1315 1464 1370 1506 ad
1409 1466 1625 1523 Porphyr.

283 1522 353 1563 De
384 1522 475 1563 Vit.
506 1522 694 1579 Pythag.
724 1539 766 1578 p.
799 1524 864 1564 22.
893 1538 988 1578 sqq.
1047 1522 1170 1564 Idem
1197 1537 1327 1576 porro
1351 1522 1627 1565 statuendum

284 1585 349 1620 est
379 1579 507 1620 etiam
537 1579 590 1620 de
621 1579 751 1621 animi
781 1580 825 1620 in
855 1589 943 1621 tres
973 1585 1118 1634 partes
1151 1579 1456 1633 descriptione,
1488 1579 1626 1634 qualis

284 1651 326 1690 p.
367 1637 463 1676 246.
501 1637 557 1678 A.
598 1651 693 1691 sqq.
730 1635 968 1678 exhibetur.
1036 1636 1146 1677 Eam
1188 1635 1301 1676 enim
1340 1651 1364 1677 a
1403 1636 1627 1692 Pythago·-

282 1692 367 1734 reis
407 1693 667 1736 celebratam
705 1708 800 1735 esse
853 1693 973 1735 iuxta
1022 1708 1118 1735 cum
1168 1689 1435 1734 Cicerone
1494 1693 1626 1735 Tusc.

284 1749 364 1790 IV.
402 1752 456 1803 ξ),
494 1750 570 1791 ubi
607 1767 647 1791 v.
681 1749 980 1804 Davisius7
1012 1749 1271 1791 confirmant
1307 1749 1434 1790 etiam
1465 1749 1625 1807 Diog.

283 1806 360 1846 La
377 1812 469 1847 ert.
489 1806 574 1848 III.
605 1808 672 1849 30.
706 1832 757 1836 —
789 1807 855 1848 32.
916 1806 1157 1848 Hierocl.
1190 1805 1244 1846 ad
1262 1805 1450 1861 Pythag.
1482 1804 1624 1850 Carm.

284 1863 391 1903 Aur.
433 1878 472 1904 v.
516 1864 582 1904 69.
615 1879 657 1917 p.
698 1864 793 1904 290.
834 1862 900 1904 ed.
942 1863 1081 1903 Paris.
1122 1862 1181 1903 Et
1212 1863 1325 1903 conf.
1355 1863 1483 1903 etiam
1515 1877 1625 1916 quae

284 1918 487 1975 Prolegg.
531 1918 585 1960 ad
631 1919 741 1960 Tim.
781 1935 822 1974 p.
865 1920 931 1961 53.
982 1918 1035 1960 de
1083 1918 1163 1960 hac
1209 1933 1254 1959 re
1302 1919 1624 1973 explicavimus.

285 1976 432 2030 Atque
484 1975 662 2017 eandem
713 1975 842 2016 etiam
890 1976 942 2017 ab
974 1975 1291 2017 Aristotele
1320 1975 1471 2032 Magn.
1511 1975 1624 2017 Mor.

284 2032 319 2076 I.
353 2034 389 2073 1.
420 2032 615 2085 Platoni,
657 2048 743 2073 non
775 2031 968 2085 Socrati,
1007 2032 1089 2073 hoc
1129 2038 1195 2074 est
1223 2047 1308 2073 non
1338 2032 1510 2073 Platoni
1544 2031 1626 2075 So-

284 2090 459 2142 cratico,
492 2089 571 2131 sed
601 2088 773 2130 Platoni
805 2089 871 2131 sui
901 2089 1005 2131 iuris
1034 2089 1172 2142 facto,
1205 2088 1413 2130 vindicari
1443 2105 1531 2130 non
1561 2089 1625 2130 in-

284 2145 394 2187 iuria
436 2147 651 2188 statuitur.
711 2146 756 2188 Is
799 2146 911 2187 enim
942 2161 992 2187 ea
1022 2145 1074 2187 de
1104 2161 1148 2187 re
1180 2146 1331 2187 scribit
1359 2145 1484 2187 haec:
1513 2144 1624 2200 μετὰ

284 2205 331 2244 δὲ
362 2205 499 2245 ταῦτα
532 2201 723 2245 Πλάτων
753 2204 933 2245 διείλετο
965 2202 1043 2254 τὴν
1071 2201 1221 2260 ψυχὴν
1251 2203 1311 2251 εἴς
1341 2218 1385 2243 τε
1411 2199 1459 2244 τὸ
1492 2201 1624 2258 λόγον

284 2261 382 2314 ἔχον
423 2262 494 2302 καὶ
536 2264 597 2310 εἰς
626 2258 675 2302 τὸ
716 2257 879 2314 ἄλογον
909 2258 1065 2315 ὀρθῶς
1102 2263 1173 2301 καὶ
1204 2258 1426 2301 ἀπέδωκεν
1456 2257 1622 2314 ἑκάστῳ

285 2313 444 2371 ἀρετὰς
491 2315 817 2373 προςηκούσαςε
856 2316 930 2358 ubi
970 2315 1089 2371 quod
1128 2314 1177 2358 τὸ
1221 2314 1385 2370 ἄλογον
1426 2322 1622 2369 vocatur,

285 2371 330 2412 id
369 2372 585 2429 duplicem
624 2376 703 2415 τοῦ
745 2375 941 2427 θυμικοῦ
981 2379 1024 2414 et
1063 2374 1142 2414 τοῦ
1179 2375 1510 2424 ἐπιθυμητικοῦ
1536 2372 1623 2415 vim

285 2434 569 2484 naturamque
608 2430 932 2485 complectitur,
985 2428 1037 2470 de
1079 2445 1163 2484 quo
1194 2446 1234 2470 v.
1276 2429 1331 2470 ad
1360 2429 1512 2485 Remp.
1543 2429 1624 2474 IV.

286 2500 327 2539 p.
368 2486 464 2527 439.
503 2486 560 2528 D.
602 2487 830 2528 Praeterea
873 2486 1213 2543 Pythagoricum
1257 2485 1462 2541 quiddam
1499 2485 1624 2528 redo-

284 2541 375 2582 lent
413 2542 541 2583 etiam
581 2543 674 2596 illa⁷
709 2559 819 2598 quae
859 2561 901 2600 p.
937 2544 1030 2585 246.
1066 2542 1123 2584 D.
1156 2569 1208 2573 —
1240 2545 1332 2586 249.
1365 2542 1423 2584 D.
1454 2542 1507 2584 de
1537 2543 1625 2584 vita

286 2598 525 2640 animorum
564 2600 663 2641 olim
702 2616 788 2642 una
826 2616 922 2642 cum
970 2599 1051 2641 diis
1092 2606 1188 2643 acta
1225 2600 1286 2643 ita
1334 2604 1621 2655 exponuntur,

287 2661 335 2696 ut
373 2656 506 2698 multa
553 2656 693 2698 velata
744 2657 830 2698 sint
867 2657 1097 2712 allegoriae
1135 2657 1467 2713 integumentisg
1507 2656 1620 2698 conf.
