1687 2969
231 109 304 147 145
717 107 1089 149 PLATQNIS
1140 123 1142 127 ’

332 226 437 270 Est.
506 225 658 281 Σχολὴ
692 229 770 281 μέν
807 226 877 278 δή,
911 225 967 275 vig
1002 229 1122 267 ἔοικε.
1158 228 1231 267 καὶ
1266 224 1358 280 ἅμα
1395 241 1467 281 μοι
1506 227 1589 267 δο-

192 348 196 349 ⁷
237 296 388 338 κοῦσιν
434 291 491 343 ὡς
535 298 581 337 ἐν
626 295 684 347 τῷ
721 296 861 346 πνίγει
895 291 1003 346 ὑπὲρ
1039 294 1232 350 κεφαλῆς
1266 290 1389 347 ἡμῶν
1417 295 1458 334 οὶ
1492 295 1585 334 τέτ-

127 348 207 389 252.)
237 379 351 414 τιγες
383 357 564 416 ᾅδοντες
597 362 670 403 καὶ
704 358 910 412 αλλήλοις
949 358 1247 414 διαλεγόμενοι
1287 361 1516 414 καθορᾶν.
1552 363 1586 400 εὶ

240 421 320 472 οὖν
353 427 486 470 ἰ’δοιεν
516 429 588 470 καὶ
625 424 685 481 νῴ
721 425 931 480 καθάπερ
977 423 1080 476 τοὺς
1113 423 1304 476 πολλοὺς
1347 430 1392 468 ὲν
1425 441 1591 481 μεσημ-

238 498 344 553 βρίᾳ
377 492 437 550 μὴ
475 496 819 547 διαλεγομένους,
857 490 970 536 ἀλλὰ
1010 492 1308 545 νυστάζοντας
1335 494 1408 535 καὶ
1435 495 1592 544 κηλου-

239 567 398 618 μένους
432 558 508 620 ὑφ’
553 559 701 603 αὐτῶν
733 559 787 603 δι’
831 560 993 615 ἀργίαν
1029 562 1106 612 τῆς
1142 563 1368 611 διανοίας,
1419 561 1595 609 δικαίως

240 627 297 672 ἂν
342 629 635 684 καταγελῷεν,
684 625 920 683 ἡγούμενοι
963 625 1224 683 ἀνδράποδα
1283 626 1398 669 ἄττα
1445 630 1593 685 σφίσιν

240 694 438 739 ἐλθόντα
483 699 542 744 εὶς
585 692 635 737 τὸ
679 693 957 749 καταγώγιον
1001 693 1138 750 ὥςπερ
1176 692 1398 751 προβατια
1434 708 1595 749 μεσημ-

241 761 483 822 βριάζοντα
518 763 616 816 περὶ
650 759 731 813 τὴν
766 759 929 816 κρήνην
965 759 1118 804 εὕδειν.
1152 759 1230 803 ἐὰν
1268 763 1312 803 δέ
1347 759 1479 815 ὁρῶσι
1499 762 1594 802 δια-

245 833 501 886 λεγομένους
543 831 617 871 καὶ
661 830 1001 884 παραπλέοντας
1043 829 1160 887 σᾳᾶς
1193 825 1332 884 ὥςπερ
1369 829 1596 883 Σειρῆνας

169 894 205 933 Β
245 894 514 949 ἀκηλήτους,
564 893 587 938 ὃ
622 901 751 951 γέρας
791 892 912 951 παρὰ
959 896 1082 938 θεῶν
1124 898 1294 951 ἔχουσιν
1329 892 1596 950 ἀνθρώποις

245 962 415 1007 διδόναι
450 961 546 1018 τάχ’
587 958 644 1004 ἂν
680 964 797 1005 δοῖεν
827 961 1116 1015 ἀγασθέντες.

348 1027 458 1090 Cap.
496 1026 619 1072 XLI.
684 1030 813 1072 ‹DAL
856 1026 1032 1084 ’Ἔχουσι
1069 1031 1113 1071 δὲ
1149 1026 1201 1080 δὴ
1230 1032 1272 1070 τί
1291 1028 1452 1080 τοῦτ-ο,-
1486 1025 1597 1080 ἀνή-

246 1115 348 1148 κοος
382 1095 493 1152 γάρ,
529 1094 586 1146 ὡς
621 1100 750 1148 ἔοικε,
786 1094 982 1151 τυγχάνω
1017 1093 1088 1138 ὤν.

336 1250 444 1294 ὑπὲρ
485 1249 671 1290 κεφαλῆς
712 1247 850 1292 ἡμῶν]
900 1248 940 1282 V.
974 1248 1077 1292 ἡμῖν,
1122 1254 1259 1291 praeter
1293 1248 1394 1281 fidem
1435 1247 1594 1281 codicum

246 1299 418 1336 omnium,
445 1296 472 1328 si
496 1307 516 1328 a
541 1295 619 1328 Par.
645 1294 687 1325 Ο.
712 1294 986 1328 discesserimus.

336 1344 377 1377 P,
395 1341 474 1377 259.
515 1338 828 1382 διαλεγόμενοι,
852 1343 1056 1381 καθορᾶν
1081 1340 1164 1382 [καὶ
1187 1340 1316 1382 ἡμᾶς]
1344 1339 1441 1374 Bodl.
1469 1339 1596 1372 AGT.

247 1396 281 1422 et
306 1400 359 1432 pr.
384 1389 432 1421 Π.
457 1387 618 1420 omittunt
650 1386 708 1416 καὶ
729 1384 841 1427 ἡμᾶς,
875 1387 1041 1428 probante
1066 1385 1226 1418 Bekkero
1253 1390 1287 1418 et
1317 1387 1424 1419 Astio.
1472 1387 1594 1420 Recte.

247 1437 353 1475 igitur
380 1434 501 1467 delevi.

246 1492 340 1514 sema
364 1480 406 1513 ad
427 1479 482 1511 καὶ
504 1477 558 1522 νῴ.

551 1432 757 1464 Deleverunt
781 1442 888 1474 nuper
913 1433 1015 1464 etiam
1036 1431 1230 1464 'suricenss.
1279 1432 1478 1464 Pertinebat
1501 1433 1596 1474 gios-

340 1527 380 1559 B,
429 1524 545 1568 παρὰ
579 1525 691 1554 θεῶν
715 1523 911 1566 ἔχουσιν]
947 1524 986 1555 V.
1011 1525 1122 1563 ἔχουωι
1148 1521 1240 1566 παρὰ
1270 1524 1384 1563 θεῶν,
1409 1523 1502 1564 quod
1528 1523 1595 1555 soli

247 1646 299 1671 tur
325 1649 403 1670 cum
428 1637 586 1679 ἄγροικος
600 1641 633 1668 et
647 1634 884 1679 ἀνελεύθερος.

247 1687 297 1717 De
328 1684 477 1726 Repubi.
511 1682 564 1716 ΙΨ.
590 1693 622 1724 p.
647 1681 725 1715 430.
754 1682 792 1714 B.
828 1683 885 1715 ubi

250 1731 465 1763 consociatur
477 1739 552 1760 cum
570 1727 755 1771 θηριώδης.
774 1727 885 1760 Phae-

247 1778 325 1809 don.
347 1787 377 1818 p.
395 1774 447 1808 69.
470 1774 509 1807 Β.
558 1774 604 1805 Et
628 1775 735 1814 ipsam
762 1773 886 1814 ἡδονὴν

245 1819 493 1865 ἀνδραποδώδη
541 1820 731 1860 reperimus
776 1820 884 1861 Epist.

245 1868 379 1899 Platon.
408 1866 476 1898 Vll.
493 1876 524 1907 p.
541 1863 619 1898 335.
637 1866 675 1898 A.
703 1866 883 1897 Aristot.

243 1912 322 1946 Eth.
355 1912 412 1944 Ill.
450 1911 510 1950 10,
536 1909 591 1943 2-1.
624 1911 667 1942 al.
702 1910 880 1951 Phryni-

244 1958 312 1991 chi
338 1958 368 1990 in
400 1957 586 1989 Bekker.
613 1955 778 1989 Anecdot.
808 1955 879 1989 Vol.

244 2002 380 2046 l.p.29.
406 1999 761 2045 ἀνδραποδώδεις
786 1999 882 2041 ἤδο-

242 2051 328 2080 vat·
369 2049 523 2090 σημαίνει
562 2045 621 2082 τὰς
653 2047 797 2082 εἰκαίους
827 2046 883 2077 καὶ

241 2095 446 2137 ἀλογίστους
471 2090 605 2133 ἡδονάς,

289 2140 336 2177 ὡς
362 2141 403 2172 ἐν
430 2141 484 2180 τῷ
517 2137 688 2179 πνίγει]
725 2141 881 2179 utpote

243 2187 281 2218 in
330 2187 498 2224 calore3
555 2183 717 2225 quippe
761 2193 878 2224 quum

243 2237 398 2264 aestus
423 2229 585 2262 caloris
611 2239 683 2261 eos
708 2228 758 2261 ad
784 2238 880 2260 can—

241 2278 393 2310 endum
419 2276 590 2308 invitet.
638 2273 743 2307 Nam:
776 2274 879 2306 Sole

241 2323 318 2354 sub
353 2321 525 2354 ardenti
565 2325 779 2352 resonant
818 2330 879 2352 ar-

240 2368 372 2400 busta
405 2365 598 2407 cicadis,
631 2370 668 2397 ut
700 2370 753 2398 est
785 2365 879 2407 apud

239 2413 392 2455 virgil.
436 2412 551 2452 Eciog.
593 2411 631 2444 ΙΙ.
665 2422 696 2444 v.
737 2410 788 2445 13.
829 2411 880 2443 De

239 2462 339 2491 cantu
369 2457 564 2490 cicadarum
595 2466 625 2488 v.
661 2457 763 2489 etiam
789 2457 880 2489 Ari-

239 2503 381 2546 stoph.
420 2503 530 2535 Rann.
577 2501 673 2535 1095.
717 2503 878 2536 Aelian.

240 2550 329 2583 Hist.
359 2549 464 2581 Anim.
490 2547 546 2579 111.
573 2546 629 2580 38.
659 2546 880 2589 Aristoph.

238 2595 390 2628 Auscult.
417 2594 489 2626 mir.
510 2602 542 2633 p.
563 2591 635 2625 137.
664 2593 718 2626 ed.
735 2594 876 2626 Beckm.

236 2641 350 2675 Dion.
385 2639 502 2680 Chrys.
539 2637 634 2671 Orat.
668 2637 808 2672 XLVII.
845 2650 878 2681 p.

234 2686 311 2720 527.
335 2682 372 2719 Ᾱ.
399 2683 607 2717 Themist.
634 2683 725 2715 XXI.
747 2695 778 2726 p.
796 2683 873 2718 2245.

954 1639 998 1671 A.
1031 1639 1071 1671 al.
1131 1637 1267 1670 Mireris
1308 1647 1391 1669 vero
1428 1636 1595 1669 Badha-

955 1693 1062 1715 mum
1087 1683 1134 1715 ita
1155 1683 1379 1715 scribentem:
1405 1683 1522 1723 „Quid
1534 1684 1597 1715 sibi

954 1730 1028 1761 vult
1046 1728 1136 1760 istud
1167 1727 1237 1765 ὡςῖὶ
1261 1733 1321 1760 aut
1345 1729 1422 1770 quis
1446 1738 1593 1770 unquam

954 1775 1093 1807 verbum
1118 1777 1277 1815 καθορᾶν
1302 1775 1374 1806 sine
1400 1784 1482 1807 casu
1497 1784 1595 1806 usur-

953 1820 1024 1861 pari
1059 1819 1203 1851 vidiffl‘*
1266 1819 1368 1861 Legit
1408 1820 1512 1861 igitur
1550 1818 1589 1861 νᾴ

952 1876 1014 1907 pro
1044 1863 1107 1906 ὡς,
1150 1875 1217 1906 quo
1251 1865 1451 1906 pronomine
1483 1866 1530 1897 ait
1561 1865 1593 1897 in

954 1921 996 1942 eo
1022 1910 1096 1952 ipso
1122 1911 1220 1950 Ιοεο,
1252 1911 1307 1951 qui
1337 1910 1378 1942 ab
1409 1909 1452 1948 ὡς
1483 1921 1589 1943 occu-

950 1959 1049 1998 patus
1076 1956 1130 1996 sit,
1155 1955 1232 1988 nihii
1258 1955 1368 1998 aptius
1386 1956 1464 1998 poni
1480 1966 1594 1998 posse.

953 2002 997 2033 At
1030 2001 1185 2033 nimirum
1220 1999 1262 2038 ὦς
1300 2001 1382 2043 quid
1415 2001 1594 2044 significet,

952 2046 1056 2078 modo
1087 2047 1328 2088 indicavimus,
1372 2057 1435 2079 nec
1467 2049 1596 2089 poterit

952 2092 1135 2134 quisquam
1179 2092 1221 2125 de
1259 2093 1326 2125 isto
1358 2093 1501 2126 voculae
1530 2103 1595 2125 usu

952 2138 1119 2180 dubitare,
1147 2137 1225 2171 dum
1242 2138 1346 2170 modo
1363 2138 1484 2179 legerit
1505 2149 1594 2181 quae

949 2185 1105 2226 exposita
1121 2188 1199 2216 sunt
1222 2183 1254 2215 in
1281 2183 1501 2216 Matthiae
1529 2184 1591 2219 Gr.

948 2229 1008 2262 Gr.
1022 2230 1052 2269 ξ.
1071 2228 1147 2263 628.
1164 2229 1195 2263 3.
1221 2228 1440 2270 Καθορᾶν
1464 2233 1591 2270 autem,

947 2276 1039 2316 quod
1081 2276 1216 2316 ponitur
1253 2275 1412 2307 absolute
1453 2280 1488 2307 et
1521 2276 1593 2308 sine

947 2330 1028 2352 casu
1065 2320 1209 2359 obiecti,
1242 2324 1279 2352 ut
1310 2324 1466 2352 nostrum
1495 2320 1592 2354 her-

946 2365 1148 2405 absehen,
1186 2366 1331 2408 praeivit
1364 2365 1451 2398 hunc
1491 2376 1591 2399 usum

948 2411 1104 2453 loquendi
1124 2412 1189 2443 iam
1209 2416 1305 2453 pater
1320 2421 1469 2453 poeseos
1493 2412 1589 2444 Iliad.

945 2456 1005 2489 ΧΙ.
1046 2456 1123 2491 337.
1163 2457 1249 2487 ἔνθα
1289 2468 1369 2499 σφιν
1406 2455 1493 2488 κατὰ
1533 2456 1591 2489 ἶσα

944 2501 1058 2545 μα’χην
1075 2500 1231 2534 ἐτάνυσσε
1253 2503 1423 2543 Κρονίων,
1447 2503 1481 2538 ἐξ
1497 2500 1590 2543 Ἴδης

944 2551 1115 2591 καθορῶν.
1154 2548 1237 2582 ibid.
1264 2548 1335 2581 Vll.
1361 2546 1418 2581 21.
1450 2546 1588 2590 Περγά-

943 2605 1012 2634 μου
1046 2595 1079 2625 ἕκ
1113 2593 1269 2626 κατιδών.
1302 2593 1385 2628 lbid.
1418 2592 1474 2627 IV.
1508 2592 1587 2628 508.

944 2640 1098 2682 νεμέσησε
1125 2638 1159 2671 <5⁷
1189 2638 1365 2671 Ἀπόλλων
1393 2637 1587 2682 Περγάμου

940 2685 973 2715 ἐκ
999 2684 1155 2716 κατιδών.
1204 2685 1360 2718 Quorum
1392 2689 1487 2717 certe
1521 2684 1586 2716 cri-
