1687 2969
243 173 319 208 116
793 173 1052 212 PLATONIS

241 277 316 319 τὸν
355 278 498 329 ἕτεοον
535 279 679 331 ὀρθῶς
717 277 852 332 λέγειν
890 281 916 334 ἢ
944 280 1001 334 μὴ
1030 283 1190 334 σαφῶς
1220 281 1521 334 χαλεπαίνουσί
1548 295 1592 321 τε

243 343 314 385 καὶ
350 344 457 386 κατὰ
496 345 668 396 φθόνον
705 345 866 386 οἴονται
903 344 1181 403 τονμεῖςοιυτῶν
1209 344 1364 398 λέγειν,
1410 349 1592 399 φιλονει-

244 413 441 459 κοῦντας,
472 404 558 450 ἀλλ’
584 409 635 450 οὐ
665 411 896 462 ζητοῦντας
923 411 970 451 τὸ
1000 411 1280 464 προκείμενον
1309 409 1354 451 ἐν
1382 414 1440 467 τῷ
1468 412 1592 467 λόγῳ.

244 474 315 515 καὶ
344 473 450 516 ἔνιοί
477 489 524 527 γε
554 477 826 523 τελευτῶντες
855 475 1045 528 αἴσχιστα
1073 476 1418 525 ἀπαλλάττονται,
1461 477 1595 517 λοιδο-

246 538 446 592 ρηθέντες
474 555 515 581 τε
544 539 614 580 καὶ
645 541 832 588 εἰπόντες
860 539 930 581 καὶ
958 541 1217 589 α’κούσαντες
1246 541 1339 592 περὶ
1368 544 1491 594 σφῶν
1521 541 1595 582 αυ’-

244 607 330 644 τῶν
350 608 539 656 τοιαῦτα,
569 600 637 662 οἷα
659 605 725 645 καὶ
747 604 848 653 τοὺς
866 606 1079 657 παρόντας
1098 609 1308 659 ἄχθεσθαι
1337 606 1442 658 ὑπὲρ
1472 610 1596 660 σφῶν

247 665 402 718 αὐτῶν,
434 668 498 710 ὅτι
531 657 737 711 τοιούτων
771 671 1015 723 ἀνθρώπων
1042 671 1225 725 ἠξίωσαν
1252 671 1457 724 ἀκροαταὶ
1485 671 1596 724 γενέ-

247 738 360 775 σθαι.
428 737 515 776 Τοῦ
553 734 603 788 δὴ
642 733 764 776 ἕνεκα
799 733 906 788 λέγω
943 743 1097 785 ταῦτας
1139 733 1202 777 ὅτι
1229 743 1312 777 νῦν
1340 735 1432 790 ἐμοὶ
1459 736 1597 785 δοκεῖς

247 799 299 839 σὺ
341 795 394 840 οὐ
434 802 550 840 πάνυ
593 801 814 842 ἀκόλουθα
853 799 1008 852 λέγειν,
1055 796 1155 842 οὐδὲ
1197 802 1408 855 σύμφωνα
1447 797 1511 850 οἶς
1549 803 1597 843 τὸ

246 867 416 916 πρῶτον
461 863 595 918 ἔλεγες
633 865 727 917 περὶ
765 871 838 919 τῆς
878 865 1113 920 ῥητορικῆς.
1154 867 1373 920 φοβοῦμαι
1412 863 1491 908 οὖν
1519 867 1596 908 διε-

244 926 405 982 λέγχειν
429 939 485 980 σε,
516 931 572 983 μή
593 944 642 981 με
671 930 891 984 ὑπολάβῃς
919 928 972 972 οὐ
1001 933 1107 983 πρὸς
1134 933 1181 972 τὸ
1210 939 1386 985 πρᾶγμα
1416 935 1595 984 φιλονει-

247 1000 405 1035 κοῦντα
442 994 578 1047 λέγειν
618 999 696 1057 τοῦ
735 995 976 1048 καταφανὲς
1005 995 1229 1050 γενέσθαι,
1269 997 1374 1038 ἀλλὰ
1402 999 1508 1050 πρὸς
1537 997 1594 1038 σέ.

245 1114 322 1148 347.
346 1116 522 1148 Matthiae.
540 1117 596 1149 Gr.
618 1119 646 1156 ξ.
665 1116 742 1152 294.
768 1122 801 1150 et
825 1122 941 1151 nostra
965 1118 1008 1150 ad
1033 1119 1163 1162 C¹·.1atyl
1187 1130 1219 1162 p.
1235 1118 1313 1152 387.
1329 1120 1377 1161 C.,
1403 1130 1491 1162 quae
1515 1120 1595 1152 hinc

247 1162 401 1204 augebis,
425 1162 561 1204 infrap
567 1161 675 1195 ,478
700 1164 741 1194 Α.

293 1189 351 1239 οΡ.
375 1206 452 1240 458.

291 1319 334 1350 D.
383 1317 484 1361 ἢμὴ
519 1319 688 1362 σαφῶς]
729 1320 887 1363 Intellige

246 1374 289 1395 ex
314 1364 595 1396 antecedentibus
622 1369 686 1406 φῇ,
720 1370 756 1397 ut
788 1376 888 1407 saepe

246 1408 358 1440 solent
383 1420 399 1440 e
420 1410 533 1441 verbis
557 1410 764 1452 negantibus
788 1411 888 1442 intel-

246 1454 387 1496 ligenda
402 1454 551 1496 relinqui
565 1455 670 1487 verba
691 1456 829 1487 aientia.
855 1467 886 1488 v.

246 1499 472 1531 Heindorf.
498 1500 539 1532 ad
563 1500 596 1532 h.
622 1500 643 1532 l.
669 1501 745 1533 coll.
771 1506 887 1533 annot.

248 1544 290 1576 ad
323 1545 478 1586 Sympos.
508 1556 541 1587 p.
568 1545 642 1578 192.
667 1547 705 1577 Ε.
753 1547 886 1579 Deinde

248 1590 316 1621 καὶ
361 1590 461 1621 κατὰ
499 1589 674 1631 φθόνον
710 1592 886 1623 οἴονται

247 1632 320 1666 τὸι
352 1635 519 1667 εἀιτῶι
551 1635 691 1676 dicitur,
723 1638 886 1678 quoniam

246 1679 289 1712 ad
320 1681 454 1712 οἱοιται
484 1686 596 1713 mente
621 1682 842 1724 cogitandum
868 1680 885 1712 ὁ

247 1725 364 1766 ἕςτερο
392 1723 451 1757 τὸι
476 1726 753 1766 {25901.Lnde
783 1729 885 1760 etiam

244 1771 508 1828 explicationem
539 1771 643 1803 habet
667 1774 886 1805 aecusativus

245 1818 534 1855 φιλονεικοῦντας,
553 1813 619 1848 ἀλλ’
635 1815 677 1848 οὐ
690 1819 886 1859 ζητοῦντας,

244 1871 344 1902 quem
384 1872 469 1893 eave
508 1873 586 1894 cum
622 1863 884 1906 Hirschigio

243 1906 280 1936 in
319 1907 568 1938 nominativum
608 1909 886 1946 φιλονεικοῦντες

245 1955 277 1982 et
301 1951 483 1993 ζητοῦντες
508 1953 705 1984 mutaveris.
748 1955 887 1985 Poterat

244 1996 335 2027 enim
371 1996 440 2028 dici
474 1997 539 2029 hoc
568 1997 687 2029 modo:
729 1999 834 2030 οἴεται
868 1996 885 2030 ὁ

243 2041 360 2081 ἔτερος
394 2039 452 2073 τὸ]
482 2042 603 2082 ἕτεροι
635 2041 715 2074 κατὰ
741 2043 886 2083 ᾳθόιοι·

245 2098 304 2117 lov
328 2098 389 2117 eal*
396 2098 454 2119 TO'U
477 2086 586 2130 λὲγΕἰΓ
611 2092 883 2127 Qthl'EcnonJ'lcz

242 2129 310 2162 ἀλλ
337 2129 378 2163 σι’
404 2133 571 2174 ιζητοῦιτα
595 2131 629 2164 τὸ
655 2145 885 2174 προκειιιειοι

245 2175 284 2208 ἐι
317 2188 361 2219 τῳ
391 2176 490 2220 λόγῳ,
539 2178 667 2210 Verum
699 2179 784 2210 vidit
816 2180 884 2210 iam

244 2221 552 2254 Heindorfius.
600 2225 652 2255 De
677 2234 708 2254 v.
735 2226 882 2264 φιλονει-

243 2271 318 2298 κεῖν
354 2278 386 2298 v.
418 2267 591 2299 Phaedon.
623 2280 654 2310 p.
681 2268 733 2300 91.
767 2270 809 2301 A.
840 2288 884 2292 —

241 2310 614 2354 λοιδορηθέντες,
665 2314 882 2346 conviciis

241 2358 438 2408 onerati,
477 2362 706 2410 postquam
747 2370 790 2391 se
826 2360 884 2390 in-

241 2402 381 2433 vicem
406 2413 521 2434 conv
532 2403 638 2435 iciis
662 2404 882 2446 pioscide-

241 2451 351 2478 runt.
382 2466 426 2470 —
456 2445 526 2479 οἷσι
552 2449 616 2479 καὶ
644 2461 669 2480 τ.
695 2461 726 2480 π.
754 2447 879 2490 ἄχθε-

242 2492 344 2522 σθαι
372 2489 433 2523 ὑπ.
463 2503 528 2532 oq).
556 2491 659 2532 az’·.,z
686 2498 730 2526 ut
753 2495 880 2526 etiam

238 2540 500 2578 praesentes
526 2549 599 2570 sua
624 2549 789 2571 caussa
820 2540 882 2571 in·

237 2580 491 2624 dignentur,
533 2583 643 2623 quod
679 2588 761 2624 etc.‚
801 2584 881 2616 dass

237 2626 325 2658 auch
357 2626 412 2658 die
436 2627 665 2660 Amcesenden
696 2640 755 2660 um
788 2629 881 2661 ihrer

235 2670 331 2703 eelbst
355 2671 462 2703 willeri
485 2672 634 2705 dariiber
654 2674 880 2716 unzufrieden

501 1219 516 1239 ε
528 1173 561 1237 ι”Ρ
573 1220 604 1239 τι
630 1220 650 1246 ιι
662 1206 680 1250 ὴ
706 1206 750 1239 ἀλ
762 1220 779 1250 η
794 1208 844 1240 θὲ
855 1222 870 1241 ,-
896 1210 910 1240 λ
922 1220 935 1239 ε
932 1208 1021 1251 ’γω]
1055 1209 1143 1241 Vett.
1169 1209 1263 1242 editt.
1287 1215 1321 1242 et
1344 1210 1518 1253 Hirsehig.
1545 1209 1595 1242 λε’-

957 1321 1044 1353 send.
1076 1321 1360 1354 Coniunctionem
1375 1323 1473 1354 verbi
1496 1320 1597 1364 ἄχθε-

959 1367 1041 1417 σθμι
1059 1378 1135 1398 curn
1153 1368 1350 1400 accusativo
1374 1368 1424 1400 rei
1447 1368 1599 1399 illustra-

956 1422 1067 1443 vimus
1093 1412 1134 1444 ad
1158 1412 1331 1445 Phaedon.
1356 1411 1457 1455 p..88
1474 1413 1512 1444 E.
1544 1414 1597 1445 De

955 1456 1125 1489 infinitivo
1161 1462 1238 1499 post
1268 1455 1326 1489 οἶα
1361 1458 1457 1491 illato
1488 1469 1519 1489 v.
1553 1458 1597 1490 ad

956 1502 1110 1544 Sympos.
1142 1513 1172 1544 p.
1205 1502 1281 1535 211.
1314 1504 1350 1534 B.
1388 1503 1465 1535 coll.
1498 1504 1597 1535 Mat-

955 1547 1088 1579 thiae.
1129 1548 1187 1579 Gr.
1228 1550 1256 1587 §.
1294 1547 1371 1581 535.
1437 1549 1597 1590 Denique

955 1590 1128 1633 ἄχθεσθαι
1160 1590 1248 1634 ι’·πὲρ
1275 1593 1400 1625 ἑαυτοῦ
1431 1594 1480 1625 sic
1511 1594 1598 1626 dixit

956 1638 1058 1669 etiam
1094 1638 1314 1680 Aristoph.
1348 1639 1529 1680 Lysistrat.
1564 1650 1596 1672 v.

956 1682 1015 1715 10:
1042 1681 1132 1714 πόλλ’
1152 1681 1238 1724 ὑπὲρ
1266 1681 1361 1726 ἡμῶν
1385 1687 1453 1715 τῶν
1476 1696 1595 1726 γυναι-

956 1731 1023 1759 κῶν
1048 1726 1213 1769 ἄχθομαι,
1247 1728 1289 1760 ab
1321 1729 1594 1762 Heindorfio

955 1778 1180 1815 comparatus.
1218 1774 1288 1806 Nec
1312 1775 1360 1805 ita
1384 1785 1481 1806 rarus
1507 1775 1597 1817 apud

955 1819 1066 1860 ipsum
1110 1819 1290 1851 Platonem
1334 1819 1390 1851 hic
1431 1820 1596 1852 formulae

954 1874 1037 1895 usus
1059 1868 1118 1895 est.
1141 1874 1171 1895 v.
1191 1864 1291 1906 Apol.
1310 1864 1404 1896 Socr.
1430 1876 1462 1906 p.
1482 1863 1535 1898 23.
1558 1865 1598 1897 E.

954 1908 1128 1940 Phaedon.
1152 1919 1185 1950 p.
1209 1908 1262 1941 61.
1287 1910 1325 1940 Ε.
1355 1908 1472 1950 ibique
1496 1921 1575 1942 ann.

1000 1954 1039 1985 E.
1088 1957 1162 1985 τοῦ
1197 1954 1448 1994 καταφανὲς
1481 1954 1595 1998 γενέ-

958 1998 1079 2041 σθαι]
1138 2009 1186 2029 ne
1234 2000 1490 2041 suspiceris
1538 2011 1598 2032 me

955 2054 1037 2076 non
1057 2045 1119 2075 rei
1137 2054 1306 2076 caussa
1331 2045 1597 2077 contenden-

954 2094 1037 2120 tem
1070 2089 1240 2130 dicere,
1283 2094 1326 2121 ut
1355 2091 1597 2122 manifesta

955 2134 1055 2174 fiat,
1087 2134 1161 2165 sed
1187 2139 1261 2166 tua
1286 2145 1456 2167 caussa.
1503 2136 1597 2167 Infra

954 2189 984 2221 p.
1010 2178 1086 2211 509.
1118 2180 1168 2210 D:
1207 2177 1269 2211 ἐὰν
1306 2179 1452 2233 &favum
1487 2192 1596 2221 παρα-

956 2223 1162 2266 σκειάσηται
1204 2228 1263 2256 τοῦ
1305 2223 1349 2266 μὴ
1385 2222 1596 2258 ἀδικεῖσθαι.

953 2270 1170 2301 Demosth.
1207 2271 1258 2301 De
1295 2270 1417 2302 Coron.
1456 2283 1485 2313 p.
1519 2270 1595 2304 262.

953 2314 1003 2345 ed.
1036 2315 1171 2346 Reiska
1203 2313 1274 2354 ἀρά
1298 2326 1335 2355 γε
1364 2314 1486 2355 σιιικρά
1511 2314 1595 2348 ἀνα-

952 2361 1056 2391 Leman
1088 2357 1130 2390 ἂν
1162 2371 1220 2390 τοι
1251 2357 1292 2401 μὴ
1321 2358 1359 2392 τὰ
1384 2360 1498 2392 δικαια
1523 2373 1596 2393 ποι-

953 2409 1007 2435 εῖν
1039 2416 1071 2435 οι
1111 2402 1266 2436 πλουσιοι
1308 2406 1396 2446 (scil.
1430 2405 1595 2446 δοκοῦσι).

952 2461 983 2481 v.
1008 2450 1120 2481 Rost.
1147 2452 1179 2489 ξ.
1204 2449 1277 2483 109.
1302 2457 1372 2485 not.
1391 2450 1420 2482 1.
1445 2451 1595 2483 Matth.

952 2496 982 2534 ἓ.
1007 2493 1083 2527 540.
1108 2498 1177 2525 not.

997 2539 1036 2570 εἰ
1064 2539 1143 2577 ιιὲι
1178 2539 1246 2571 καὶ
1274 2537 1325 2572 σὺ
1349 2536 1438 2572 εἶτ.
1463 2537 1592 2581 ᾰτθρ.

951 2585 1097 2624 ώνπερ
1126 2586 1192 2616 ναὶ
1220 2583 1322 2640 ἐγώ]
1355 2585 1592 2627 Euthyphron.

949 2639 980 2670 p.
1012 2628 1042 2661 6.
1076 2630 1124 2660 A:
1170 2642 1233 2661 νιν
1267 2624 1330 2662 οἶν
1365 2630 1399 2662 εἰ
1434 2631 1502 2662 καὶ
1539 2631 1592 2661 σοὶ

951 2677 1051 2705 ταῦτα
1083 2674 1250 2714 gurdone
1278 2694 1340 2712 -,
1372 2674 1504 2718 ἀιάγκη
1539 2674 1592 2722 671¹,
