1687 2969
386 168 630 208 GORGIAS.
661 169 704 206 P.
736 172 830 206 493.
864 171 957 207 494.
988 170 1047 207 ed.
1079 169 1134 207 St.

1358 172 1437 206 239

88 275 233 330 ἐκείνῳ
263 275 396 318 οὐκέτ’
426 274 538 318 ἔστιν
566 276 701 330 ἡδονὴ
732 277 926 330 οὐδεμία,
966 277 1070 318 ἀλλὰ
1099 271 1210 318 τοῦτ’
1239 274 1375 328 ἔστιν,
1415 278 1438 317 ὃ

86 348 169 382 νῦν
196 340 248 395 δὴ
278 341 360 395 ἐγὼ
389 342 556 395 ἔλεγον,
596 340 643 383 τὸ
684 340 816 394 ὥςπερ
846 342 973 383 λίθον
1003 344 1100 395 ζῆν,
1141 341 1311 383 ἐπειδὰν
1339 345 1438 396 πλη-

86 409 217 460 ρώσῃ,
247 408 348 461 μήτε
371 407 574 460 χαίροντα
596 407 653 448 ἔτι
682 409 782 461 μήτε
804 408 1087 461 λυπούμενον.
1120 403 1205 448 ἄλλ’
1229 406 1274 448 ἐν
1302 409 1439 462 τούτῳ
1469 409 1506 451 Β

89 471 175 513 ἐστὶ
202 474 249 513 τὸ
278 471 411 526 ἡδέως
442 474 544 526 ζῆν,
587 471 632 513 ἐν
673 475 732 528 τῷ
761 473 817 521 ὡς
858 475 1054 514 πλεῖστον
1084 471 1283 525 ἐπιῤῥεῖν.
1340 474 1438 514 Σῼ.

88 538 261 579 Οὐκοῦν
290 538 453 591 ἀνάγκη
483 539 536 590 γ’,
566 537 619 578 ἂν
647 538 758 578 πολὺ
788 536 970 591 ἐπιῤῥὲῃ,
1001 537 1111 578 πολὺ
1140 537 1208 578 καὶ
1238 538 1285 578 τὸ
1311 537 1439 579 ἀπιὸν

90 599 199 644 εἶναι
227 604 295 644 καὶ
334 603 476 656 μεγάλ’
517 605 620 643 ἄττα
660 602 710 644 τὰ
746 605 936 656 τρήματα
976 599 1084 643 εἶναι
1120 607 1211 651 ταῖς
1251 602 1437 656 ἐκροαῖς;

92 670 227 709 ΚΑΛ.
261 669 389 709 Πάνυ
418 666 495 721 μὲν
525 664 615 710 οὖν.
648 670 744 708 ΣΩ.
778 669 1024 721 Χαραδριοῦ
1053 683 1147 708 τινα
1177 664 1231 709 αὖ
1261 668 1314 708 σὺ
1343 669 1440 721 βίον

89 733 243 786 λέγεις,
281 732 370 774 ἄλλ’
412 734 464 774 οὐ
493 740 671 785 νεκροῦ,
715 729 814 774 οὐδὲ
844 734 984 774 λίθου.
1026 733 1099 774 καί
1137 749 1209 786 μοι
1237 732 1353 786 λέγε,
1393 736 1440 774 τὸ

88 798 253 839 τοιόνδε
281 796 424 850 λέγεις,
456 794 550 840 οἷον
580 802 730 852 πεινῆν
760 797 829 839 καὶ
857 801 1068 839 πεινῶντα
1093 797 1272 848 {offlam
1304 801 1439 839 ΚΑΛ.

78 859 255 916 ”Εγωγε.
312 865 409 905 ΣΩ.
443 863 528 904 Καὶ
557 866 689 917 διψῆν
719 878 763 915 γε
794 864 862 904 καὶ
891 864 1084 912 διψῶντα
1107 865 1268 913 nivem),-
1303 866 1438 904 ΚΑΛ.
1472 865 1507 907 C

90 927 226 980 Λέγω,
256 927 325 969 καὶ
353 928 426 977 τὰς
454 931 583 977 ἄλλοις
627 928 856 982 ἐπιθυμίας
899 928 1064 977 ἁπάσας
1094 927 1243 982 ἔχοντα
1272 929 1341 971 καὶ]
1369 930 1439 970 δυ-

89 994 276 1046 νάμενον
304 996 548 1047 πληροῦντα
577 995 779 1048 χαίροντα
809 990 1072 1047 εὐδαιμόνως
1101 997 1186 1047 ζῆν.

157 1137 290 1171 οὐκέτ’
317 1140 436 1172 ἔστιν
463 1137 535 1183 ἠδ]
561 1139 618 1172 Sic
644 1139 759 1172 Clark.
789 1139 861 1171 Vat.
887 1150 946 1182 pro
972 1140 1066 1182 vulg.
1092 1137 1155 1171 οὒκ
1182 1139 1284 1171 ἔστιν.

159 1206 350 1239 ἐπειδὰν
373 1206 591 1250 πληρώσῃ]

638 1208 678 1238 V.
704 1206 919 1249 πληρίόοηται
946 1208 1064 1238 invitis
1091 1207 1208 1239 Clark.
1234 1208 1311 1238 Vat.
1337 1206 1440 1237 Cois]-

92 1252 192 1284 Vind.
218 1252 247 1286 1.
272 1252 302 1285 6.
328 1253 425 1284 Bodl.
449 1254 526 1284 Par.
552 1253 780 1285 BCEFIW.
806 1258 838 1284 et
864 1264 986 1284 novem
1011 1253 1161 1285 Florcnt.
1188 1252 1333 1284 Videtur
1358 1253 1439 1292 πλη-

95 1298 196 1340 ρωθῇ
220 1298 457 1340 corrigendum
481 1308 566 1330 csse.

159 1365 196 1399 C.
246 1365 501 1404 δυνάμενον
534 1363 811 1407 πληροῦνται]

92 1411 259 1452 πληροῦν,
284 1410 374 1452 quod
398 1409 527 1454 recepit
550 1411 736 1442 Hermann.

92 1523 274 1564 Perperam
298 1523 344 1554 Fi
355 1533 378 1554 11
389 1523 409 1554 d
420 1523 483 1554 eis
493 1533 510 1554 e
519 1533 551 1554 11.
577 1522 666 1554 coni.
702 1522 730 1552 τὶ

92 1566 226 1599 τοιόνδε
261 1566 383 1610 λέγεις,
427 1567 518 1610 quod
558 1568 731 1600 soloecum

92 1613 186 1644 foret.

138 1702 176 1734 C.
220 1703 288 1734 καὶ
330 1701 589 1741 δυνάμενον
636 1703 728 1744 πλη-

95 1750 257 1788 ροῦντα
300 1751 426 1789 χαίρο
440 1760 515 1779 ντα
562 1745 608 1779 εὐ
622 1747 729 1786 δαίμ.

94 1792 135 1835 9]
168 1793 282 1824 Primo
319 1793 439 1824 obtutu
479 1794 595 1834 utique
636 1793 731 1824 blan-

93 1838 204 1869 diatur
240 1838 345 1870 alicui
383 1838 474 1880 quod
506 1838 611 1870 edidit
643 1838 664 1869 S
677 1842 690 1869 t
700 1849 730 1869 e-

92 1883 263 1925 phanus
298 1884 465 1925 πληροῦν.
513 1883 580 1915 Sed
609 1894 644 1915 re
679 1894 730 1915 ac-

93 1928 242 1960 curatius
266 1928 479 1961 considerata
503 1940 571 1960 non
589 1928 730 1960 dubium

93 1973 284 2014 videbitur,
316 1974 399 2015 quin
424 1985 465 2006 ea
487 1974 588 2006 lectio
621 1974 664 2005 ab
689 1975 731 2005 iis

92 2019 233 2050 inventa
267 2020 312 2050 sit
321 2043 329 2058 ‚
367 2019 427 2060 qui
466 2020 731 2052 constructionis

91 2064 259 2096 rationem
282 2074 352 2096 11011
375 2066 639 2106 perspexissent.
670 2065 732 2096 Est

94 2113 207 2141 autem
254 2108 359 2140 haee:
407 2109 462 2140 καὶ
511 2108 622 2151 (λέγω)
661 2111 730 2151 χαί-

99 2166 202 2195 ροντα
232 2151 465 2193 ἐὐδαιμόνως
506 2157 570 2196 ζῆν
614 2155 732 2195 ἔχοντα

93 2197 151 2232 τὰς
174 2197 273 2232 ἄλλας
298 2198 485 2238 ἐπιθυμίας
516 2197 651 2233 ἁπάσας
677 2200 730 2231 καὶ

94 2245 291 2286 πληροῦνται
329 2243 526 2283 δυνάμενον
564 2255 608 2275 sc.
651 2246 731 2286 πλη-

97 2292 202 2330 ροῦν,
237 2294 275 2321 et
299 2289 368 2321 dio
381 2301 400 2321 o
425 2290 618 2331 aliquem
643 2300 732 2321 cum

94 2334 255 2375 gaudio
287 2335 412 2367 beate
437 2335 604 2374 vivere,
639 2334 732 2366 dum

95 2382 263 2411 ceteras
288 2380 558 2421 cupiditates
576 2379 654 2411 hab
666 2384 735 2412 eat

95 2427 278 2456 cunctas
326 2435 488 2466 easque
537 2425 733 2466 expleat,

95 2470 255 2511 quippe
296 2469 336 2501 id
368 2470 566 2502 faciendi
599 2470 733 2502 facul-

94 2518 185 2545 tate
225 2525 246 2555 p
257 2514 347 2546 olle
358 2526 379 2545 n
392 2526 428 2552 s.>
473 2516 525 2546 De
563 2516 733 2547 infinitivo

95 2560 251 2600 πληροῦν
286 2570 329 2590 ex
361 2571 430 2601 seq.
464 2561 660 2602 πληροῦνῑα
692 2560 733 2592 ad

95 2602 296 2642 δυνάμενον
337 2606 540 2637 assumendo
579 2617 611 2636 v.
645 2606 675 2636 A
686 2609 733 2636 st.

95 2648 137 2680 ad
170 2649 202 2680 11.
227 2649 250 2680 1.
282 2652 315 2680 et
345 2650 373 2681 R
383 2650 419 2681 ei
431 2651 507 2692 sig.
538 2650 580 2682 ad
613 2650 733 2691 Oedip.

95 2694 167 2725 Col.
202 2705 232 2734 p.
257 2692 322 2726 277
349 2705 418 2735 seq.
472 2695 643 2726 Videlicet
675 2696 734 2726 So-

860 1365 916 1397 Sic
947 1364 1028 1396 libri
1060 1375 1197 1405 omnes,
1239 1364 1297 1396 sed
1323 1364 1438 1405 Steph.

801 1521 886 1553 erati
918 1521 1073 1564 singulas
1107 1521 1311 1563 cupiditates
1351 1532 1440 1553 com-

800 1577 987 1599 memorare
1021 1571 1053 1598 et
1085 1567 1233 1608 exempli
1264 1567 1341 1598 loco
1366 1578 1441 1608 pro-

801 1622 927 1654 ponere
970 1612 1162 1644 instituenti
1195 1612 1357 1643 Callicles
1394 1612 1442 1644 ita

800 1657 990 1698 respondet,
1016 1662 1054 1689 ut
1069 1669 1139 1689 rem
1158 1656 1254 1689 brevi
1269 1657 1442 1698 praecidat

800 1713 903 1743 seque
929 1707 1060 1734 ceteras
1094 1713 1211 1734 omnes
1236 1703 1441 1744 cupiditates

800 1748 954 1789 cognitas
978 1747 1104 1780 habere
1137 1748 1314 1790 significet.
1364 1749 1440 1780 Per-

800 1794 958 1824 tinaciter
983 1797 1096 1825 autem
1115 1794 1320 1825 sententiam
1345 1804 1441 1825 suam

801 1839 950 1870 retinens
976 1839 1077 1870 simul
1100 1839 1204 1871 etiam
1229 1838 1323 1870 addit
1339 1839 1441 1870 haee:

801 1883 855 1915 καὶ
883 1882 1146 1922 δυνάμενον-
1173 1885 1247 1926 ζῆι.
1274 1884 1442 1924 Quocirca

800 1928 922 1960 deinde
952 1930 994 1960 ab
1021 1930 1160 1961 Socrate
1192 1933 1328 1971 propter
1352 1930 1442 1961 hanc

799 1975 1028 2016 pervicaciam
1060 1974 1205 2015 ridetur,
1239 1975 1297 2015 qui
1330 1976 1361 2005 ei
1393 1986 1442 2006 re-

800 2020 944 2062 spondet
967 2020 1070 2051 haec:
1106 2020 1346 2051 Praeclare
1379 2031 1443 2051 ve-

800 2076 865 2104 ro,
891 2076 909 2097 ο
935 2065 1063 2096 bone!
1098 2075 1229 2107 perge
1262 2065 1373 2096 enim
1397 2069 1443 2097 ut

802 2110 1017 2151 coepisti,
1067 2120 1146 2141 nec
1190 2114 1230 2141 te
1268 2110 1440 2151 pudeat.

802 2155 954 2196 Apparet
983 2153 1102 2186 turbas
1140 2154 1273 2187 dedisse
1306 2156 1442 2196 partici-

801 2201 935 2242 piorum
968 2200 1253 2239 cumulationem,
1298 2200 1339 2231 de
1375 2211 1443 2242 qua

802 2246 870 2276 iam
907 2246 942 2276 in
982 2244 1215 2286 superioribus
1255 2245 1442 2287 disputavi-

801 2300 889 2321 mus.
952 2289 988 2321 Si
1020 2294 1134 2322 autem
1164 2300 1245 2321 vera
1276 2295 1328 2322 est
1357 2291 1443 2323 haec

802 2335 1037 2376 interpretatio
1062 2339 1201 2375 nostra,
1226 2336 1327 2367 facile
1353 2346 1443 2368 care-

803 2381 915 2411 bimus
947 2380 1049 2411 etiam
1082 2381 1278 2412 coniectura
1318 2382 1443 2414 Hein-

803 2425 956 2457 dorfii:
999 2425 1053 2456 καὶ
1103 2424 1303 2464 δυνάμενον
1347 2428 1442 2468 πλη-

806 2473 936 2511 ροῦν,
977 2471 1233 2512 πληροῦντα
1269 2473 1339 2503 καὶ
1373 2474 1442 2512 χαί-

807 2526 911 2555 ροντα
936 2512 1007 2546 effi.
1034 2517 1109 2557 ζῆν.
1158 2516 1316 2548 Ceterum
1342 2517 1442 2548 Bek-

803 2560 953 2598 kei-us,
1001 2561 1058 2601 qui
1104 2561 1245 2592 retinuit
1288 2561 1443 2593 codicum

803 2605 1001 2645 lectionem,
1039 2616 1143 2647 prave
1183 2606 1341 2637 distinxit
1372 2617 1444 2638 ora-

803 2650 929 2681 tionem
956 2655 1121 2682 commate
1146 2654 1223 2692 post
1248 2652 1444 2693 πληροῦντα

803 2695 1014 2736 interposito.
