1687 2969
1354 205 1428 242 177

447 208 688 248 GORGIAS.
719 209 761 246 P.
798 209 891 246 476.
923 208 982 246 ed.
1014 208 1069 246 St.

81 318 259 372 πάσχον,
291 315 315 359 ὃ
343 319 392 359 τὸ
421 322 578 359 ποιοῦν
605 320 729 366 ποιεῖ,
759 315 827 357 καὶ
857 323 1078 363 τοιοῦτον,
1120 310 1215 356 οἷον
1243 317 1357 354 ποιεῖ
1382 314 1429 354 τὸ

79 397 260 432 ποιουν,
301 382 409 436 λέγω
451 383 495 424 δὲ
523 381 571 425 τὸ
601 383 789 424 τοιόνδε·
831 376 870 422 εἴ
904 397 966 430 τις
993 383 1161 424 τύπτει
1201 380 1363 432 ἀνάγκη
1392 395 1430 420 τι

80 450 338 497 τύπτεσθαι;
371 451 510 490 ΠῼΛ.
539 445 740 502 Ἀνάγκη.
782 449 879 488 ΣΩ.
915 445 1000 487 Καὶ
1031 446 1065 486 εἰ
1093 446 1260 499 σφόὸρα
1287 446 1430 485 τύπτει

78 514 104 568 ἢ
133 514 237 568 ταχὺ
266 513 289 556 6
317 514 511 562 τύπτων,
553 513 664 555 οὕτω
693 512 763 554 καὶ
790 513 837 554 τὸ
866 512 1134 563 τυπτόμενον
1170 511 1427 559 τύπτεσθαις

83 582 224 622 ΠῼΛ.
271 580 372 620 Ναί.
430 581 525 620 ΣΩ.
576 582 784 620 Τοιοῦτον
813 581 896 630 ἄρα
924 580 1066 625 πάθος
1093 579 1151 632 τῷ
1179 574 1430 631 τυπτομένῳ

81 643 205 695 ἐστίν,
236 639 331 686 οἷον
361 644 414 685 ἂν
442 645 489 685 τὸ
518 644 680 685 τύπτον
708 650 829 697 ποιῇς
888 645 1025 683 ΠΩΛ.
1063 643 1186 682 Πάνυ
1215 656 1273 695 γε.
1332 643 1428 681 Σῼ.

85 711 258 751 Οὐκοῦν
287 710 356 750 καὶ
396 710 432 750 εἰ
460 711 568 751 καίει
607 725 690 758 τις,
732 710 895 762 ἀνάγκη
932 724 970 749 τι
1010 708 1230 756 κιιιέσθαι;
1291 708 1427 747 ΠΩΛ.

84 778 184 824 Πῶς
211 774 293 828 γὰρ
323 777 394 825 οὕς
437 777 533 816 ΣΩ.
568 775 654 815 Καὶ
684 775 718 815 εἰ
748 776 916 825 σφόδρα
946 789 991 827 γε
1021 773 1128 814 καίει
1156 772 1181 825 ἢ
1212 772 1429 825 ἀλγεινῶς,

79 840 190 881 οὕτω
231 841 428 882 καίεσθαι
468 843 516 882 τὸ
556 841 812 894 καιόμενον,
855 840 911 888 ὡς
951 839 1003 880 ἂν
1044 836 1091 879 τὸ
1145 840 1270 878 καῖον
1311 839 1430 891 καίῃς

86 907 227 946 ΠῼΛ.
259 908 387 948 Πάνυ
416 921 475 960 γε.
507 907 606 948 Σῼ.
635 906 807 947 Οὔκουν
836 904 905 945 καὶ
935 905 969 945 εἰ
990 902 1129 956 τέμνει
1146 918 1220 951 τις,
1250 902 1273 943 6
1303 901 1432 951 αὐτὸς

80 973 231 1025 λόγος,·
259 972 451 1026 τέμνεται
479 972 560 1024 γάρ
589 986 639 1012 τι.
687 972 827 1011 Ima.
860 970 960 1010 Ναί.
1017 971 1112 1009 ΣΩ.
1147 967 1232 1009 Καὶ
1261 969 1296 1008 εἰ
1327 967 1432 1021 μέγα

82 1052 128 1091 γε
157 1038 184 1091 ἢ
214 1037 333 1091 βαθύ
374 1037 420 1078 τὸ
448 1040 591 1091 τμῆμα
620 1037 645 1090 ἢ
687 1036 908 1088 ἀλγεινόν.
966 1038 1165 1075 τοιοῦτον
1203 1041 1344 1087 τμῆμα
1373 1032 1430 1074 τέ-

84 1118 231 1157 μνεται
267 1104 314 1145 τὸ
352 1104 635 1157 τεμνόμενον,
677 1097 771 1142 οἱον
810 1103 856 1141 τὸ
896 1099 1050 1153 τέμνον
1088 1097 1249 1152 τέιινεις
1293 1101 1430 1140 ΠΩΛ.

88 1169 299 1210 Φαίνεται.
357 1170 452 1209 ΣΩ.
484 1167 744 1221 Συλλήβδην
772 1167 822 1220 οη
854 1166 947 1219 ὅρα,
978 1166 1010 1205 εἰ
1040 1165 1259 1218 ὁμολογεῖς
1287 1166 1309 1205 o
1339 1168 1428 1216 ἄρτι

85 1232 228 1287 ἔλεγον
256 1233 350 1286 περὶ
379 1234 575 1274 πάντων·
617 1234 712 1273 οἱον
741 1232 794 1272 (ὲν
823 1237 924 1284 ποιῇ
953 1232 999 1271 τὸ
1030 1246 1208 1281 ποιουν,
1238 1237 1432 1271 τοιούτοιν

83 1300 130 1340 τὸ
160 1300 323 1352 πάσχον
351 1300 536 1352 πάσχειν.
572 1300 710 1339 ΠΩΛ.
738 1292 850 1337 Am
883 1297 1089 1350 ὁμολογῶ.
1126 1298 1220 1337 ΣΩ
1259 1297 1433 1337 Τούτων

82 1363 133 1418 δὴ
164 1363 545 1418 ὁμολογουμένων,
586 1363 633 1404 τὸ
674 1363 796 1416 δίκην
835 1363 999 1403 ὸιὸόναι,
1038 1363 1221 1414 πότερον
1259 1363 1433 1414 πάσχειν

150 1505 188 1537 C.
215 1505 424 1537 Τοιοῦτον
459 1502 539 1543 ἄρα
572 1502 727 1546 πάθος]
766 1504 806 1535 V.
836 1501 881 1535 Tb
910 1507 1065 1535 τοιοῦτον
1090 1501 1157 1544 ἄρα
1184 1515 1216 1534 π.
1241 1502 1431 1534 Articulum

83 1550 163 1582 libri
187 1561 265 1582 mss.
291 1561 409 1582 omnes
433 1551 593 1581 omittunt
616 1554 751 1590 praeter
776 1550 852 1580 Par.
878 1549 952 1580 EF.
978 1549 1068 1580 Flor.
1094 1550 1116 1580 f.
1142 1560 1167 1582 S.

151 1595 192 1627 εἰ
215 1597 326 1627 καίει
353 1594 423 1638 τις]
449 1594 523 1626 κάει
547 1599 581 1626 et
604 1593 752 1626 κάεσθαι
778 1595 862 1625 Ven.
891 1593 970 1625 ΣΞ.
990 1594 1092 1626 vind.
1116 1593 1147 1626 2.
1173 1592 1202 1625 7.
1222 1595 1309 1635 Aug.
1335 1592 1431 1626 Bodl.

84 1652 159 1673 cum
185 1641 237 1672 ed.
260 1642 337 1674 Bas.
363 1639 394 1672 2.
441 1641 497 1672 Sic
523 1641 625 1672 etiam
649 1641 685 1671 in
709 1640 885 1682 proximis.

156 1684 335 1718 Οὐκοῦν
360 1687 428 1717 καὶ
456 1685 500 1717 εἰ
522 1685 666 1724 τέμνει
694 1684 763 1727 τις]
811 1685 869 1716 Sic
896 1683 988 1716 Stob.
1016 1683 1105 1717 Flor.
1133 1695 1161 1715 a.
1188 1683 1218 1715 d.
1245 1694 1269 1714 s.

86 1744 123 1769 τι,
150 1732 240 1773 quod
263 1731 405 1764 retinuit
428 1730 575 1763 Bekker.

151 1777 193 1808 D.
221 1773 320 1808 οἷον
351 1774 404 1808 ἂν
437 1779 535 1818 ποιῇ
572 1774 613 1806 τὸ
649 1774 823 1815 ποιοῦν]
859 1775 948 1806 Flor.
976 1786 1007 1807 x.
1045 1779 1077 1805 et
1108 1774 1157 1805 ed.
1183 1774 1259 1805 Bas.
1285 1773 1316 1805 2.
1354 1770 1433 1805 οἷον

81 1820 124 1853 ἄν
148 1834 175 1853 τι
200 1825 279 1864 ποιῇ
304 1818 338 1853 τὸ
364 1833 397 1853 π.
445 1821 512 1854 Sed
535 1821 600 1853 isto
631 1833 658 1852 τι
689 1831 758 1852 non
783 1824 833 1851 est
867 1831 970 1861 opus,
1003 1830 1106 1860 quum
1131 1830 1252 1851 sensus
1284 1819 1339 1850 hic
1371 1820 1430 1850 sit:

85 1867 217 1909 quale
249 1867 398 1908 estid,
431 1867 539 1909 quod
572 1867 738 1898 efficax
772 1870 854 1905 est,
888 1870 925 1897 ut
950 1869 1062 1897 ποιεῖν
1095 1865 1168 1897 sine
1194 1875 1276 1897 casu
1308 1865 1432 1896 obiecti

86 1913 234 1955 positum
259 1914 313 1945 sit.

1318 1683 1432 1726 Vulgo

88 2023 228 2070 πάσχων
271 2024 326 2056 καὶ
368 2024 523 2065 παρέχων
561 2027 726 2063 τιμωοίαι·

88 2072 188 2112 η’ττοι
212 2067 425 2110 ἀθλιώτερός
458 2069 528 2101 ἐστι
560 2082 618 2101 του
650 2067 725 2101 α’δι-

87 2119 229 2148 κοῦντος
247 2114 320 2154 μέν,
347 2113 456 2156 μηδὲν
474 2115 513 2147 δὲ
534 2112 725 2153 ὑπομένοι-

88 2173 153 2196 tos,
177 2157 246 2192 ἀλλ’
272 2157 326 2191 ἀεὶ
352 2157 562 2193 ἀδικουντος.
596 2158 727 2191 τούτων

89 2209 209 2238 τοίνυν
228 2203 262 2238 τὸ
279 2205 344 2244 μὲν
360 2203 531 2246 πρότερον
549 2203 725 2241 δέδεικται,

90 2256 155 2283 νῦν
189 2250 226 2283 δὲ
251 2249 286 2282 τὸ
318 2248 487 2290 δεύτερον
517 2248 726 2282 κατασκευά-

88 2297 188 2337 ζεται.
225 2297 340 2328 Recte.
373 2295 512 2327 Iuvabit
545 2299 657 2327 autem
682 2300 727 2326 te-

87 2342 204 2374 nuisse
223 2342 399 2383 proximae
420 2341 726 2384 argumentationis

86 2388 177 2419 viam
216 2391 249 2419 et
294 2387 461 2419 rationem
507 2397 580 2418 esse
628 2386 725 2419 hanc.

87 2433 239 2464 Primum
262 2432 367 2474 igitur
403 2432 437 2464 τὸ
470 2429 605 2463 διδόναι
630 2430 729 2472 δίκην

86 2481 120 2509 et
153 2475 189 2509 τὸ
224 2475 410 2509 ἀδικοῦντα
452 2476 591 2509 δικαίως
628 2474 726 2507 κολά-

89 2524 214 2563 ζεσθαι
252 2522 342 2554 idem
386 2522 580 2564 significare
617 2526 728 2553 osten-

86 2567 176 2599 ditur
200 2567 354 2609 adeoque
378 2568 539 2599 continuo
571 2567 728 2599 admone-

85 2616 140 2644 tur
186 2613 348 2644 iustum
394 2613 498 2644 etiam
529 2612 726 2654 pulcrum

87 2668 161 2689 esse
194 2659 238 2699 (p.
262 2656 338 2690 476.
363 2658 428 2697 A.).
475 2659 564 2689 Tum
597 2668 677 2688 vero
710 2668 727 2688 e

88 2714 121 2734 re
148 2703 220 2744 ipsa
245 2702 384 2734 docetur
407 2713 495 2742 eum,
528 2704 585 2744 qui
611 2706 727 2733 recte

87 2749 247 2790 castiget,
280 2749 383 2779 etiam
418 2749 533 2779 iuste
558 2748 727 2789 castigare

154 2816 224 2840 Plat.
244 2816 315 2846 Opp.
337 2816 397 2841 Vol.
417 2816 451 2839 II.
472 2815 547 2840 Sect.
567 2816 589 2839 Ι.

794 2023 938 2064 ideoque
963 2035 1052 2063 eum,
1077 2024 1135 2064 qui
1159 2023 1360 2064 castigetur,
1384 2022 1433 2052 iu-

795 2073 847 2100 sta
871 2070 950 2110 pati.
977 2070 1030 2100 Ex
1056 2079 1121 2110 quo
1147 2068 1330 2109 colligitur,
1355 2068 1434 2109 quia

795 2125 896 2156 supra
922 2125 952 2155 p.
978 2113 1054 2146 475.
1078 2115 1114 2145 B.
1141 2118 1173 2145 et
1197 2112 1273 2145 476.
1295 2114 1330 2144 Β.
1358 2123 1432 2144 con—

796 2170 930 2191 cessum
954 2164 1004 2190 est
1029 2160 1148 2190 iusta
1170 2169 1243 2190 esse
1267 2158 1434 2199 pulcra,

796 2210 828 2236 et
861 2205 1084 2246 castigantem
1120 2204 1230 2235 facere
1268 2208 1301 2235 et
1334 2203 1433 2235 casti-

796 2254 912 2291 gatum
944 2250 1014 2291 pati
1060 2249 1225 2291 pulcra.
1274 2248 1433 2280 Pulcra

797 2300 910 2326 autem
928 2295 1007 2326 item
1032 2294 1142 2326 bona
1167 2304 1241 2326 esse
1254 2295 1296 2334 (v
1311 2304 1342 2335 p.
1356 2292 1432 2328 475.

796 2340 846 2381 B.)
865 2340 944 2381 quia
962 2340 1079 2381 liquet,
1105 2340 1326 2381 consequitur
1344 2349 1432 2377 eum,

796 2385 854 2426 qui
870 2395 998 2426 poenas
1019 2385 1085 2425 det,
1110 2385 1314 2426 bonapati,
1339 2395 1432 2427 prae-

796 2431 910 2461 sertim
935 2441 1037 2472 quum
1069 2431 1201 2463 animi
1232 2430 1323 2462 malo
1351 2429 1433 2462 libe-

797 2479 896 2509 retur.

841 2521 922 2562 Cap.
970 2520 1115 2552 XXXII.
1162 2521 1204 2552 D.
1255 2520 1308 2552 To
1318 2519 1338 2551 ύ
1351 2532 1364 2551 τ
1376 2532 1401 2551 ω
1417 2533 1433 2549 ι’

798 2563 849 2607 δὴ
875 2563 1215 2608 ὁμολογουμένω
1231 2565 1258 2608 ν]
1297 2566 1432 2605 Quum

797 2611 935 2652 igitur
980 2610 1031 2642 de
1079 2611 1146 2642 his
1194 2612 1309 2642 inter
1357 2622 1432 2641 nos

797 2666 814 2686 c
826 2667 844 2687 o
854 2667 874 2687 n
884 2667 905 2686 v
915 2667 932 2687 e
943 2667 963 2686 n
974 2657 985 2687 i
996 2667 1014 2687 a
1025 2662 1046 2687 t.
1095 2657 1232 2695 Monui‚
1274 2666 1315 2686 ne
1358 2657 1433 2696 quis

797 2698 1074 2743 ὡμολογημένων
1119 2702 1274 2743 corrigat.
1322 2711 1351 2730 v.
1391 2700 1432 2731 ad

798 2746 928 2779 Criton.
955 2758 986 2788 p.
1010 2745 1062 2778 48.
1089 2747 1123 2777 B.

1126 2812 1166 2845 12
