1687 2969
306 156 380 190 188
862 155 1120 193 PLATONIS

303 261 371 301 καὶ
410 261 541 302 καλὸν
580 263 809 311 διώκοντα,
851 280 906 316 μη
946 264 1308 316 ὑπολογιζόμενοι)
1344 264 1391 304 τὸ
1435 266 1644 341 ἀλγεινόν,

301 325 374 366 ἐὰν
394 324 472 379 μέν
495 341 540 379 γε
563 330 737 380 πληγῶν
765 328 857 378 α’ξια
887 329 1095 382 ηδικηκως
1124 332 1163 380 ᾐ,
1193 329 1365 368 τύπτειν
1393 328 1644 383 παρέχοντα,

303 390 376 431 ἐὰν
406 390 448 432 δὲ
479 395 647 445 δεσμοί*
687 394 787 439 δεῖν
818 393 892 433 ἐαν
921 394 964 434 δὲ
995 394 1154 446 ζημίας.
1195 394 1466 442 ἀποτίνοντα,
1498 394 1572 435 ἐὰν
1601 395 1644 436 δὲ

302 464 454 510 φυγῆς,
486 459 715 510 φεύγοντα.
759 457 832 499 ἐὰν
861 458 904 498 δὲ
933 460 1151 507 θανάτου,
1195 459 1541 512 ἀποθνήσκοντα,
1573 460 1644 500 αὐ-

302 523 377 563 τὸν
416 525 588 573 πρῶτον
627 526 729 563 ὄντα
767 525 1005 576 κατήγορον
1034 523 1102 564 καὶ
1134 522 1266 564 αὑτοῦ
1295 523 1364 564 καὶ
1393 527 1478 565 τῶν
1507 527 1646 565 ἄλλων

303 588 468 628 οἰκείων
506 588 573 628 καὶ
604 587 668 628 ἐπὶ
696 596 821 630 τοῦτο
853 590 1073 641 χρώμενον
1101 595 1150 642 τῇ
1182 588 1406 642 ῥητορικῇ,
1451 587 1564 637 ὅπως
1593 589 1646 629 ἂν

301 654 548 706 καταδήλων
588 657 673 694 τῶν
713 655 981 707 ἀδικημάτων
1009 651 1199 706 γιγνοιιέτ
1206 669 1275 694 ων
1303 651 1647 695 ἀπαλλάττωνται

302 725 377 759 τοῦ
400 719 599 770 μεγίστου
621 724 768 767 κακοῦ
800 719 974 767 αδικίας.
998 722 1145 771 φῶμεν
1169 718 1315 769 οὕτως.
1347 719 1373 797 3}
1401 736 1457 773 μη
1486 723 1646 773 φῶμεν,

305 778 337 823 ὡ
369 785 513 832 Ire-3253
547 786 690 824 ΠῼΛ.
710 781 870 824 Ἀτοπα
899 782 986 836 μέν,
1019 785 1052 824 ὠ
1081 785 1317 837 Σώκρατες,
1347 783 1487 838 ἔμοιγε
1517 786 1644 827 δοκεῖ.

266 868 269 872 «
302 852 389 895 τοῖς
445 848 584 901 μέντοι
648 847 890 901 ἔμπροσθεν
941 849 1041 896 ἴσως
1091 859 1157 890 σοι
1207 849 1483 903 ὁμολογεῖται.
1550 852 1644 891 ΣΩ-

307 915 479 954 Οὐκοὺν
518 913 542 966 3}
583 914 758 954 κάκεῖνα
786 914 959 962 λυτέον,
1000 915 1025 967 3}
1054 915 1150 955 τάδε
1181 911 1344 968 ἀνάγκη
1374 916 1647 968 συμβαίνεινς

307 980 448 1019 [IRA.
492 979 602 1029 Ναί,
631 980 757 1020 τοῦτό
787 994 832 1033 γε
862 979 996 1028 οὕτως
1025 980 1117 1034 ἔχει.
1174 982 1269 1021 ΣΩ.
1308 981 1573 1022 Τούναντίον
1603 981 1647 1022 δέ

369 1120 412 1150 D.
459 1116 561 1151 ὄντα
587 1118 852 1162 κατήγορον]
889 1121 929 1154 V.
954 1121 1090 1153 inverso
1116 1121 1233 1153 ordine
1259 1119 1452 1164 κατήγοροι·
1476 1119 1578 1159 ὄντα,
1612 1126 1652 1154 ut

304 1169 353 1196 est
378 1165 412 1196 in
437 1166 515 1197 Par.
539 1166 578 1197 E.

371 1212 436 1242 καὶ
471 1209 540 1242 ἐπὶ
576 1214 698 1241 τοῦτο
729 1208 978 1254 χρώμενον]
1014 1211 1054 1243 V.
1087 1209 1217 1254 καὶμὴ
1244 1210 1534 1251 φειδόμενον,
1566 1209 1638 1243 α’λλ

305 1255 360 1286 ἐπὶ
388 1268 411 1287 τ.
451 1255 565 1287 Verba
589 1254 633 1297 μὴ
660 1254 873 1296 φειδόμενον
897 1254 964 1288 ἀλλ’
992 1267 1056 1288 om.
1083 1257 1199 1289 Clark.
1224 1257 1300 1289 Vat.
1325 1256 1427 1288 Vind.
1452 1257 1482 1289 1.
1506 1256 1536 1289 6.
1573 1258 1649 1289 Par.

306 1301 575 1333 BCEFIVW.
609 1302 698 1333 Flor.
715 1312 744 1332 a.
760 1301 791 1332 b.
811 1312 837 1333 e.
860 1301 889 1332 d.
909 1302 930 1332 f.
949 1314 991 1333 in.
1012 1313 1042 1334 ο.
1061 1312 1086 1332 S.
1119 1302 1215 1335 Bodl.
1237 1306 1269 1333 et
1293 1313 1341 1344 pr.
1367 1303 1482 1342 Coisl.,
1507 1313 1648 1344 quorum

305 1347 491 1378 auctoritas
524 1352 615 1378 certe
647 1347 833 1378 reverenda
866 1347 939 1378 fuit.
988 1348 1029 1379 Et
1059 1347 1214 1379 redolent
1237 1347 1302 1378 ista
1326 1348 1444 1389 utique
1468 1348 1650 1390 glossema.

308 1393 368 1423 Pro
395 1392 487 1434 vulg.
514 1391 568 1423 ἐπὶ
597 1390 703 1434 τούτῳ
730 1392 846 1424 Clark.
872 1393 948 1424 Par.
974 1393 1074 1424 BCI.
1107 1393 1196 1424 Flor.
1219 1392 1251 1423 b.
1272 1397 1304 1424 et
1328 1392 1406 1424 edit.
1433 1394 1511 1424 Bas.
1535 1392 1565 1424 2.
1592 1392 1649 1424 ἐπὶ

307 1441 415 1468 τοῦτο.
465 1438 693 1469 Aeeusativus
719 1442 769 1469 est
794 1438 897 1469 etiam
922 1438 1055 1480 infrap
1059 1437 1167 1471 ‚508.
1192 1439 1230 1470 Β.
1255 1442 1287 1469 et
1311 1437 1404 1470 alibi.

373 1481 627 1537 καταδήλωτ
659 1486 740 1514 τῶι
773 1449 1055 1525 ἅδικημάτωιΡ
1083 1495 1190 1525 γιγι.
1201 1482 1210 1525 ]
1237 1483 1277 1515 V.
1303 1484 1371 1515 alio
1396 1483 1512 1516 ordine
1536 1495 1650 1526 γιγιο-

305 1527 420 1566 μείωι
446 1531 513 1560 τῶν
537 1525 604 1566 ιῑῖδἿ
630 1529 750 1560 invitis
774 1527 871 1559 codd.
896 1528 1068 1570 plexisque
1092 1529 1260 1560 omnibus.

372 1574 409 1604 E.
460 1578 545 1606 τοῖς
570 1572 647 1612 μὲι
658 1586 719 1605 τοι
747 1574 1028 1617 iias-spemn]
1055 1575 1095 1606 V.
1118 1571 1291 1614 πρόσθεν,
1317 1573 1504 1615 quodcum
1529 1573 1649 1615 paucis

305 1618 382 1650 aliis
414 1619 488 1651 Par.
520 1620 558 1650 E.
591 1618 704 1651 habet.

753 1619 840 1650 Dein
874 1630 933 1661 pro
967 1630 1017 1650 σοι
1049 1617 1259 1661 ὁμολογεῖται
1284 1620 1361 1650 Par.
1385 1619 1426 1650 V.
1461 1620 1649 1658 συνομολο-

305 1668 418 1706 γεῖται.
466 1664 687 1696 Heindorfius
714 1674 766 1695 σοι
791 1664 896 1696 deleri
920 1665 1031 1698 iussit.

372 1707 423 1751 μὴ
447 1707 577 1741 αὐτὸ,Ἰ
604 1707 822 1752 ἀδικῆται]
859 1710 898 1741 V.
925 1707 968 1752 μὴ
993 1707 1147 1752 ἀδικῆται
1172 1707 1286 1748 αὐτός,
1313 1708 1405 1751 quod
1430 1720 1546 1741 rursus
1571 1719 1649 1741 cum

305 1753 394 1786 Flor.
419 1755 441 1786 f.
468 1766 493 1787 s.
518 1758 611 1787 tenet
634 1755 709 1786 Par.
736 1756 774 1786 E.

305 1883 438 1915 dolores
480 1884 633 1915 tolerare.
700 1884 746 1915 At
791 1883 946 1925 depinxit

304 1929 404 1960 Plato
435 1928 535 1960 nobis
568 1940 636 1960 non
670 1930 858 1970 sapientem
884 1929 944 1961 ali-

306 1985 424 2016 quem,
460 1975 518 2015 qui
549 1986 639 2006 more
666 1975 854 2006 Stoicorum
880 1975 944 2006 ista

306 2019 396 2051 mala
428 2020 593 2061 perferat,
630 2020 688 2051 sed
723 2020 832 2051 virum
866 2030 944 2051 eon-

306 2069 463 2104 stantem,
490 2065 549 2106 qui
567 2065 696 2096 clausis
722 2065 840 2105 oculis,
864 2065 896 2096 h.
916 2076 945 2096 e.

307 2110 386 2151 quid
412 2109 451 2141 de
477 2121 513 2141 se
537 2110 607 2150 fiat,
640 2115 813 2152 utcunque
838 2110 945 2152 negli-

306 2166 401 2197 gens,
426 2156 481 2187 vel
497 2167 647 2187 summos
664 2155 799 2187 dolores
824 2156 946 2187 subeat

306 2202 484 2242 patienter.
553 2202 646 2232 Hinc
688 2206 779 2233 reete
821 2201 946 2232 dicitur

306 2244 462 2285 μύσαντα
509 2246 562 2277 καὶ
611 2243 802 2286 ἀνδρείως,
856 2246 945 2287 quod

307 2296 486 2332 utrumque
517 2291 560 2323 ad
594 2291 752 2333 παρέχειν
780 2293 943 2333 pertinet:

307 2337 532 2378 patienter
557 2341 596 2368 et
620 2337 810 2368 fortiter.

340 2383 383 2413 D.
408 2381 477 2413 καὶ
498 2385 577 2413 τιῦν
595 2380 700 2413 ἄλλω
716 2395 733 2412 ν
749 2380 942 2423 οἰκείων]

308 2427 384 2457 Vid.
409 2426 451 2457 ad
475 2437 507 2468 p.
530 2426 606 2459 473.
629 2428 677 2465 C„
702 2427 761 2459 ubi
786 2428 945 2468 legeban-

309 2476 361 2503 tur
385 2471 488 2503 haee:
528 2469 593 2503 ὑπὸ
628 2476 694 2504 τῶν
719 2474 864 2504 πολιτῶν
889 2472 943 2504 καὶ

310 2520 376 2549 τῶν
400 2515 512 2549 ἄλλων
538 2516 658 2557 ξένων.

353 2563 392 2594 Ε.
426 2562 533 2595 ι”σως
561 2573 626 2593 σοι
652 2560 943 2604 ὁμολογεῖται]

311 2618 362 2638 σοι
387 2607 488 2647 dicit,
516 2608 600 2648 quia
630 2612 667 2638 ut
698 2609 746 2639 ita
779 2611 947 2639 statuatur

309 2665 327 2685 e
351 2653 482 2684 ratione
508 2652 656 2684 Socratis
681 2664 755 2685 esse
780 2653 923 2685 videtur.

356 2695 576 2740 ἣκᾶκεῖνα
595 2697 687 2741 kun]
708 2709 852 2730 nonne
872 2699 945 2741 igi-

1014 1888 1080 1915 tur
1115 1887 1188 1915 aut
1218 1882 1299 1914 illa
1331 1893 1500 1924 quoque
1533 1893 1652 1925 argu-

1013 1932 1158 1960 menta
1206 1927 1404 1960 tollenda
1451 1932 1551 1959 sunt
1597 1932 1652 1959 at-

1015 1985 1094 2015 que
1119 1973 1427 2013 dissolvenda,
1453 1976 1524 2005 aut
1547 1973 1652 2005 haec

1015 2019 1114 2050 inde
1135 2019 1344 2060 consequi
1362 2029 1539 2050 neeesse
1565 2019 1652 2050 est?

1014 2064 1177 2095 Similiter
1192 2064 1279 2095 infra
1296 2063 1383 2095 dixit
1401 2061 1493 2096 λύειν
1515 2061 1650 2106 λόγους

1014 2107 1369 2166 P1·otagf)1.p.332.
1406 2110 1450 2141 E:
1503 2107 1653 2149 πότερον

1015 2151 1092 2193 οὖν,
1121 2155 1146 2186 ὠ
1165 2152 1392 2196 Πρωταγόρα,
1409 2152 1569 2192 λύσωμεν
1587 2157 1654 2185 τῶν

1014 2199 1136 2242 λόγωι.
1178 2219 1222 2223 —-
1263 2197 1415 2231 κάκεῑι
1426 2211 1465 2237 α,
1519 2209 1566 2231 sc.
1616 2199 1651 2230 si

1014 2247 1143 2278 etiam
1183 2245 1265 2277 illa
1303 2255 1378 2286 pro
1416 2244 1653 2276 falsislha-

1014 2293 1199 2323 beamus.
1246 2290 1334 2322 Nam
1364 2291 1412 2321 ita
1445 2292 1505 2321 καί
1531 2290 1567 2321 in
1597 2290 1651 2321 his

1014 2335 1264 2378 explicandum.
1550 2373 1560 2378 -

1063 2378 1334 2413 Τοῦιάντιόν
1368 2378 1414 2411 δέ
1443 2391 1486 2422 γε
1511 2379 1561 2411 αὑ
1587 2390 1651 2418 με-

1017 2424 1256 2468 ταβαλόντα
1281 2423 1345 2467 —]
1384 2424 1544 2456 Liberius
1575 2435 1653 2456 con—

1014 2473 1159 2503 formata
1182 2470 1341 2512 periodus
1358 2474 1417 2503 est.
1454 2471 1542 2502 Nam
1565 2480 1652 2511 quae

1015 2517 1160 2558 primum
1185 2516 1424 2547 enuntiantur:
1455 2514 1489 2546 εί
1510 2513 1577 2555 ἄρα
1603 2514 1658 2546 δεῖ

1016 2574 1088 2593 τινα
1105 2564 1213 2594 κακῶς
1237 2573 1267 2592 π.
1294 2573 1322 2591 κ.
1349 2573 1372 2591 τ.
1391 2561 1429 2596 λ.,
1454 2571 1494 2592 ea
1518 2564 1653 2602 propter

1014 2606 1119 2639 verba
1161 2606 1361 2648 interposita
1398 2605 1515 2647 paullo
1553 2605 1653 2637 aliter

1015 2652 1136 2684 deinde
1174 2655 1374 2693 repetuntur
1404 2651 1470 2683 sie:
1517 2649 1580 2682 ἐὰν
1614 2648 1652 2681 δὲ

1014 2695 1116 2729 ἄλλον
1150 2693 1251 2739 ἀδικῇ
1284 2694 1302 2728 ὁ
1335 2694 1463 2737 ἐχθρὸς
1499 2708 1525 2727 κ.
1552 2705 1586 2726 τ.
1612 2696 1650 2733 λ.,
