1687 2969
668 191 711 228 P.
745 193 837 228 468.
869 194 962 227 469.
993 190 1051 227 ed.
1085 189 1140 227 St.

394 190 637 229 GORGIAS.
1359 192 1434 226 155

91 315 248 349 ναντα,
287 298 358 339 καὶ
385 298 568 339 ἐλεεινόν
595 313 641 350 γε
669 299 795 351 πρός·
835 299 911 338 τὸν
939 296 982 338 δὲ
1013 297 1182 344 ὸικαίως
1211 296 1436 350 ἀζήλωτον

97 366 242 406 ΠΩΛ.
270 363 326 406 'H
348 378 434 405 που
465 362 487 404 ὅ
516 377 562 415 γε
591 363 881 416 ἀποθνήσκων
910 363 1063 410 αδίκως
1093 360 1270 409 ἐλεεινός
1298 376 1340 402 τε
1370 360 1439 402 καὶ

92 429 243 477 ἄθλιός
263 427 398 477 ἐστιν;
430 430 524 469 ΣΩ.
550 426 739 468 ‘vaov
725 443 750 480 η
781 427 804 468 ὁ
833 427 1104 474 ἀποκτιννύς
1137 428 1170 467 ω
1202 428 1341 475 Πωλε
1369 424 1438 466 καὶ

94 488 221 548 ἧττον
250 493 275 547 ἢ
305 494 328 535 ὁ
358 494 528 541 δικαίως
557 493 860 546 ἀποθνήσκων.
928 494 1069 532 mm.
1120 494 1222 540 Πῶς
1249 492 1376 544 δῆτα,
1407 493 1438 531 ω

94 561 338 612 Σώκρατες;
369 560 470 599 ΣΩ.
499 558 660 607 Οὕτως,
684 556 740 605 ὡς
758 556 956 610 μέγιστον
976 560 1061 597 τῶν
1081 560 1222 597 κακῶν
1242 556 1439 609 τυγχάνει

95 621 146 665 ὂν
176 624 222 665 τὸ
251 624 423 665 ἀδικεῖν.
485 625 630 664 [IRA.
674 615 733 663 ΐΗ
763 622 843 674 γὰρ
884 628 1010 662 τοῦτο
1048 620 1268 674 μέγιστονς
1311 622 1362 662 οὐ
1391 623 1438 662 τὸ

92 690 330 730 ἀδικεῖσθαι
368 691 531 742 μεῖζον,-
582 689 682 728 Σῼ.
711 684 890 728 ’Ἡκιστοέ
927 701 985 740 γε.
1055 689 1199 728 ΠΩΛ,
1250 686 1318 727 Σὺ
1356 689 1439 738 ἄρα

93 755 267 807 βούλοιο
289 753 343 794 ἂν
363 754 601 795 ἀδικεῖσθαι
619 755 780 806 μᾶλλον
804 749 827 806 ἢ
846 753 1032 800 ἀδικεῖνς
1063 753 1166 792 Σῼ.
1190 752 1437 804 Βουλοίμην

91 819 169 873 μὲν
210 819 264 860 ἂν
302 817 432 872 ἔγωγε
470 818 688 870 οὐδέτερα·
732 819 766 858 εἰ
804 813 840 858 δ’
867 818 1104 869 ἀναγκαῖον
1133 817 1195 870 εἴη
1225 813 1442 870 ἁδικεῖνῆ

93 885 353 931 ἀδικεῖσθαι,
402 882 574 937 ἑλοίμην
622 883 675 923 ἂν
722 885 883 935 μᾶλλον
924 883 1164 923 ἀδικεῖσθαι
1201 879 1229 936 ἢ
1267 883 1438 924 α’δικεῖν.

96 951 238 991 ΠῼΛ.
281 949 348 990 Σὺ
376 952 459 1001 ἄρα
487 951 714 1000 τυραννεῖν
743 943 824 988 οὐκ
854 947 907 988 ἂν
936 948 1095 997 ὁὲξαιο;
1137 949 1236 988 ΣΩ.
1273 949 1376 996 Οὔκ,
1408 948 1442 987 εἰ

92 1016 138 1056 τὸ
178 1018 405 1066 τυραννεῖν
441 1027 487 1066 γε
527 1012 658 1065 λέγεις
700 1010 802 1064 ὅπερ
842 1011 935 1065 ἐγώ.
997 1014 1143 1053 ΠΩΛ.
1178 1009 1278 1053 Ἀλλ’
1309 1011 1441 1066 ἔγωγε

93 1084 220 1120 τοῦτο
249 1077 370 1132 λέγω,
402 1076 505 1132 ὅπερ
534 1081 641 1131 ἄρτι,
683 1077 830 1128 ἐξεῖναι
864 1078 908 1118 ἐν
937 1085 986 1131 τῇ
1018 1079 1159 1128 πόλει,
1202 1079 1224 1118 ὃ
1254 1077 1307 1118 ἂν
1336 1078 1440 1131 δοκῇ

93 1146 231 1200 αὐτῷ,
273 1147 411 1185 ποιεῖν
438 1150 589 1193 τοῦτο,
637 1144 941 1184 α’ποκτιννύντι
980 1141 1049 1183 καὶ
1089 1141 1335 1194 ἐκβάλλοντι
1372 1142 1442 1184 καὶ

94 1211 232 1251 πάντα
261 1211 489 1262 πράττοντι
517 1208 622 1249 κατὰ
651 1208 729 1262 τὴν
760 1208 894 1249 αὑτοῦ
925 1209 1063 1257 (δόξαν.

181 1275 285 1332 Cap.
316 1275 462 1318 XXV.
523 1278 620 1316 ΣΩ.
644 1268 698 1316 Ὦ.
723 1276 914 1329 μακάριε,
946 1273 1049 1331 ἐμοῦ
1075 1276 1125 1329 ὀὴ
1155 1272 1354 1330 λέγοντος
1383 1278 1440 1331 τῷ

94 1400 178 1436 Ven.
205 1398 288 1431 ΞΣ.
320 1398 421 1431 Vind.
445 1397 477 1431 2.
502 1397 532 1432 6.
559 1397 588 1431 7.
624 1399 702 1431 Par.
735 1399 855 1431 IVW.
880 1399 970 1430 Flor.
996 1410 1028 1431 x.
1062 1399 1152 1441 Aug.
1177 1398 1315 1430 Meerm.
1342 1398 1440 1429 Bodl.

92 1443 199 1521 Sto}
247 1488 298 1520 ε’λ.
324 1500 369 1531 γε
395 1487 523 1531 πρός]
551 1489 606 1520 Sic
630 1489 706 1520 Par.
732 1489 757 1520 Ι.
782 1489 872 1521 Flor.
889 1500 921 1520 x.
947 1488 1041 1521 Stob.
1060 1492 1092 1520 et
1109 1488 1158 1519 ed.
1176 1489 1253 1520 Bas.
1271 1486 1302 1520 2.
1327 1488 1440 1530 Vulgo

95 1534 134 1566 δὲ
163 1545 223 1576 pro
254 1545 292 1576 γε
322 1534 509 1576 legebatur.
559 1534 747 1566 Hermann.
780 1534 818 1566 δὲ
849 1537 979 1573 tuetur,
1012 1534 1093 1575 quia
1129 1534 1237 1565 maior
1260 1534 1312 1565 vis
1337 1534 1382 1565 sit
1406 1535 1441 1564 in

96 1578 149 1616 δέ,
182 1580 380 1622 praesertim
405 1590 442 1621 γε
466 1579 534 1610 iam
559 1584 766 1621 antegresso.
802 1579 868 1611 Sed
896 1579 934 1611 δὲ
959 1577 1046 1620 πρός
1071 1580 1117 1610 ita
1143 1590 1211 1611 non
1236 1579 1323 1610 solet
1346 1590 1442 1610 usur-

94 1624 177 1666 pari.
219 1625 271 1656 De
297 1624 350 1655 καὶ
373 1643 413 1647 -
432 1635 470 1666 γε
496 1623 584 1665 πρός
607 1635 638 1657 v.
660 1625 834 1666 interpret.

163 1669 199 1701 C.
248 1666 382 1701 αὑτοῦ
408 1667 564 1711 δόξαν]
590 1667 697 1701 αὐτοῦ
723 1668 750 1700 δ.
776 1670 891 1700 Herm.

92 1793 132 1835 γε
148 1780 244 1823 πρός.
269 1781 495 1824 Aristoph.
516 1783 594 1815 Pac.
612 1792 644 1814 v.
671 1781 731 1814 19:

97 1824 137 1868 ιὴ
168 1825 228 1859 τὸν
258 1826 320 1859 Δι’
351 1826 386 1861 ἐς
411 1825 561 1868 κόρακάς
586 1839 640 1870 γε,
676 1828 730 1859 καὶ

95 1870 224 1904 σαυτόι
246 1884 284 1915 γε
309 1871 406 1914 πρός.

146 1915 308 1955 Οὕτως,
341 1915 393 1952 ὠς
417 1916 627 1960 μέγιστον
652 1921 731 1949 τιῦι

94 1961 135 2004 u.]
167 1961 324 1994 Eadem
357 1964 551 2002 ratione,
587 1966 631 1994 ut
655 1974 731 1994 ma-

94 2008 251 2038 ximum
289 2007 496 2039 malorum
527 2012 592 2039 est
623 2009 732 2039 iniu-

92 2052 197 2084 riam
222 2053 397 2084 inferre.

140 2097 177 2128 C.
205 2100 278 2128 τοῦ
288 2109 328 2128 το
348 2097 471 2140 λέγω,
498 2096 603 2138 ὅπερ
625 2096 730 2138 ἄρτι

94 2141 188 2182 ἑξεῖ
200 2154 217 2172 1
227 2154 266 2173 αι
281 2141 337 2184 —]
357 2143 409 2174 De
425 2143 595 2175 infinitivo
610 2143 731 2186 ἐπεξή-

92 2184 225 2229 yrjoems
240 2187 337 2228 χάρη
360 2188 555 2229 pronomini
578 2188 732 2221 subiecto

93 2243 125 2262 v.
150 2232 193 2264 ad
219 2232 347 2264 Criton.
372 2231 476 2274 p..45
492 2234 531 2264 E.
556 2234 732 2265 Phaedon.

91 2287 123 2318 p.
143 2276 195 2310 64.
213 2277 250 2308 G.
282 2278 426 2319 Apolog.
453 2278 592 2319 Soer.p
572 2289 603 2319 p.
621 2278 674 2311 18.
691 2280 730 2310 A.

93 2322 145 2353 De
168 2323 249 2363 Rep.
277 2323 317 2353 V.
349 2333 380 2364 p.
406 2321 482 2356 472
507 2324 546 2354 E.
594 2324 733 2355 Frustra

93 2367 389 2399 Heindorfius
422 2367 455 2399 τὸ
493 2367 621 2408 ἐξεῖναι
651 2369 732 2400 seri-

92 2412 238 2443 bendum
256 2411 405 2454 putabat.
434 2413 527 2444 Infra
544 2424 575 2455 p
592 2413 666 2445 491
683 2415 732 2445 D:

95 2456 149 2488 καὶ
176 2454 210 2488 τὸ
238 2456 371 2488 δίκαιον
396 2456 482 2489 τοῦτ
512 2457 594 2494 ἐστι,
630 2458 733 2490 πλέο1

95 2501 182 2542 ἔχει]
222 2513 361 2535 zovzovs¹
398 2507 466 2534 τῶν
500 2501 629 2541 ἅλλωι
675 2503 733 2535 ubi

95 2546 389 2578 Heindorfius
426 2559 543 2580 rursus
579 2546 613 2579 τὸ
645 2549 734 2581 inse-

93 2591 235 2622 rendum
272 2592 426 2624 coniecit.
473 2593 607 2625 Deinde
640 2592 734 2637 αὐτῷ

95 2636 221 2668 referas
257 2636 299 2668 ad
331 2639 412 2674 τινί,
454 2638 545 2679 quod
576 2639 665 2671 inest
695 2640 731 2670 in

94 2681 153 2712 inf.
180 2680 317 2722 ἐξεῖναι.
350 2682 440 2714 conf.
465 2693 497 2724 p.
521 2682 597 2715 469.
623 2685 669 2715 E:
697 2682 730 2715 τὸ

96 2730 211 2758 ποιεῖν
242 2724 262 2758 ἃ
297 2725 394 2759 δοκεῖ
421 2725 536 2771 αὐτῷ,
577 2729 598 2760 i.
633 2740 662 2762 e.
696 2727 731 2760 τὸ

803 1787 913 1814 ποιεῖν
947 1794 1038 1820 τινα,
1072 1781 1091 1813 ἕὶ
1118 1781 1217 1814 δοκεῖ
1238 1779 1340 1825 αὐτῷ.
1388 1784 1440 1814 De

801 1828 881 1868 Rep.
907 1828 966 1858 VI.
991 1838 1020 1869 p.
1046 1826 1123 1860 503.
1147 1829 1187 1860 D.

846 1873 929 1914 Cap.
961 1873 1070 1904 XXV.
1133 1872 1240 1911 ἐμοῦ
1291 1871 1342 1914 δὴ
1385 1872 1440 1903 λέ-

801 1929 956 1960 γοντος
989 1922 1041 1960 τῷ
1073 1916 1181 1960 λόγῳ
1208 1916 1439 1960 ἐπιλαβοῦ]

800 1964 902 1994 Recte
934 1963 1180 1995 Routhius:
1235 1964 1340 2005 Age,
1381 1973 1441 1993 me

801 2009 1173 2040 sermocinantem
1243 2018 1440 2039 sermone

802 2054 985 2094 corripe.
1057 2054 1109 2084 De
1152 2052 1257 2084 verbo
1303 2052 1440 2090 ἐπιλαμ-

801 2096 977 2140 βάνεσθαι
1010 2098 1302 2140 redarguendi
1327 2102 1360 2129 et
1383 2108 1439 2128 re-

801 2155 846 2185 pr
857 2155 874 2174 e
886 2143 906 2174 h
916 2154 933 2174 e
945 2155 966 2174 n
977 2143 995 2174 d
1009 2155 1025 2175 e
1039 2155 1060 2174 n
1073 2143 1117 2174 di
1187 2143 1439 2185 significatione

801 2192 964 2229 usurpato
984 2199 1015 2219 v.
1041 2188 1268 2220 Heindorf.
1293 2188 1335 2220 ad
1358 2188 1391 2219 h.
1416 2188 1439 2219 l.

801 2238 835 2264 et
858 2233 1112 2265 Fischerum
1136 2233 1244 2265 Indie.
1270 2234 1313 2265 ad
1330 2233 1440 2265 Theo-

801 2278 928 2320 phrast.
955 2278 1114 2310 Charaet.
1140 2289 1166 2310 s.
1195 2278 1227 2310 h.
1253 2289 1284 2309 v.
1316 2297 1359 2302 —
1392 2279 1441 2310 ἐν

803 2321 938 2365 ιῖγορᾷ
964 2321 1214 2365 πληθούσῃ,
1246 2327 1441 2366 tempore

802 2379 865 2407 eo,
891 2368 1003 2409 quod
1028 2374 1092 2400 est
1116 2369 1233 2400 inter
1256 2379 1376 2400 mane
1402 2374 1443 2400 et

802 2413 1031 2445 meridiem.
1070 2414 1112 2445 cf.
1139 2414 1271 2445 Zeun.
1295 2413 1337 2446 ad
1362 2414 1440 2455 vig.

802 2469 833 2500 p.
858 2457 933 2490 655.
987 2459 1191 2501 Interpretes
1221 2470 1322 2501 saepe
1354 2470 1442 2491 erra-

803 2507 881 2534 runt
904 2504 1083 2535 formulam
1103 2503 1281 2536 reddentes
1302 2504 1440 2536 medio

803 2549 888 2587 die,
920 2559 1023 2589 quum
1053 2552 1168 2581 tamen
1192 2547 1280 2588 ἀμφὶ
1307 2547 1442 2592 ἀγορὰν

804 2592 1011 2635 πλήθουσαν
1042 2598 1075 2626 et
1107 2594 1215 2633 μέσον
1240 2593 1367 2636 ἡμέρας
1392 2594 1441 2625 di-

801 2647 887 2670 serte
919 2638 1183 2681 distinguantur.
1215 2650 1245 2670 v.
1280 2640 1439 2671 Wesse-

800 2683 864 2714 lin
874 2694 907 2724 g.
924 2683 966 2715 ad
979 2684 1140 2717 Herodot.
1153 2685 1197 2724 11,
1210 2682 1285 2716 173.
1296 2685 1438 2726 interpp.

802 2728 845 2760 ad
870 2728 992 2760 Athen.
1017 2740 1048 2773 p.
1074 2728 1149 2763 270.
1175 2731 1218 2761 D.
1244 2748 1285 2754 —-
1317 2727 1364 2762 ὃν
1388 2729 1440 2762 ἄν
