1687 2969
395 221 641 261 GORGIAS.

175 332 281 390 Cap.
312 332 390 374 VI.

671 221 715 259 P.
746 223 841 258 450.
873 222 966 258 451.
997 220 1055 258 ed.
1087 219 1144 258 St.
1387 220 1438 254 93

450 334 551 374 ΣΩ.
578 328 673 372 ’'I-31
704 334 788 372 νῦν
825 329 893 370 καὶ
923 330 976 370 συ
1004 327 1082 383 τὴν
1121 329 1347 380 ἀπόκρισιν
1384 327 1439 381 ἣν

90 399 258 466 ἠρόμην
287 397 560 452 διαπέρανον.
599 395 686 438 ἐπει
722 396 804 450 γὰρ
832 395 860 448 ή
889 393 1089 448 ῥητορικὴ
1128 395 1326 447 τυγχάνει
1366 391 1444 446 μὲν

90 460 199 505 οὖσα
226 464 392 504 τούτων
430 478 491 511 τις
519 465 604 503 τῶν
639 463 799 515 τεχνῶν
838 463 923 501 τῶν
961 462 1009 501 τὸ
1038 459 1149 501 πολὺ
1187 460 1300 514 λόγῳ
1339 473 1442 512 χρω-

89 528 254 583 μένων,
297 529 558 582 τυγχάνουσι
585 525 629 568 δε
658 526 728 568 καὶ
757 528 879 567 ἄλλαι
906 529 1099 566 τοιαῦται
1129 520 1276 571 οὖσαι,
1314 525 1445 576 πειρῶ

46 595 244 644 -εἰπεῖν,
284 594 312 648 ἦ
340 608 431 646 περι
462 594 502 634 τί
541 591 586 633 ἐν
614 593 756 646 λόγοις
794 591 841 631 τὸ
880 594 1012 643 κῦρος
1051 587 1206 643 ἔχουσα
1242 588 1445 642 ῥητορικη

40 658 220 701 ..ἐστιν.
252 657 387 711 ὥςπερ
416 658 471 699 ἂν
499 658 536 698 δι’
563 658 623 705 τίς
652 672 701 711 με
731 655 868 709 ἔροιτο
892 655 954 696 ὡν
982 658 1066 695 νῦν
1095 653 1147 707 δὴ
1178 653 1322 706 ἔλεγον
1352 653 1446 705 περὶ

89 725 342 779 ἦςτινοςοῦν
369 725 456 764 τῶν
489 725 675 776 τεχνῶν,
712 720 764 762 Ω
779 721 1040 797 Σώκρατες
1070 719 1132 767 τίς
1164 718 1276 760 ἐστιν
1302 719 1331 773 ἡ
1359 720 1446 770 (ἔρι-

89 788 274 844 θμητικὴ
302 789 449 843 τέχνης
480 788 632 841 εἴποιμ’
663 787 716 828 ἂν
735 783 861 837 αὐτῷ,
893 784 1029 838 ὥςπερ
1059 785 1112 825 συ
1141 787 1248 837 ἄρτι,
1279 783 1343 824 ὅτι
1366 786 1452 824 τῶν
1493 785 1531 827 Β

90 854 160 897 διὰ
189 855 321 908 λόγου
349 869 412 902 τις
440 851 488 894 τὸ
517 857 650 904 κῦρος
681 851 881 906 ἐχουσῶν.
923 850 992 892 καὶ
1032 850 1071 891 εἴ
1096 865 1144 904 με
1175 848 1445 900 ἐπανὲροιτο·

59 923 197 961 -Τῶν
225 919 321 972 περὶ
346 919 407 968 τί,-
437 913 585 971 εἴποιμ
616 917 683 966 ἂν
723 917 787 958 ὅτι
815 919 902 957 τῶν
930 915 1026 966 περὶ
1055 916 1102 957 τὸ
1131 916 1280 968 ἄρτιόν
1306 929 1349 956 τε
1378 930 1449 956 και

56 985 285 1038 -περιττὸν
315 986 524 1038 [γνωσις],
566 983 645 1024 ὅσα
674 982 728 1023 ἂν
756 981 931 1034 ἑκάτερα
960 982 1163 1034 τυγχάνοι
1193 983 1309 1022 ὄντα.
1351 981 1385 1020 εἰ
1414 980 1448 1020 δ’

91 1054 146 1092 αὐ
169 1049 327 1103 ε’ροιτο·
365 1048 455 1103 Τὴν
476 1047 520 1089 δὲ
551 1048 795 1102 λογιστικὴν
819 1063 914 1088 τινα
939 1049 1077 1094 καλεῖς
1099 1046 1268 1100 τέχνην,·
1298 1036 1444 1098 εἴποιμ

91 1116 159 1166 ἂν,
189 1112 254 1157 ὅτι
291 1115 362 1157 καὶ
401 1113 507 1168 αὕτη
547 1112 631 1154 ἐστὶ
671 1115 758 1153 τῶν
796 1113 910 1165 λόγῳ
947 1113 994 1153 τὸ
1024 1119 1112 1152 πᾶν
1152 1110 1447 1163 κυρουμένων.

91 1251 158 1289 οὖν
182 1256 236 1288 καὶ
266 1253 317 1287 σύ.
353 1255 440 1286 Eam
465 1254 668 1297 scripturam
693 1256 786 1285 tenet
810 1253 913 1284 etiam
937 1251 1029 1284 Flor.
1055 1262 1088 1283 X.
1115 1262 1190 1283 cum
1216 1251 1297 1283 edit.
1321 1252 1400 1285 Bas.
1418 1251 1450 1284 2.

93 1302 160 1334 Sed
184 1312 217 1333 v.
242 1312 320 1335 ann.

161 1355 181 1400 ἡ
209 1354 228 1399 ῥ
240 1369 259 1400 η
272 1368 312 1388 το
326 1353 421 1399 ρικὴ
447 1354 605 1399 τυγχάι
614 1353 662 1397 ει]
689 1352 708 1397 ἦ
725 1365 790 1387 om.
810 1353 926 1385 Clark.
944 1352 1048 1385 Coisl.
1068 1354 1146 1385 Par.
1161 1353 1276 1385 EFB.
1298 1351 1402 1384 Vind.
1419 1351 1450 1385 6.

161 1420 200 1450 Β.
249 1415 456 1459 περιττὸν
482 1415 704 1460 [yvmoc3]]
741 1417 844 1448 Recte
870 1415 1049 1447 Bekkerus
1082 1425 1158 1446 voc.
1183 1418 1311 1456 ytffiot3
1336 1417 1374 1445 ut
1398 1424 1452 1446 su-

95 1468 246 1507 spectam
263 1464 363 1495 uncis
386 1463 539 1495 inclusit.
575 1463 666 1494 Dein
691 1472 751 1514 pro
776 1461 834 1492 vul
837 1472 868 1504 g.
896 1472 932 1492 τι
936 1472 1041 1503 γχανν
1069 1459 1222 1491 eiusdem
1248 1460 1451 1491 auctoritate

94 1521 138 1542 ex
161 1511 239 1542 Par.
263 1509 358 1541 VW.
382 1508 473 1541 Flor.
497 1519 541 1540 m.
566 1509 782 1550 reposuimus
809 1504 977 1549 τυγχάιοι.
1025 1506 1128 1537 Multi
1152 1505 1232 1537 libri
1258 1503 1422 1547 nyza'vffi

165 1575 246 1604 τῶν
269 1568 379 1614 λόγῳ
406 1568 447 1602 τὸ
474 1573 559 1601 πᾶ]
584 1569 625 1612 κ.]
652 1568 831 1601 Heindorf.
856 1569 942 1601 coni.
970 1571 1038 1600 τῶι
1062 1566 1152 1611 λόγῳ
1179 1580 1236 1602 τις
1261 1565 1296 1599 τὸ
1324 1578 1357 1599 π.

99 1683 145 1716 ἐν
175 1688 268 1718 τοῖς
299 1682 346 1727 λ.]
387 1683 423 1715 si
463 1683 566 1724 quis
597 1681 741 1714 vellet

97 1728 234 1762 verba.
257 1733 333 1761 tua
352 1739 544 1771 premere
569 1731 608 1758 et
631 1727 740 1759 male

97 1774 401 1816 interpretari
470 1783 612 1814 neque
676 1773 740 1804 sic

99 1820 325 1862 accipere,
389 1818 599 1860 quomodo
663 1818 740 1850 vis

98 1866 189 1897 Vett.
207 1865 302 1897 editt.
329 1863 567 1905 δυἰςχεραιίειι
592 1867 660 1896 τοῖς
686 1860 741 1894 λό-

98 1921 188 1954 γοις,
206 1909 311 1952 quod
342 1910 497 1951 ineptum
527 1912 598 1949 est,
637 1908 742 1949 siqui-

99 1956 174 1988 dem
192 1954 340 1987 formula
363 1965 456 1986 nunc
478 1964 548 1986 non
572 1933 743 1996 significat

100 2000 288 2033 moleste
342 2000 460 2032 ferre
513 2009 742 2038 sermones,

101 2045 192 2088 quod
215 2046 302 2078 foret
326 2045 564 2086 δυςχεραίνειν
584 2042 662 2077 τοὺς
687 2041 742 2075 λό-

101 2102 186 2135 γους
219 2090 276 2122 vel
307 2094 377 2124 τοῖς
401 2088 514 2132 λόγοις
548 2090 742 2132 (Isocrat.

101 2137 246 2168 Panath.
279 2133 357 2168 275.
388 2136 470 2175 A.),
510 2134 569 2166 sed
607 2145 743 2166 moro-

104 2192 192 2214 sum
225 2191 320 2213 esse
351 2191 398 2212 ac
429 2179 670 2212 difficilem
700 2179 743 2210 in

103 2225 367 2258 disserendo
430 2224 614 2266 ideoque
679 2225 744 2255 uti

103 2272 356 2304 calumniis.
409 2270 537 2311 Recepi
567 2270 671 2312 igitur
706 2268 746 2300 ἐν

103 2327 146 2348 cx
171 2316 265 2348 codd.
287 2315 430 2357 aliquot,
461 2314 551 2356 quod
576 2314 746 2346 excidisse

104 2360 344 2402 suspicabatur
368 2360 671 2393 Heindorfius.
696 2359 746 2391 Si-

104 2406 231 2438 militer
252 2406 343 2437 infra
366 2416 398 2447 p.
421 2404 498 2438 483.
523 2405 569 2437 A:
597 2415 746 2444 κακουρ-

104 2455 175 2493 γεῖς
208 2449 248 2482 ἐι·
279 2454 346 2483 τοῖς
378 2449 498 2492 λόγοις.
547 2451 660 2491 Atque
693 2460 746 2481 ea—

106 2496 182 2528 dem
228 2505 365 2537 prorsus
405 2495 502 2527 verbi
539 2495 748 2527 constructio

105 2541 271 2594 reperitur
304 2539 422 2581 Lysid.
456 2551 489 2582 p.
520 2539 596 2572 214.
627 2541 675 2572 Ε·
716 2537 748 2571 Ὁ

104 2584 170 2640 γὰρ
193 2583 308 2638 λόγος
320 2583 403 2627 ἡμῖν
428 2587 601 2627 σημαιἰ’,ει
639 2583 688 2616 ὅτι
714 2596 745 2616 οι

108 2629 152 2662 ἂν
177 2640 265 2662 ωσιι
289 2630 383 2672 aym
385 2632 428 2661 οι
466 2628 567 2662 Πάνυ
592 2641 643 2672 γε,
668 2630 747 2669 ἐφη,

109 2675 214 2708 δοκεῖ.
255 2673 426 2713 Καὶέμοί,
453 2668 545 2716 ἧνδ’
573 2673 650 2717 ἐγώ,
676 2677 748 2706 καί·

107 2732 156 2753 τοι
192 2719 406 2761 δυςχεραίνω
442 2720 472 2750 τί
503 2731 542 2762 γε
574 2718 615 2751 ἑν
645 2717 750 2762 αὐτῷ.

108 2765 253 2798 Sensum
277 2765 458 2797 verborum
482 2768 575 2797 recte
599 2763 750 2797 declara-

809 1681 860 1712 vit
884 1680 1250 1722 Olympiodorus:
1276 1680 1374 1713 εἴτις
1390 1678 1451 1711 θέ-

810 1727 857 1758 λει
883 1724 1122 1767 31⁸3169a1‘18w
1146 1725 1201 1756 καὶ
1229 1726 1452 1763 αιλοιέικεῐι,

812 1768 979 1812 ὑπολάβοι
1003 1769 1046 1802 ἅι
1074 1781 1111 1802 σε
1136 1769 1198 1814 τὴι
1221 1767 1454 1812 ἀριθμητικὴν

813 1813 996 1858 ῥητορικὴν
1020 1815 1139 1858 λέγειι,
1168 1813 1285 1857 ἐπειδὴ
1304 1813 1453 1870 ‚nduffl'mq

811 1862 890 1902 περὶ
923 1860 1066 1904 λόγους·
1101 1859 1167 1904 ἐγώ
1198 1860 1237 1893 δὲ
1269 1858 1333 1892 οὐκ
1358 1856 1459 1899 οἶμαί

814 1918 851 1938 σε
877 1910 974 1938 τοῦτο
996 1905 1117 1949 λέγειν

857 1974 940 2016 Cap.
954 1974 1013 2006 VI.
1028 1974 1065 2005 P.
1080 1972 1157 2005 451.
1176 1971 1255 2005 Ἴθι
1284 1977 1361 2005 νῦν
1385 1974 1452 2005 καὶ

815 2017 864 2051 σὺ
891 2017 967 2062 τὴν
992 2016 1165 2061 cindato]
1204 2019 1305 2062 Age,
1335 2029 1455 2060 quum

813 2075 888 2108 ego
930 2065 1013 2096 iam
1053 2069 1238 2096 mentem
1278 2074 1326 2095 ac
1360 2075 1455 2095 sen-

813 2111 993 2142 tentiam
1033 2120 1163 2141 meam
1204 2109 1456 2141 declarave-

813 2156 912 2195 rim,
937 2164 1051 2186 nunc
1075 2158 1119 2186 tu
1145 2164 1315 2195 quoque
1340 2158 1457 2185 tuum

813 2201 882 2232 sac
927 2204 966 2232 et
1009 2199 1188 2231 absolve
1226 2199 1289 2238 id,
1340 2199 1457 2240 quod

814 2245 1104 2286 interrogavi.
1141 2244 1237 2276 Nihil
1252 2245 1287 2276 in
1312 2244 1366 2276 his
1392 2244 1458 2276 sol-

813 2290 1017 2322 licitandum
1056 2300 1097 2321 ac
1136 2289 1283 2321 tenenda
1318 2290 1457 2321 omnino

815 2336 1019 2377 optimorum
1069 2335 1234 2366 librorum
1280 2335 1458 2377 scriptura,

816 2391 919 2422 quam
951 2380 1010 2411 alii
1042 2384 1267 2424 corruperunt
1296 2391 1357 2422 pro
1395 2383 1458 2412 νῦν

814 2429 1018 2467 reponentes
1043 2425 1118 2456 οὐν.
1159 2425 1300 2458 Scilicet
1323 2426 1386 2457 hos
1410 2426 1458 2457 of-

816 2470 925 2503 fendit
943 2467 1011 2501 Ἴθι
1035 2471 1085 2502 sic
1108 2469 1199 2501 nude
1223 2471 1383 2512 positum.

862 2539 899 2569 B.
947 2535 1014 2568 ὅτι
1047 2541 1127 2569 τῶι·
1165 2538 1271 2578 περὶ
1310 2534 1350 2568 τὸ
1389 2534 1457 2577 ἅρ-

819 2581 911 2614 τιόι·
943 2593 982 2613 τε
1007 2584 1076 2614 καὶ
1104 2580 1283 2623 περιττὸ
1298 2594 1315 2612 1⁸
1342 2581 1457 2624 [γνῶ-

821 2638 857 2659 σι
869 2626 904 2669 3]
916 2626 926 2669 ]
964 2627 1121 2670 Intellige
1153 2638 1195 2659 ex
1225 2627 1458 2669 superioribus

819 2671 853 2703 τὸ
881 2675 986 2713 κῦρος
1013 2671 1178 2714 ἐχουσῶν.
1225 2673 1383 2714 Ineptum
1408 2676 1460 2703 est

817 2721 956 2760 γνῶσις,
972 2719 1128 2759 quamvis
1141 2718 1178 2749 in
1190 2717 1348 2750 omnibus
1360 2716 1459 2748 libris

816 2766 997 2806 repertum·
