1687 2969
188 154 208 187 5
215 153 238 185 2
666 150 1060 189 PROLEGOMENA

187 262 355 299 situdine
384 274 470 298 cum
500 263 688 311 Apologia
716 267 754 301 et
782 264 935 301 Critone
973 264 1177 310 contineri,
1218 264 1528 315 quandoquidem

186 318 227 354 111
257 330 300 354 00
329 331 406 354 11011
424 319 535 355 1110ᾶο
564 319 783 357 innocentia
804 320 969 357 Socratis
999 320 1228 366 defenditur,
1258 334 1393 358 verum
1413 321 1529 358 etiam

188 375 400 411 accuratius
428 375 645 412 illustratur
683 380 798 426 atque
829 377 1130 422 demensa-auu,
1171 377 1273 426 quod
1301 377 1354 414 ibi
1384 390 1432 414 ex
1463 377 1530 414 So—

188 430 328 468 cratica
355 430 502 469 ratione
530 432 686 480 ponitur
715 432 937 481 simpliciter
954 436 993 469 et
1022 437 1273 479 asseveratur,
1302 433 1420 470 nullis
1449 433 1528 470 fere

187 487 421 534 argumentis
450 488 662 525 sententiae
691 489 829 534 allatis,
860 489 1001 526 iniuste
1022 501 1132 536 agere
1152 489 1259 526 nullo
1287 493 1396 537 pacto
1416 489 1530 526 licere

186 546 302 593 atque
332 544 424 580 adeo
452 557 520 592 pro
548 545 714 581 maximo
743 545 842 581 malo
871 545 1086 581 ducendum
1121 558 1214 583 esse.
1273 545 1373 583 Sunt
1401 549 1529 582 autem

188 598 244 635 illi
263 599 351 636 libri
367 600 499 648 procul
527 601 641 638 dubio
670 604 757 649 post
776 601 941 639 Socratis
963 605 1122 639 mortem
1151 601 1333 649 evulgati.
1373 602 1434 638 Ex
1453 614 1528 651 quo

188 668 422 706 consequens
452 661 521 702 est,
550 661 593 694 ut
621 670 669 693 ne
698 656 730 694 is
760 657 915 707 quidem
943 657 1050 703 liber,
1081 658 1149 708 qui
1177 657 1386 695 sententias
1415 657 1455 694 in
1484 657 1530 695 iis

187 712 357 750 breviter
373 712 559 750 indicatas
589 713 803 750 accuratius
822 713 1065 763 persequitur
1093 718 1132 751 01
1160 714 1381 763 disputandi
1409 713 1529 751 subti-

186 767 296 805 litate
326 769 534 815 confirmat,
564 772 677 806 antea
707 770 880 818 componi
908 769 1087 818 potuerit.
1128 772 1259 820 Atque
1288 770 1389 807 idem
1417 771 1530 819 plane

188 823 304 860 ctiam
333 825 379 861 de
401 826 566 862 Menone
595 825 798 862 dicendum
827 830 897 871 081,
928 838 1014 862 011111
1044 839 1119 875 quo
1148 826 1245 863 libro
1265 826 1425 874 Gorgias
1446 839 1530 870 vnon

187 893 264 916 11110
284 880 438 918 1101111110
459 882 637 919 cohaeret
656 881 809 919 arctius.
839 882 938 918 Nam
958 882 998 918 in
1018 883 1184 919 Menone
1204 895 1356 933 quoque
1376 882 1533 920 docetur

187 936 360 973 rhetores
390 950 432 973 ac
461 938 563 975 Viros
584 935 808 983 πολιτικοὺς
836 951 912 974 11011
942 951 1024 975 0880
1045 938 1200 976 idoneos
1219 939 1377 977 virtutis
1407 938 1530 976 civilis

188 992 400 1040 magistros,
431 994 521 1043 quia
549 994 630 1031 veri
661 994 820 1031 scientia
840 991 1072 1046 (ἐπιστήμῃ)
1093 995 1170 1032 81111
1199 995 1387 1040 destituti,
1417 1008 1531 1043 oppo-

187 1049 368 1099 niturque
398 1049 558 1087 scientia
586 1050 801 1099 philosophi
821 1051 976 1088 incertis
1006 1055 1045 1088 et
1063 1050 1341 1089 fluctuantibus
1360 1051 1530 1089 virorum

187 1104 358 1142 civilium
383 1106 645 1154 opinionibus,
676 1108 993 1156 quemadmodum
1032 1107 1071 1143 in
1099 1107 1240 1155 Gorgia
1266 1107 1530 1156 temperantia,

187 1161 347 1207 iustitia,
377 1163 546 1210 probitas
574 1162 648 1200 viri
669 1163 851 1211 sapientis
870 1163 981 1201 vanis
1010 1163 1158 1201 artibus
1188 1164 1386 1202 rhetorum
1415 1167 1530 1214 atque

187 1217 316 1265 pravis
354 1218 490 1255 studiis
529 1222 568 1256 et
606 1219 774 1256 consiliis
812 1219 983 1257 virorum
1020 1219 1060 1256 111
1097 1220 1293 1282 republica
1341 1220 1529 1256 clarorum

188 1286 208 1309 0
237 1274 391 1335 regione
420 1275 635 1312 collocatur.
694 1274 797 1315 Quin
826 1276 942 1313 etiam
971 1275 1084 1313 sicuti
1119 1276 1160 1312 in
1198 1277 1270 1312 1100
1298 1275 1395 1313 libro
1436 1276 1528 1313 Gor—

188 1329 268 1377 gias
303 1330 461 1380 eiusque
498 1331 706 1380 discipulus
735 1332 851 1368 Polus
892 1345 978 1368 cum
1007 1332 1180 1379 Callicle,
1220 1332 1373 1369 homine
1401 1345 1529 1369 rerum

187 1386 426 1434 publicarum
464 1387 721 1433 01111080,111
759 1388 926 1424 111οᾶ111111
962 1389 1243 1436 producuntur,
1292 1388 1347 1426 ita
1384 1389 1425 1425 in
1462 1389 1528 1425 1110

187 1442 327 1490 scripto
355 1444 470 1480 Meno
509 1446 554 1481 ut
582 1444 744 1491 Gorgiae
783 1444 991 1492 discipulus
1030 1448 1144 1495 atque
1174 1447 1350 1494 Anytus,
1389 1445 1450 1483 Vir
1480 1445 1529 1482 ci-

186 1498 275 1536 vilis
314 1502 353 1536 et
389 1500 554 1537 Socratis
600 1504 814 1546 accusator,
865 1500 1164 1550 colloquentium
1210 1505 1337 1550 partes
1375 1501 1531 1546 habent,

187 1568 350 1604 quorum
379 1556 444 1592 ille
474 1555 731 1604 sophistarum
762 1569 934 1593 caussam
963 1557 1152 1603 defendit,
1192 1557 1254 1594 hic
1293 1562 1422 1595 autem
1452 1557 1532 1605 agit

189 1624 359 1648 caussam
389 1612 632 1660 politicorum
669 1625 712 1649 ac
740 1613 916 1650 similiter
951 1617 995 1650 ut
1024 1613 1197 1650 Callicles
1232 1613 1273 1650 111
1303 1614 1443 1661 Gorgia
1473 1627 1530 1651 so-

187 1668 334 1716 phistas
363 1673 560 1718 tamquam
580 1682 703 1705 meros
731 1669 824 1706 artis
843 1670 1015 1706 doctores
1045 1674 1083 1707 et
1103 1683 1124 1706 a
1142 1670 1337 1718 republica
1365 1671 1531 1718 gerenda

188 1736 341 1761 aversos
368 1724 538 1762 fastuose
569 1726 777 1762 contemnit
813 1738 856 1762 ac
884 1726 1056 1774 despicit.
1104 1725 1234 1766 Quum
1262 1730 1391 1764 autem
1419 1727 1530 1774 longe

187 1780 237 1817 sit
275 1780 594 1818 verisimillimum
632 1782 838 1818 Menonem
876 1782 974 1818 circa
1018 1786 1191 1831 tempora
1229 1782 1395 1820 Socratis
1432 1782 1529 1831 peri-

188 1836 424 1873 culosissima
471 1843 510 1874 01
547 1837 630 1875 Viro
671 1837 835 1887 sapienti
875 1838 1010 1886 capitis
1047 1838 1275 1887 supplicium
1310 1839 1531 1876 minitantia

186 1892 326 1929 litteris
375 1896 576 1930 exaratum
623 1907 724 1940 esse,
775 1894 1002 1931 necessitate
1040 1895 1205 1944 quadam
1253 1894 1437 1941 efficitur,
1485 1899 1530 1932 ut

187 1948 366 1995 Gorgiam
394 1952 527 1997 postea
555 1950 739 1998 scriptum
778 1963 860 1987 0880
899 1954 1124 1988 statuamus.
1182 1951 1282 1987 Nam
1321 1951 1424 2001 quod
1464 1951 1528 1988 alii

186 2017 310 2053 nuper
350 2006 646 2051 contenderunt,
695 2007 900 2043 Menonem
945 2011 1032 2055 post
1070 2007 1249 2054 Gorgiam
1288 2007 1441 2044 demum
1488 2007 1528 2043 in

188 2061 309 2097 lucem
337 2061 528 2109 publicam
555 2062 757 2111 prodiisse,
798 2062 836 2099 id
865 2062 929 2100 vel
956 2063 1041 2099 ideo
1070 2076 1206 2111 parum
1245 2068 1303 2100 est
1338 2063 1527 2109 credibile,

187 2116 278 2166 quia
307 2117 465 2165 Gorgias
502 2118 567 2154 illo
606 2118 735 2155 libello
782 2122 841 2156 est
879 2122 917 2156 et
955 2119 1143 2168 sapientia
1180 2119 1332 2156 uberior
1368 2123 1407 2157 et
1447 2124 1528 2156 arte

187 2173 383 2223 aliquanto
419 2174 631 2222 perfectior.
678 2175 900 2212 Cavendum
938 2180 1067 2212 tamen
1095 2188 1324 2224 magnopere
1362 2179 1439 2222 est,
1479 2188 1527 2212 ne

185 2229 322 2266 idcirco
352 2230 532 2277 Gorgiam
560 2230 823 2268 existimemus
853 2231 1032 2268 continuo
1070 2236 1156 2280 post
1183 2231 1268 2268 illos
1298 2231 1415 2269 libros
1445 2244 1528 2268 esse

186 2285 422 2323 elaboratum
461 2292 499 2324 01
534 2286 574 2322 111
601 2287 797 2335 publicum
836 2287 1026 2325 emissum.
1084 2289 1167 2324 Imo
1205 2300 1389 2338 perquam
1427 2287 1527 2326 veri-

186 2340 307 2377 simile
338 2346 395 2379 est
424 2355 511 2379 eum
540 2347 623 2380 tum
652 2343 804 2380 demum
833 2356 914 2381 esse
944 2343 1082 2381 litteris
1112 2343 1375 2392 perscriptum,
1406 2357 1526 2394 quum

185 2397 452 2446 philosophus,
500 2403 703 2448 postquam
742 2399 977 2449 aliquamdiu
1014 2399 1182 2447 Megaris
1220 2403 1302 2438 erat
1339 2404 1525 2446 versatus,

184 2453 350 2503 denique
380 2454 520 2491 certius
549 2455 649 2503 apud
679 2455 847 2492 animum
878 2455 1138 2493 constituisset
1174 2455 1291 2493 missa
1319 2469 1447 2494 rerum
1477 2456 1527 2492 01-

184 2508 320 2545 vilium
349 2522 439 2546 cura
467 2523 550 2547 sese
578 2515 703 2548 totum
732 2511 995 2560 philosophiae
1025 2511 1161 2548 studiis
1191 2512 1347 2558 dedere,
1396 2512 1452 2550 ita
1481 2516 1525 2550 ut

183 2565 392 2602 rectissime
420 2565 606 2604 iudicasse
634 2567 839 2605 videantur
881 2567 947 2618 qui
985 2567 1095 2604 illum
1124 2572 1356 2606 censuerunt
1393 2581 1523 2605 eorum

183 2621 428 2669 dialogorum,
459 2622 523 2671 qui
554 2623 785 2660 Socraticam
812 2623 1024 2661 doctrinam
1060 2628 1098 2660 et
1125 2624 1312 2661 rationem
1341 2624 1524 2670 referunt,

182 2681 376 2727 tamquam
425 2690 559 2725 agmen
598 2679 773 2717 claudere
813 2692 855 2716 ac
893 2679 1015 2718 veluti
1051 2680 1258 2718 transitum
1296 2681 1344 2718 ad
1382 2680 1548 2729 scripta,
