1687 2969
270 180 344 214 168
807 177 1015 215 PLATON
1017 177 1065 214 IS

267 283 509 337 ἐκτέμνηται
547 283 616 325 καὶ
660 284 760 333 τοὺς
799 280 1053 338 ὀφθαλμοὺς
1101 283 1322 338 ἐκκάηται,
1371 285 1440 326 καὶ
1483 286 1612 333 ἄλλοις

269 349 427 397 πολλὰς
463 349 532 390 καὶ
570 350 750 402 μεγάλας
799 350 867 391 καὶ
916 349 1189 398 παντοδαπὰς
1227 351 1367 403 λώβας
1407 350 1533 397 αὐτός
1571 363 1613 390 τε

271 413 477 467 λωβηθεὶς
505 413 574 455 καὶ
601 414 700 463 τοὺς
730 414 862 456 αὑτοῦ
898 414 1052 456 ἐπιδὼν
1082 415 1235 463 παῖδάς
1263 429 1305 455 τε
1333 415 1401 456 καὶ
1431 417 1614 467 γυναῖκα

272 481 317 520 τὸ
348 477 521 533 ἔσχατον
550 479 863 533 ἄνασταυρωθῇ
901 481 926 533 ἢ
967 484 1289 533 καταπιττωθῂ,
1327 473 1451 527 οὗτος
1480 480 1614 520 εὐδαι-

272 542 520 598 μονέστερος
558 542 693 591 ἔσται.
732 545 757 598 ἢ
805 545 878 586 ἐὰν
918 544 1141 597 διαφυγὼν
1181 546 1393 596 τύραννος
1431 551 1615 598 καταστῇ

273 610 341 651 καὶ
370 613 510 663 ἅρχων
547 608 592 650 εὐ
620 617 669 663 τῇ
699 611 816 651 πόλει
854 611 1003 664 διαβιῷ
1036 612 1171 651 ποιῶν
1200 610 1222 650 ὅ
1251 625 1289 650 τι
1317 609 1370 650 ἂν
1399 611 1615 662 βούληται.

275 677 454 728 ζηλωτὸς
482 673 541 716 ὢν
570 674 639 716 καὶ
668 675 1061 729 εὐδαιμονιζόμενος
1099 674 1182 715 ὑπὸ
1223 677 1308 715 τῶν
1337 677 1521 715 πολιτῶν
1549 674 1619 715 καὶ

273 743 357 781 τῶν
379 743 518 781 ἄλλων
534 738 684 790 ξένων,·
714 747 845 780 ταῦτα
862 739 995 793 λὲγεις
1016 740 1230 781 ἀδύνατον
1248 736 1356 780 εἶναι
1373 737 1618 793 {galenam

343 874 379 906 C.
406 868 534 907 οὗτος
566 870 964 915 εὐδαιμονέστερος
997 873 1126 916 ἔσται]
1161 872 1465 912 εὐδαιμονέστατος
1500 872 1617 905 Clark.

276 920 351 950 Vat.
387 919 491 950 Coisl.
532 920 615 950 Ven.
652 918 730 951 ΞΣ.
770 919 870 951 vind.
910 919 940 952 2.
973 919 1002 952 6.
1037 917 1066 951 7.
1107 920 1182 951 Par.
1219 920 1312 952 VW.
1354 919 1442 961 Aug.
1482 920 1621 951 Meerm.

277 965 374 1004 Quae
397 964 474 996 vide
499 975 540 996 ne
565 975 645 996 vera
671 965 715 995 sit
741 965 850 996 lectio.
898 965 983 996 Nam
1017 965 1154 1006 ponitur
1185 965 1413 1007 superlativus
1446 975 1505 1006 pro
1531 974 1621 996 com-

276 1010 429 1051 palativo
455 1010 522 1049 510,
554 1014 592 1041 ut
622 1015 796 1042 remaneat
827 1009 878 1041 vis
903 1009 1120 1051 comparandi
1144 1014 1304 1051 sequente
1337 1007 1356 1052 ἤ
1379 1009 1435 1041 vel
1459 1010 1620 1051 genitivo.

278 1065 307 1085 v.
334 1056 521 1088 Hermann.
547 1054 589 1086 ad
615 1055 728 1096 Viger.
754 1066 783 1097 p.
810 1053 883 1087 718
911 1055 988 1087 coll.
1014 1055 1189 1087 Matthiae.
1216 1056 1366 1087 Οτι-,3111111
1392 1056 1421 1094 ἕ
1447 1053 1523 1087 464.
1562 1055 1621 1086 At-

279 1110 343 1141 que
367 1100 445 1131 inde
479 1100 742 1141 explicationem
776 1101 878 1132 habet
910 1101 1015 1132 altera
1044 1100 1146 1132 lectio
1179 1112 1278 1134 ουςτο
1311 1098 1622 1141 6136a1s1017,quae

279 1150 330 1176 est
354 1145 389 1176 in
415 1145 491 1177 Ald
517 1146 594 1177 Bas.
622 1145 651 1176 1.
677 1151 752 1177 octo
779 1146 1005 1184 Florentinis,
1037 1147 1112 1177 Par.
1146 1145 1319 1177 BCEFI.
1374 1145 1461 1177 Nam
1487 1155 1527 1176 ea
1551 1150 1624 1176 orta

278 1190 412 1222 videtur
436 1202 478 1222 ex
503 1189 611 1224 οὕτως
636 1188 829 1229 eivfiamwr,
863 1202 928 1232 quo
960 1191 1163 1233 superlativi
1194 1192 1261 1222 vim
1294 1191 1482 1232 exprimere
1506 1190 1622 1221 volue-

279 1240 358 1267 runt
380 1237 603 1278 grammatici.
652 1236 795 1268 Videtur
825 1240 938 1268 tamen
963 1237 1104 1278 vulgata
1138 1236 1239 1268 lectio
1278 1236 1402 1267 firmari
1427 1234 1540 1266 verbis
1566 1236 1623 1267 So-

278 1281 380 1312 cratis
404 1292 434 1323 p
460 1280 535 1314 473.
560 1282 611 1313 D:
636 1279 944 1323 εὐδαιαοιὲστερος
978 1284 1097 1313 τοιίυι
1130 1279 1294 1313 οὐδέποτε
1319 1281 1410 1313 ἐσται
1442 1278 1624 1321 οὐδέτερος

279 1323 404 1360 adnm.

324 1417 367 1448 D.
417 1414 622 1458 σμικρόι·
658 1414 734 1447 ε’ἀι
768 1414 942 1462 σδίκως]
991 1416 1323 1448 Schleiermacherus
1356 1416 1445 1448 coni.
1476 1427 1525 1452 ει,
1562 1412 1624 1446 ἐὰν

280 1459 408 1496 ἀδίκως
433 1461 1038 1503 gn.zvpav21bc‚aecnes,utPoli
1069 1459 1404 1502 1113,ε’ὰ11αδικῶν
1436 1458 1624 1501 ἅνθρωπος

990 1597 1022 1616 π.
1050 1598 1073 1617 τ.
1108 1597 1134 1616 κ.
1167 1584 1209 1627 γ.]
1246 1583 1625 1625 Ιηῐε]1.λωβηθέιιας.

989 1631 1134 1662 Thom.
1158 1631 1261 1685 Mag.
1286 1641 1318 1672 p.
1339 1628 1422 1683 335:
1456 1628 1490 1660 τὸ
1517 1628 1624 1660 ἐπεῖ-

991 1675 1068 1707 δοῖ
1093 1673 1138 1709 ὥς
1164 1674 1220 1707 ἐπὶ
1247 1672 1332 1707 πολὺ
1356 1673 1412 1706 ἐπὶ
1440 1677 1625 1715 &muscosis

279 1582 365 1617 εἶναι
399 1586 552 1625 δίκαιον,
591 1583 671 1617 ἀλλὰ
713 1585 829 1618 δοκεῖν
868 1585 923 1617 δεῖ

280 1631 425 1665 ἐθέλειν.
489 1631 573 1662 Ibid.
615 1632 657 1662 X.
698 1642 728 1673 p.
767 1630 841 1664 613.
879 1632 918 1662 Ε.

279 1677 429 1708 Astius
462 1677 505 1708 ad
530 1676 629 1708 Polit.
664 1687 695 1718 p.
720 1675 796 1709 397.
829 1676 920 1707 hunc

280 1723 393 1754 locum
419 1722 515 1754 iuxta
541 1726 641 1763 atque
665 1722 761 1753 11111111
781 1721 861 1753 libri
874 1723 918 1753 II.

280 1767 322 1799 de
338 1766 483 1809 Republ.
509 1772 701 1809 corruptum
725 1771 850 1809 putans
874 1767 920 1799 le-

278 1813 427 1856 gendum
447 1816 562 1844 censet
578 1813 643 1854 1⁷st
651 1813 731 1846 θεὶς
749 1813 919 1853 στρεβλῶ-

282 1871 330 1889 uu
355 1858 409 1889 καὶ
444 1857 637 1899 ἑκτέμ1ηται
670 1855 748 1891 τοὺς
781 1855 919 1897 ὀᾳθαλ-

279 1901 360 1942 ιιοί,
390 1904 444 1934 καὶ
481 1901 653 1944 ἐκκαήται,
688 1904 767 1944 quia
801 1903 919 1934 oeulos

280 1959 349 1980 non
373 1949 481 1988 exuri,
507 1948 565 1980 sed
590 1950 703 1980 excuti
727 1948 782 1980 vel
806 1948 919 1979 excidi

280 1995 398 2025 solitos
435 2004 507 2025 esse
541 1995 724 2025 memoriae
756 1993 918 2025 traditum

280 2040 332 2071 sit.
387 2038 453 2071 Sed
489 2038 585 2070 codd.
622 2038 662 2070 de
695 2039 835 2080 vulgata
872 2039 918 2070 le-

280 2085 392 2116 ctione
426 2085 652 2116 consentiunt.
700 2084 827 2116 Oculos
860 2095 918 2115 au-

280 2135 345 2162 tem
377 2141 446 2161 non
477 2133 609 2161 tantum
642 2129 768 2169 excidi,
800 2139 918 2160 verum

279 2176 382 2207 etiam
421 2176 517 2206 exuri
556 2175 675 2206 solitos
714 2185 788 2206 esse
827 2185 918 2206 nunc

280 2221 351 2262 ipse
392 2220 506 2252 docuit
546 2220 660 2252 allatis
702 2219 789 2251 10015
828 2220 917 2251 Ari-

280 2266 418 2307 stoph.
445 2265 556 2296 Nubb.
571 2264 624 2297 24.
640 2266 726 2296 Avv.
748 2264 823 2297 341.
841 2264 916 2297 584.

280 2310 377 2343 1612.
416 2310 565 2342 Acharn.
607 2309 659 2343 93.
699 2310 917 2342 Demosth.

279 2367 339 2397 pro
374 2356 496 2387 Coron.
528 2366 560 2397 p.
583 2354 659 2394 247,
696 2355 746 2386 11.
781 2355 823 2386 al.
857 2355 918 2386 Ci-

280 2411 360 2432 cer.
389 2402 440 2432 De
465 2401 639 2441 Rep.111,
664 2399 715 2432 17.
763 2400 916 2432 Herod.

279 2446 356 2485 XII,
377 2445 430 2477 18.
456 2445 605 2476 Verbum
630 2443 805 2484 ἐκτέμνειν
828 2445 917 2476 idem

280 2491 378 2523 docet
410 2494 447 2521 ut
472 2491 547 2521 Lat.
579 2501 728 2522 secare
760 2491 917 2532 usurpari

280 2536 320 2567 de
355 2536 567 2567 castratione.
599 2546 629 2568 v.
663 2535 852 2577 Euthyphr.
884 2546 917 2577 p.

280 2582 310 2613 (3.
335 2582 375 2613 A.
401 2580 514 2622 Symp.
542 2579 614 2612 195.
641 2581 688 2620 C„
722 2580 846 2621 quibus
870 2580 917 2611 lo-

280 2627 328 2658 cis
376 2625 646 2668 Voegclinus
706 2625 799 2657 addit
845 2626 916 2657 Ae-

281 2672 418 2712 schyl.
443 2672 540 2702 Eum.
565 2681 594 2702 v.
622 2670 686 2702 185
710 2681 803 2712 seqq.

326 2716 445 2748 Lana}
473 2713 570 2749 τοὺς
594 2713 727 2747 αὑτοῦ
752 2712 916 2748 ἐπιδών

990 1722 1127 1752 τιᾘῖεται
1154 1721 1210 1753 Sic
1235 1722 1337 1752 ctiam
1357 1718 1554 1758 ἐπόψεσθαι
1572 1730 1624 1761 ap.

988 1768 1167 1798 Isocrat.
1191 1767 1242 1798 De
1263 1767 1344 1798 Pac.
1369 1776 1400 1807 p.
1421 1764 1496 1798 198.
1515 1765 1625 1797 Bekk.

989 1813 1088 1843 Deni
1101 1812 1208 1843 osth.
1240 1822 1299 1852 pro
1334 1811 1456 1842 Coron.
1486 1821 1517 1851 p.
1548 1809 1624 1842 295.

989 1858 1026 1888 R.
1052 1858 1164 1890 Hom.
1196 1856 1292 1888 Iliad.
1324 1856 1440 1896 XXII,
1474 1855 1536 1888 61:
1567 1867 1624 1886 κα-

990 1900 1030 1933 κὰ
1056 1899 1145 1933 πόλλ’
1179 1900 1351 1933 ἐπιδόντα.
1399 1900 1624 1942 Aristoph.

988 1947 1136 1978 Acharn.
1162 1946 1270 1986 1156„
1294 1946 1354 1978 ubi
1378 1956 1409 1977 v.
1435 1946 1625 1987 Bergler.

987 1992 1093 2024 Verbi
1117 2002 1217 2023 usum
1241 1991 1405 2033 exemplis
1440 1991 1626 2022 illustravit

988 2037 1291 2080 VVyttenbach.
1317 2037 1358 2068 ad
1375 2035 1546 2068 Plutarch.
1571 2036 1624 2067 De

989 2084 1021 2114 S.
1054 2083 1095 2115 N.
1128 2083 1169 2114 V.
1200 2093 1232 2124 p.
1265 2080 1318 2114 17.
1364 2081 1492 2113 Eodem
1524 2080 1623 2112 modo

988 2132 1155 2160 nostrates
1197 2130 1363 2169 usurpant
1397 2137 1428 2157 v.
1466 2125 1526 2157 mit
1563 2137 1624 2157 an—

987 2173 1095 2205 selzen.
1129 2192 1168 2196 —-
1207 2174 1273 2205 Pro
1321 2172 1624 2212 καταπιττωθῇ

989 2218 1230 2250 Cornarius
1282 2217 1533 2258 καταποντωθῇ
1579 2216 1626 2248 le—

987 2264 1136 2306 gendum
1160 2262 1322 2305 putabat,
1356 2262 1437 2303 quia
1470 2273 1624 2292 namnct-

988 2311 1083 2351 τωθῇ
1108 2320 1171 2340 nee
1203 2308 1334 2339 dicatur
1368 2317 1432 2338 nec
1467 2307 1626 2348 probabi-

987 2355 1053 2385 lem
1094 2353 1349 2395 compositionis
1387 2353 1528 2384 formam
1567 2351 1626 2382 ha-

987 2400 1074 2431 beat.
1141 2398 1207 2430 Sed
1250 2398 1534 2429 καταπιττοῦσθαι
1575 2400 1626 2428 est

986 2445 1080 2486 pice
1105 2443 1230 2475 illini
1255 2447 1294 2475 et
1314 2442 1510 2482 cremari,
1536 2441 1626 2483 quod

987 2500 1007 2520 a
1045 2488 1296 2530 lexicographis
1333 2489 1421 2520 inter
1451 2488 1625 2519 cruciatus

987 2544 1026 2566 ac
1058 2534 1220 2575 supplicii
1257 2544 1383 2575 genera
1415 2535 1625 2564 numeratur.

986 2579 1053 2610 vid.
1079 2579 1239 2611 Victor.
1257 2579 1335 2610 Var.
1354 2579 1447 2610 Lect.
1461 2578 1555 2614 VIII,
1572 2575 1623 2608 14.

985 2625 1061 2656 Non
1077 2624 1221 2656 absurde
1244 2624 1463 2656 Routhius
1489 2622 1530 2654 ad
1547 2621 1581 2652 h.
1601 2622 1623 2652 1.

986 2669 1097 2708 „Mihi
1110 2669 1274 2711 quidem''‚
1291 2669 1413 2710 inquit,
1429 2667 1623 2709 „designari

984 2715 1048 2747 1100
1072 2715 1145 2747 1000
1171 2715 1304 2747 videtur
1334 2713 1369 2746 id
1400 2723 1509 2756 genus
1534 2722 1621 2754 *sup-
