1687 2969
380 199 623 237 GORGIAS.
654 199 697 235 P.
730 198 822 238 473.
855 198 945 235 474.
976 198 1034 235 ed.
1067 197 1120 235 St.

87 312 176 358 λοῖς
204 306 302 350 οὐδὲ
329 306 585 360 διαλέγομαι.
615 305 694 359 ὅρα
723 302 821 354 οὖν,
853 306 888 346 εἰ
916 304 1126 358 ἐθελήσεις
1155 304 1200 345 ἐν
1229 311 1285 358 τῷ
1315 303 1429 358 μέρει
1459 304 1495 345 Β

1346 197 1424 254 ¹171

88 375 251 416 διδόναι
280 372 449 427 ἔλεγχον
486 371 819 424 ἀποκρινόμενος
855 369 904 410 τὰ
942 369 1198 423 ἐρωτώμενα.
1239 369 1320 424 ἐγὼ
1349 368 1429 423 γὰρ

89 439 139 494 δὴ
171 436 288 493 οἶμαι
317 438 386 480 καὶ
415 436 483 491 ἐμὲ
513 435 582 478 καὶ
611 435 655 477 σε
683 435 752 477 καὶ
778 435 878 483 τοὺς
907 437 1062 483 ἄλλους
1092 435 1354 487 ἀνθρώπους
1382 435 1428 475 τὸ

88 505 249 546 ἀδικεῖν
277 511 354 545 τοῦ
382 503 623 544 ἀδικεῖσθαι
650 502 798 542 κάκιον
835 501 1032 554 ἡγεῖσθαι
1063 500 1128 541 καὶ
1160 500 1207 541 τὸ
1236 499 1292 552 μὴ
1322 500 1428 541 διδό-

85 587 156 612 ναι
177 570 299 624 δίκην
326 572 404 610 τοῦ
432 568 608 609 διδόναι.
667 568 813 608 ΠῼΛ.
843 567 950 620 Ἐγὼ
980 564 1024 608 δέ
1055 581 1100 620 γε
1129 569 1217 608 οὔτ’
1248 565 1317 619 ἐμὲ
1347 561 1429 607 οὔτ’

86 639 216 677 ἄλλον
244 633 490 687 ἀνθρώπων
519 630 683 674 οὐδένα.
714 631 800 672 ἐπεὶ
828 632 881 672 σὺ
911 627 1029 682 δέξαι’
1060 631 1114 672 ἂν
1154 633 1317 685 μᾶλλον
1346 631 1430 672 ἀδι-

87 705 256 743 κεῖσθαι
282 700 309 753 ἢ
339 699 521 747 ἀδικεῐν;
552 699 653 738 ΣΩ.
687 696 770 738 Καὶ
802 698 854 738 σύ
883 692 914 751 γ’
946 696 1000 737 ἂν
1028 696 1098 737 καὶ
1120 697 1161 738 οἱ
1187 699 1306 737 ἄλλοι
1329 697 1430 736 πάν-

85 781 162 815 τες.

87 833 212 880 ἄλλος
249 830 398 878 οὐδείς.

222 766 366 806 ΠΩΛ.
398 765 572 806 Πολλοῦ
601 776 647 815 γε
685 762 759 813 δεῖ,
790 759 873 803 ἀλλ’
905 763 992 805 οὔτ’
1025 762 1105 816 ἐγὼ
1137 765 1233 804 οὔτε
1262 761 1315 802 σὺ
1345 762 1431 801 οὔτ’

456 830 558 870 Σῼ.
600 828 773 869 Οὐκοῦν
812 828 1054 883 ἀποκρινεῖ;

1113 830 1259 870 ΠῼΛ.
1304 827 1432 867 Πάνυ

87 895 164 950 μὲν
193 891 297 938 οὖν·
326 893 397 936 καὶ
425 893 505 947 γὰρ
535 892 732 947 ἐπιθυμῶ
760 893 927 945 εἰδέναι,
957 893 980 935 ὅ
1000 909 1039 934 τι
1066 886 1152 934 ποτ’
1184 892 1298 945 ἐρεῖς.
1329 894 1430 933 ΣΩ.

89 960 197 1015 Λέγε
228 961 280 1015 δή
309 975 404 1014 μοι,
444 959 496 1000 ἵν’
525 959 661 1013 εἰδῇς,
703 957 838 1011 ὥςπερ
869 958 923 1000 ἂν
952 960 986 1000 εἰ
1027 958 1067 1009 ἐξ
1097 959 1226 1012 ἀρχῆς
1254 967 1297 999 σε
1326 958 1430 1012 ἠρω-

88 1040 192 1069 των·
222 1027 404 1078 πότερον
431 1025 548 1067 δοκεῖ
574 1034 664 1073 σοι,
707 1018 739 1064 ὦ
771 1026 917 1073 Πώλε,
957 1026 1106 1066 κάκιον
1134 1021 1243 1066 εἶναι
1271 1023 1318 1065 τὸ
1347 1024 1432 1064 α’δι-

88 1096 177 1135 κεῖν
204 1092 230 1145 ἢ
252 1091 299 1133 τὸ
323 1091 563 1132 ἀδικεῖσθαι
573 1108 583 1139 3
615 1090 761 1130 ΠΩΛ.
801 1090 858 1131 Τὸ
887 1090 1125 1132 ἀδικεῖσθαι
1149 1088 1299 1143 ἔμοιγε.
1331 1091 1430 1130 Σῼ.

96 1158 146 1199 Τί
174 1155 218 1199 δὲ
247 1155 298 1210 δὴ
330 1157 515 1210 αἴσχιον;
554 1156 735 1206 πότερον
762 1154 809 1195 τὸ
839 1155 1001 1196 ἀδικεῖν
1039 1156 1065 1209 ἢ
1095 1158 1142 1198 τὸ
1172 1156 1431 1204 ἀδικεῖσθ·αι,·

83 1221 351 1275 Ἀποκρίνου.
384 1223 530 1262 ΠῼΛ.
570 1221 627 1261 Τὸ
656 1220 828 1261 ἀδικεῖν.

87 1334 202 1377 posuit
231 1333 382 1366 Fischer.
415 1332 457 1365 ad
488 1332 587 1374 Apol.
618 1331 750 1364 socrat.
780 1342 808 1364 c.
834 1331 887 1364 21.

943 1332 1009 1364 Sed
1041 1343 1106 1365 nec
1139 1332 1255 1365 omissi
1288 1335 1347 1364 καί
1377 1343 1431 1363 ex-

86 1380 199 1422 empla
228 1379 344 1413 deesse
378 1378 494 1411 docuit
525 1376 746 1409 Heindorfius
778 1377 891 1410 allatis
923 1378 1009 1410 loeis
1041 1378 1188 1421 Apolog.
1212 1376 1266 1411 37.
1290 1378 1334 1409 D.
1366 1378 1433 1409 Eu»

87 1425 223 1468 thyphr.
257 1436 289 1467 p.
323 1423 354 1457 4.
386 1424 428 1456 A.
460 1425 512 1455 De
542 1424 624 1465 Rep.
658 1423 702 1454 II.
732 1433 764 1464 p.

794 1422 871 1455 382.
902 1424 942 1455 E.
972 1424 1079 1466 Legg.
1112 1424 1186 1455 VII.
1220 1434 1251 1465 p.
1286 1422 1360 1456 790.
1392 1424 1432 1454 A.

90 1471 192 1513 Gorg.
215 1481 248 1513 p.
273 1468 350 1502 510.
373 1470 412 1501 Ε.
443 1467 519 1501 517.
544 1469 584 1500 A.
616 1467 743 1500 Phaed.
774 1478 806 1510 p.
831 1468 885 1502 80.
908 1469 946 1501 E.
980 1467 1032 1502 93.
1059 1469 1098 1501 A.
1125 1469 1168 1502 al.
1216 1469 1291 1509 Quo
1316 1469 1434 1500 luben-

90 1517 158 1548 tius
183 1516 320 1558 optimis
343 1514 520 1547 codicibus
544 1514 861 1555 obtemperavimus.

153 1561 191 1593 C.
219 1561 270 1593 Τι’
291 1559 336 1592 δὲ
362 1558 410 1602 δὴ
435 1558 646 1600 αι”σχιον,·]
681 1559 736 1590 Sic
770 1559 868 1591 codd.
892 1558 1046 1601 plerique
1071 1570 1188 1592 omnes
1213 1569 1291 1591 cum
1316 1559 1433 1592 Clark.

88 1610 122 1638 et.
145 1607 229 1639 Ven.
254 1605 357 1637 Editt.
389 1605 430 1638 Τι’
453 1603 507 1636 δαὶ
535 1601 577 1645 δὴ
601 1605 755 1645 αἴσχιον,-

90 1701 253 1743 suffragia
294 1700 426 1732 mittere
468 1699 641 1739 noluerat,
688 1709 727 1730 ea

86 1757 156 1778 non
180 1747 291 1778 fuerat
319 1746 508 1788 imperitia,
542 1745 601 1777 sed
636 1755 728 1776 sum—

86 1803 179 1823 mum
198 1791 350 1823 iustitiae
370 1791 531 1830 studium,
557 1801 623 1832 quo
636 1800 725 1821 unus

88 1838 177 1869 inter
209 1837 302 1868 cives
344 1847 423 1868 suos
463 1836 581 1878 populi
620 1835 725 1866 furori

87 1882 268 1922 restiterat,
293 1892 359 1923 quo
385 1881 517 1924 abrepti
541 1881 727 1913 Athenien-

91 1938 144 1959 ses
168 1932 300 1969 praeter
330 1928 384 1959 ius
415 1928 534 1968 fasque
566 1926 606 1958 de
631 1927 727 1957 inno-

87 1972 245 2005 centibus
270 1972 416 2004 ducibus
441 1972 648 2014 supplicium
673 1982 727 2003 su-

88 2029 177 2050 mere
192 2017 365 2050 volebant.
390 2018 539 2050 Narrant
558 2028 629 2049 rem
654 2017 727 2048 Xe-

90 2063 215 2104 noph.
245 2063 334 2094 Hist.
362 2063 418 2094 Gr.
445 2063 479 2102 1,
505 2061 543 2101 7,
576 2062 629 2094 15.
654 2063 727 2094 Ae-

90 2108 150 2139 lia
162 2119 196 2139 n.
221 2108 300 2139 Var.
322 2108 411 2139 Hist.
428 2108 489 2148 ΙΙΙ,
507 2106 558 2140 17.
584 2108 614 2139 V
624 2107 664 2139 al
674 2118 691 2139 e
701 2119 726 2138 r.

90 2154 127 2185 M
137 2164 157 2184 a
166 2164 199 2184 x.
224 2153 287 2193 III,
312 2151 344 2193 8,
367 2151 398 2185 3.

133 2199 171 2230 Ρ.
202 2197 278 2230 474.
335 2196 441 2238 ὅπερ
489 2200 567 2228 νῦν
605 2194 653 2239 δὴ
684 2216 727 2220 -

88 2243 106 2274 ἔ
121 2245 137 2275 λ
153 2255 169 2275 ε
184 2255 203 2286 γ
219 2255 237 2274 o
257 2242 287 2286 ν]
358 2243 543 2275 Verissime
596 2243 729 2273 monuit

89 2289 116 2319 F
127 2289 140 2319 i
151 2288 274 2320 ndeis
286 2289 412 2320 enius
436 2287 611 2330 iungenda
642 2287 728 2319 11300

91 2344 165 2366 esse
189 2333 303 2366 verbis
335 2333 556 2375 sequentibus
589 2331 662 2372 ἐμοὶ
689 2331 728 2363 ἐν

92 2382 137 2422 τῷ
161 2378 255 2419 μέρει
279 2377 435 2419 παράδος
460 2383 522 2411 etc.
554 2382 654 2419 atque
679 2388 729 2408 re-

90 2423 229 2456 ferenda
254 2424 297 2455 ad
321 2425 495 2466 superiora
518 2424 579 2456 illa
601 2434 634 2465 p.
652 2421 730 2455 472.

90 2470 127 2501 C.
152 2469 328 2501 Sententia
351 2469 533 2501 verborum
556 2470 642 2500 11300
660 2473 725 2500 est:

89 2515 125 2546 si
167 2514 396 2546 meliorem
434 2515 515 2547 hac
558 2514 728 2546 nullam

93 2564 215 2592 tenes
239 2560 470 2592 refutandi
499 2561 728 2598 rationem,

88 2605 194 2636 mihi
240 2605 446 2637 vicissim
482 2605 642 2637 refelle
655 2604 729 2636 ndi

88 2660 139 2693 po
155 2653 359 2682 testatem
415 2650 620 2690 concede,
677 2653 729 2681 at—

90 2706 170 2737 que
195 2695 396 2737 experire
421 2707 446 2728 s.
464 2706 607 2735 nosce,
633 2705 729 2735 qua-

89 2740 171 2773 lem
204 2751 282 2783 ego
317 2751 412 2774 esse
452 2741 606 2774 debere
638 2750 729 2772 cen-

797 1710 811 1730 s
821 1710 837 1731 e
847 1710 916 1731 am.
968 1700 1109 1731 Frustra
1154 1700 1259 1742 igitur
1306 1699 1338 1731 H
1348 1711 1365 1732 e
1375 1711 1396 1732 u
1404 1712 1434 1732 s-

796 1744 816 1776 d
826 1745 868 1775 iu
878 1756 893 1776 s
918 1746 1067 1777 correxit
1089 1745 1204 1778 locum
1227 1756 1259 1787 p.
1285 1744 1338 1778 90.

826 1795 913 1823 τοῖς
940 1789 985 1822 δὲ
1012 1792 1188 1825 πολλοῖς
1214 1788 1291 1823 οὐδ
1307 1791 1322 1822 ὲ
1348 1791 1433 1822 διοι-

797 1836 812 1866 λ
825 1834 866 1877 ἐγ
876 1846 922 1874 ομ
932 1847 952 1866 α
962 1835 983 1878 ι]
1009 1836 1086 1867 Νο11
1113 1836 1178 1868 hoc
1203 1840 1337 1868 tantum
1360 1847 1433 1878 pro-

796 1880 909 1912 fitetur
920 1906 927 1920 ‚
968 1892 1003 1912 se
1037 1892 1153 1913 omnes
1186 1882 1272 1914 alios
1303 1886 1436 1923 praeter

796 1937 901 1957 unum
926 1937 1013 1966 eum,
1038 1928 1176 1968 quicum
1201 1927 1359 1968 disputet,
1384 1928 1435 1958 ni-

796 1971 860 2002 hili
897 1971 1009 2004 facere
1021 1997 1028 2011 ‚
1068 1983 1187 2004 verum
1224 1973 1325 2004 etiam
1357 1983 1434 2004 cum

796 2017 950 2058 imperito
975 2017 1078 2059 vulgo
1104 2017 1170 2049 sibi
1194 2018 1282 2049 nihil
1305 2018 1435 2060 negotii

797 2073 880 2096 esse.
906 2073 938 2094 v.
958 2063 1010 2094 De
1024 2062 1168 2104 Republ.
1182 2064 1240 2095 VI.
1254 2074 1286 2105 p.
1302 2062 1377 2096 496.
1391 2066 1432 2095 A.

842 2108 880 2139 Β.
920 2107 966 2139 ὲν
1006 2111 1057 2150 τῷ
1096 2107 1220 2149 μέρει
1261 2106 1435 2140 διδόναι

799 2152 946 2195 ἔλεγχε)
959 2151 988 2195 ι’]
1005 2154 1209 2185 vicissim
1230 2153 1434 2186 refellen-

798 2197 841 2228 di
880 2202 1145 2239 potestatem
1182 2199 1352 2237 facere,
1397 2203 1436 2231 ut

798 2243 897 2284 Apol.
912 2243 1004 2274 Socr.
1025 2254 1057 2285 p.
1070 2242 1124 2276 39.
1140 2244 1177 2276 C.
1201 2244 1290 2276 Nam
1301 2242 1435 2276 διδόναι

798 2292 848 2319 est
879 2289 1136 2329 concedere,
1167 2291 1435 2331 permittere,

797 2344 817 2375 p
830 2336 1067 2365 otestatem
1092 2335 1251 2374 facere,
1267 2339 1305 2367 ut
1322 2346 1434 2377 saepe.

798 2389 828 2409 v.
855 2378 876 2409 S
886 2382 955 2410 tur
965 2390 994 2411 z.
1019 2380 1137 2412 Lexic.
1161 2380 1320 2422 Xenoph.
1346 2382 1388 2413 T.
1408 2382 1434 2412 Ι.

797 2434 828 2465 p.
855 2422 928 2456 726.

844 2467 935 2500 ἐπεὶ
971 2468 1022 2501 σὺ
1049 2467 1179 2510 δέξαι’
1214 2469 1264 2502 ἂν
1289 2483 1316 2502 κ.
1344 2483 1368 2502 τ.
1393 2470 1434 2513 λ.]

798 2525 890 2545 nam
920 2518 1023 2546 tune
1056 2519 1102 2546 ut
1124 2515 1255 2548 malis
1280 2516 1434 2547 iniuri-

797 2570 858 2590 am
882 2560 1080 2602 accipere
1101 2571 1223 2602 quam
1242 2562 1433 2593 inferre?

798 2604 850 2636 Ita
874 2603 958 2636 haec
990 2605 1214 2648 intelligenda
1245 2617 1434 2646 censemus,

798 2660 1004 2691 quamquam
1035 2652 1137 2683 etiam
1168 2652 1434 2694 interrogatione

799 2695 932 2727 sublata
971 2695 1099 2728 ironice
1131 2697 1243 2739 accipi
1280 2701 1433 2738 possunt.

797 2741 849 2772 De
885 2741 1039 2774 universi
1081 2743 1139 2784 qui
1177 2742 1329 2784 sequitur
1365 2742 1434 2776 loci
