1687 2969
383 251 462 284 5¹0

370 281 476 295 a...

272 313 342 376 ἦν,
379 318 436 370 ὡς
471 322 624 373 έοικεν,
657 325 703 363 ὲν
737 319 872 365 ἄστει.

376 389 511 430 (DAI.
580 389 686 439 Ναί,
722 388 828 431 παο’

762 136 1142 181 PLATONIS

547 254 708 304 Καλῶς
741 253 845 311 γάρ,
883 248 913 297 ὦ
950 260 1108 312 ἑταῖρε,
1147 257 1219 307 72.
1222 272 1270 300 ει
1307 254 1424 315 άταρ
1457 258 1632 308 Λυσίας

865 387 1127 445 Ἐπικράτει,
1164 393 1210 431 ἐν
1244 391 1341 450 τῇδε
1367 392 1417 451 τῇ
1445 393 1631 444 πλησίον

274 456 353 498 τοῦ
390 452 622 510 Ὀλυμπίου
662 459 779 498 οἰκία
817 458 867 517 τῇ
906 458 1129 513 ὒΙορυχία.

362 585 402 617 Β.
453 580 502 625 ἢν
538 583 555 625 ἦ
589 585 767 629 ὄιατριβ
777 585 815 627 q]
860 586 898 619 V,
932 584 951 626 ἡ
990 586 1128 618 aberat.

1172 586 1286 620 inritis
1320 586 1420 621 codd.
1479 586 1630 622 Quidam
1658 620 1660 623 .

271 631 343 664 libri
379 629 440 671 δη,
474 631 529 662 alii
563 641 704 665 numero
739 637 818 664 octo
846 632 885 673 (51)-
922 628 961 674 ἧν
989 620 1164 673 omittunt,
1191 632 1282 674 quod
1309 638 1426 665 tamen
1454 632 1554 667 Bodl.
1581 634 1629 668 Π,

273 677 428 709 Vat.a1ii
456 680 604 711 tuentur

366 723 413 754 Τί
443 721 532 761 δαίς
563 722 640 754 οὐκ
670 721 718 753 ἂν
750 724 844 753 οἴει
870 723 936 766 -]
965 723 1024 755 Sic
1048 723 1126 755 boni
1154 723 1285 764 aliquot
1312 723 1412 756 codd.
1442 723 1530 763 ΔΣ,
1557 728 1628 756 tres

274 768 410 808 vindd„
437 778 514 800 cum
540 779 627 803 corr.
654 768 753 802 Bodl.

276 858 567 901 (stdrkender
631 859 715 892 und
770 859 914 902 erqui-

273 906 412 938 ckend
425 905 493 946 er),
513 910 708 947 propterea,
728 905 789 938 nisi
804 907 913 946 fallor,

271 951 364 994 quod
396 951 441 983 ibi
467 955 502 983 et
527 952 664 983 liberior
677 956 782 993 atque
799 953 915 993 purior

271 1008 330 1030 aer
355 997 564 1037 hauriretur,
591 1002 625 1029 et
649 1001 762 1029 motus
789 1008 914 1039 corpo—

271 1045 317 1077 ris
345 1045 419 1086 plus
436 1041 600 1075 haberent
616 1043 798 1076 varietatis.
831 1043 912 1077 Voc.

270 1089 509 1132 ἀκοηωτέρους
534 1089 622 1121 enim
649 1099 691 1121 ex
714 1099 778 1121 usu
804 1089 914 1122 niedi-

272 1145 390 1167 corum
425 1135 586 1177 positum.
641 1134 725 1167 Nam
755 1134 867 1166 ἄκοπα
896 1146 915 1167 a

270 1180 410 1215 medicis
455 1179 615 1212 dicuntur
667 1180 916 1213 medicamenta

271 1228 323 1259 vel
365 1226 539 1266 remedia,
588 1226 708 1268 quibus
749 1226 915 1259 adversus

270 1271 504 1305 lassitudinem
540 1276 702 1313 utuntur,
744 1271 807 1304 hoc
847 1277 912 1307 est.

269 1317 503 1351 lassitudinem
542 1318 686 1350 levantia
725 1318 777 1350 vel
816 1329 914 1350 amo-

268 1364 400 1404 ventia,
440 1363 483 1395 ad
521 1363 709 1396 tollendam
741 1364 912 1396 lassitudi-

269 1419 347 1442 nem
373 1408 523 1441 efficacia
548 1420 586 1441 ac.
612 1410 780 1450 salubria,
818 1409 914 1442 deni-

270 1465 337 1497 que
368 1455 457 1487 vires
481 1455 666 1487 reficientia
698 1460 731 1488 et
756 1465 914 1488 recreau-

272 1502 341 1541 tia3
370 1511 402 1533 v.
425 1500 581 1533 Foe'sii
607 1501 797 1533 Oeconom.
825 1501 914 1543 Hip-

272 1551 401 1590 pocrat.
428 1557 455 1578 s.
473 1557 504 1580 v.
532 1546 690 1578 Celsus
715 1547 766 1580 De
789 1547 912 1580 medic.

270 1591 392 1626 lv.·24.
412 1592 520 1626 Plin.
538 1592 629 1626 Hist.
648 1592 723 1627 Nat.
742 1592 869 1626 XXIX.
882 1593 912 1628 3.

269 1638 398 1672 XXXI.
415 1638 448 1672 7.
485 1638 564 1672 Qua
580 1639 710 1671 ratione
726 1639 826 1671 etiam
846 1639 914 1671 La-

270 1685 331 1717 tini
371 1685 570 1725 loquuntur,
614 1695 750 1727 acopa
799 1685 914 1717 Grae-

270 1740 347 1763 cum
372 1730 576 1762 vocabulum
600 1731 720 1763 crebro
744 1741 914 1772 usurpan—

270 1781 335 1810 tes.
386 1776 582 1808 Contulisse
607 1787 683 1809 cum
711 1775 761 1809 his
785 1776 914 1809 iuvabit

271 1822 510 1855 Aristotel.
547 1822 663 1856 Probl.
698 1823 722 1856 Ι.
755 1824 810 1857 37.
848 1825 914 1853 τῶν

268 1866 466 1910 περιπάτων
503 1867 538 1898 οἱ
575 1868 660 1899 κατὰ
709 1866 770 1906 τὰς
809 1867 914 1903 ὁδοὺς

269 1911 578 1956 ἅκοπώτέροίεῖσιν
593 1915 625 1944 οἱ
650 1912 825 1956 ἀνώμαλοι
847 1916 914 1944 τῶν

269 1957 429 1991 εὐθειῶν.
464 1958 582 1991 Probl.
609 1958 647 1991 V.
678 1960 728 1993 12.
765 1964 799 1992 et
823 1969 913 2001 quae

271 2004 412 2047 copiose
447 2003 599 2046 disputat
623 2004 911 2037 Mercurialis

269 2050 322 2083 De
346 2052 430 2082 Arte
454 2049 644 2091 Gymn.1v.
659 2051 700 2085 10
721 2050 910 2094 p.2i7sqq.

270 2096 325 2129 ed.
357 2096 477 2129 venet.
543 2096 704 2129 Ceterum
742 2096 910 2138 iungenda

270 2142 373 2174 verba
400 2142 431 2173 in
449 2140 536 2174 hunc
550 2142 688 2175 modum
707 2146 802 2175 sunt.
829 2141 911 2183 φησὶ

267 2186 333 2241 γὰρ
369 2186 559 2228 αὐτούς,
592 2187 621 2222 ΙΙ.
658 2201 686 2223 e.
718 2201 801 2226 τους
824 2186 908 2219 κατὰ

267 2231 331 2268 τὰς
355 2231 438 2265 ὁδοι
434 2245 461 2269 ς
486 2232 713 2292 περιποίτους.
739 2233 908 2266 ‘innuens‘-

268 2291 351 2321 ρους
381 2291 408 2310 ει
414 2291 469 2310 ναι
504 2282 569 2311 τῶν
599 2281 633 2312 ἐν
657 2284 729 2318 τοῖς
750 2278 907 2323 δρόμοις,

268 2334 315 2358 sc.
341 2323 547 2381 περιῖῑάτωι.

314 2369 353 2401 Β.
409 2368 522 2413 ἆτᾶρ
554 2371 724 2407 Λυσίας
759 2373 827 2412 ἠν,
859 2367 908 2407 ὦς

265 2415 434 2455 ἔοικεν,
483 2417 524 2447 ἐν
571 2416 727 2460 ἄστει]
783 2414 905 2456 Ἀτάρ

264 2460 310 2492 ita
342 2461 491 2502 positum
529 2463 641 2504 tetigit
671 2460 909 2495 Heindorf.

264 2506 308 2539 ad
320 2505 643 2549 Theaet.p.l42.E.
670 2528 713 2531 ——
751 2507 802 2545 ὡς
825 2508 907 2539 ἴοι-

264 2563 352 2593 κεν,
384 2555 429 2584 ut
463 2563 511 2585 ex
543 2554 613 2594 iis,
654 2564 762 2596 quae
801 2553 905 2585 dixi-

264 2598 342 2638 sti,
373 2598 604 2632 coniicere
643 2600 770 2640 licet,
813 2597 904 2641 quod

263 2643 393 2676 dictum
425 2648 478 2676 est
502 2645 616 2686 paullo
642 2645 749 2678 lenius
773 2655 835 2688 pro
860 2648 905 2676 ut

262 2692 464 2733 apparet,
496 2694 534 2723 ut
557 2689 752 2734 Euthyd.p.
770 2689 902 2725 271.B.

261 2753 304 2759 —
330 2735 372 2765 ἐν
394 2734 529 2777 ἄστει,
559 2737 708 2771 Athenis,
736 2737 786 2770 De
808 2736 900 2779 Rep.

807 768 917 811 luigo
936 769 979 800 Τί
999 769 1051 807 65,-
1082 770 1247 811 probante
1273 770 1311 804 C
1336 770 1392 802 Fr.
1420 769 1630 803 Hermanno.

984 859 1007 893 l.
1034 858 1111 892 327.
1138 860 1176 893 Α.
1203 859 1319 892 addito
1344 861 1504 893 articulo:
1539 859 1629 902 ἀπῇ-

981 917 1042 947 μεν
1074 903 1159 948 πρὸς
1194 904 1232 936 τὸ
1273 905 1376 939 (ἵστω
1409 906 1468 938 sed
1500 906 1626 939 ibidem

985 951 1024 984 E.
1052 950 1184 982 δοκεῖτέ
1203 962 1266 993 μοι
1290 951 1378 994 πρὸς
1402 951 1489 983 ἄστυ
1513 951 1629 996 aigum]—

983 1000 1083 1030 σθαι.
1132 997 1214 1029 Item
1240 996 1321 1029 infra
1346 1009 1379 1040 p.
1397 996 1477 1031 231.
1501 998 1540 1030 C.
1566 997 1627 1029 οἶ]-

983 1055 1049 1079 τως
1065 1043 1100 1072 ἐκ
1119 1045 1181 1074 τοῦ
1201 1042 1322 1079 ἄστεος
1346 1042 1424 1074 οὔτ’
1452 1043 1496 1079 εἰς
1516 1042 1628 1087 ὑπερ-

983 1089 1080 1129 ορίαν
1111 1087 1322 1131 ἄποδημεῖς,
1354 1088 1430 1121 οὔτ)
1465 1089 1523 1123 ἔξω
1556 1090 1624 1120 τεί-

980 1146 1075 1174 χους.
1109 1134 1178 1167 Sed
1199 1145 1228 1168 v.
1254 1134 1499 1176 Flfigelium
1523 1135 1626 1169 Obss.

983 1180 1016 1212 in
1057 1179 1226 1212 Plutarchi
1262 1180 1471 1213 Phocionem
1506 1192 1538 1223 p.
1574 1180 1627 1214 16.

983 1225 1126 1257 Videtur
1144 1226 1266 1267 Lysias
1292 1225 1500 1258 domicilium
1527 1236 1625 1259 suum

982 1270 1138 1304 habuisse
1155 1272 1186 1304 in
1200 1271 1358 1311 Piraee0‚
1385 1271 1476 1313 quod
1500 1272 1626 1304 Hein-

982 1317 1090 1351 dorf
1116 1323 1210 1349 recte
1235 1318 1372 1359 collegit
1388 1328 1429 1350 ex
1455 1329 1509 1357 eo,
1535 1318 1625 1359 quod

981 1362 1173 1405 Cephalus.
1199 1368 1296 1405 pater
1321 1363 1623 1406 eius‚Reip.1..p

982 1407 1062 1442 325.
1087 1410 1125 1442 C.
1151 1409 1194 1441 ibi
1220 1413 1377 1442 narratur
1408 1409 1621 1442 habitavisse

982 1455 1057 1487 Non
1086 1461 1184 1486 iacat
1216 1460 1328 1487 autem
1359 1455 1516 1487 irrisione
1541 1465 1626 1496 qua-

982 1500 1074 1541 dam,
1101 1500 1191 1542 quod
1218 1501 1333 1533 rhetor
1357 1501 1546 1533 devertisse
1572 1500 1624 1532 di-

982 1547 1070 1578 citur
1100 1545 1190 1588 apud
1222 1546 1441 1587 Epicratem,
1476 1547 1533 1587 qui
1563 1546 1625 1578 suit

983 1591 1194 1634 demagogus
1211 1592 1322 1624 famae
1339 1591 1525 1624 admodum
1551 1602 1625 1624 am-

981 1638 1114 1679 biguae.
1165 1637 1350 1670 verissime
1376 1638 1521 1670 Groen
1546 1647 1624 1669 van

979 1683 1008 1716 P
1023 1694 1038 1716 r
1049 1684 1057 1715 i
1070 1694 1089 1716 n
1100 1694 1116 1715 s
1126 1689 1139 1716 t
1150 1694 1168 1716 e
1178 1683 1530 1726 rerl’rosopograph.
1543 1683 1623 1715 Pla-

979 1735 1049 1763 ton.
1068 1741 1098 1772 p.
1120 1730 1201 1764 1142

979 1785 1046 1807 non
1072 1775 1231 1808 abhorret
1263 1775 1350 1807 hunc
1375 1786 1453 1807 esse
1478 1775 1623 1817 Epicra-

979 1827 1069 1861 tem,
1098 1822 1154 1863 qui
1180 1822 1212 1852 in
1240 1820 1474 1862 Aristophanis
1499 1821 1623 1852 Eccle-

979 1867 1126 1898 siazusis
1159 1872 1388 1906 memoratur,
1425 1867 1481 1898 ubi
1519 1876 1622 1908 quum

978 1912 1144 1959 quaesiiis
1131 1916 1202 1944 sset
1226 1912 1441 1953 Praxagora:
1468 1913 1557 1953 ἔχετε
1585 1910 1619 1943 δ’

979 1970 1042 1989 ουν
1066 1957 1244 2000 πώγωνας;
1281 1958 1400 1990 mulier
1433 1968 1535 1990 versu
1566 1958 1621 1991 71.

978 2005 1187 2045 respondet.
1209 2002 1434 2045 Ἐπικράτοις
1462 2002 1524 2035 οὐκ
1549 2002 1622 2034 ὀλί-

977 2062 1025 2092 γῳ
1050 2050 1219 2084 καλλίονα.
1267 2049 1352 2082 Nam
1392 2049 1437 2082 ibi
1467 2048 1622 2081 Scholia-

978 2100 1068 2136 stes,
1095 2098 1219 2137 οὗτος,
1244 2095 1373 2136 scribit,
1399 2095 1445 2132 εις
1468 2094 1620 2136 δασύτη-

977 2154 1021 2173 τα
1046 2142 1272 2186 κωμῳδεῖται
1305 2145 1346 2182 ἠν
1373 2140 1407 2172 δὲ
1428 2139 1540 2184 ῥήτωο
1565 2140 1622 2171 καὶ

976 2186 1197 2230 δημαγωγός.
1228 2190 1266 2219 οἱ
1271 2198 1331 2223 τος
1354 2189 1457 2228 μέγαν
1481 2198 1622 2227 πωγωια

975 2233 1057 2273 ἔχων
1096 2233 1287 2265 ἐπεκαλεῖτο
1320 2231 1618 2274 Σακεσφόρος,

975 2278 1033 2309 καὶ
1067 2278 1215 2311 Πλατων
1251 2277 1268 2310 ὁ
1308 2276 1458 2319 κωμικός
1499 2286 1618 2319 φησιν·

975 2323 1112 2365 „uvas
1147 2323 1294 2365 ὑπήνης,
1328 2322 1529 2366 Ἐπίκρατες
1559 2336 1620 2355 σα-

974 2368 1129 2413 κεσφόρε.
1186 2370 1301 2402 Aedes
1333 2368 1531 2411 Morychiae
1556 2368 1620 2401 do-

975 2416 1056 2448 mini
1089 2416 1241 2458 Morychi
1277 2415 1536 2457 intemperantia
1567 2414 1619 2447 fa-

975 2471 1092 2500 mosae
1127 2461 1279 2502 suerunt3
1311 2471 1342 2493 ν.
1375 2460 1538 2493 Ruhnk.
1574 2460 1617 2492 ad

974 2506 1063 2538 Tim.
1092 2508 1220 2549 ρ.153.
1270 2507 1502 2541 Quamobrem
1530 2504 1617 2538 hand

973 2552 1047 2584 scio
1081 2563 1122 2585 an
1155 2554 1186 2586 in
1210 2553 1263 2596 Ly
1267 2554 1340 2586 siae
1372 2561 1486 2584 mores
1511 2551 1617 2583 lateat

971 2599 1131 2631 aculeus·
1157 2565 1263 2632 certey
1276 2599 1318 2632 ad
1334 2599 1436 2630 talem
1461 2597 1525 2629 loci
1551 2606 1615 2629 no-

957 2643 1136 2677 -tationem
1173 2643 1434 2679 accommodate
1480 2643 1615 2684 quaerit

970 2689 1150 2724 Socrates:
1187 2692 1239 2728 τίς
1265 2704 1330 2723 ουν
1354 2687 1394 2730 δὴ
1423 2692 1464 2729 ῆν
1489 2686 1510 2729 ἧ
1536 2687 1614 2720 δια-

967 2734 1090 2780 ⁷?‘fi'75
1122 2735 1142 2778 ἢ
1167 2736 1289 2780 δηλον,
1321 2733 1378 2768 δ’τι
1410 2738 1476 2766 τῶν
1500 2731 1614 2777 λόγων

1242 1734 1297 1770 „A
1324 1728 1622 1762 verisimilitudine
1666 1764 1673 1769 ,
