1687 2969
393 199 636 238 GORGIAS.
666 200 709 237 P.
742 203 834 237 465.
866 203 958 237 466.
990 201 1048 238 ed.
1082 200 1136 239 St.
1367 201 1440 236 145

92 302 173 348 οὖν
199 305 289 360 ἐμοὶ
318 311 578 361 συγγνώμην
606 305 714 362 ἔχειν
743 307 851 349 ἐστί·
895 306 1093 361 λέγοντος
1121 308 1202 361 γάρ
1231 322 1315 360 μου
1345 307 1443 358 βρα-

91 370 164 424 χέα
192 367 271 412 οὐκ
299 371 566 425 ἐμάνθανες,
605 374 703 415 οὐδὲ
742 376 925 427 χρῆσθαι
952 379 1002 427 τῇ
1032 373 1252 425 ἀποκρίσει
1293 371 1348 426 ἥν
1377 381 1445 412 σοι

91 437 383 516 απεκρινάμην
411 437 538 479 οὐδὲν
566 433 655 486 οἷός
683 433 714 478 τ’
746 434 888 515 ἦσθα
935 435 1019 478 ἀλλ’
1051 436 1171 479 ἐδέου
1185 438 1442 517 διηγήσεως.

92 500 167 542 ἐὰν
196 517 274 556 μεν
302 505 382 544 οὐν
422 502 494 544 καὶ
523 501 604 555 ἐγὼ
643 510 722 544 σοῦ
762 501 1107 582 ἀποκρινομένου
1146 519 1203 556 μη
1243 502 1321 556 ε’χω
1353 502 1376 544 ὅ
1404 517 1443 542 τι

91 567 330 620 χρήσωμαι,
370 567 565 609 οἷπότεινε
594 568 664 609 καὶ
692 568 746 608 σὺ
785 569 942 621 λόγον
986 567 1060 608 ἐὰν
1101 567 1146 608 δὲ
1175 566 1275 621 ε’χω,
1317 566 1363 609 εά
1393 582 1441 621 με
1473 577 1555 618 466

89 636 292 685 χρῆσθαι·
335 633 502 674 δίκαιον
528 633 621 685 γάρ.
660 632 730 674 καὶ
766 637 850 674 νῦν
889 634 1022 686 ταύτῃ
1060 640 1110 687 τῇ
1149 633 1369 685 ἀποκρίσει
1408 632 1446 672 εἴ

89 712 128 737 τι
156 696 258 750 ε’χεις
284 701 484 751 χρῆσθαι,
512 700 611 751 χρῶ.

174 762 280 820 Cap.
310 763 439 806 XXI.
500 765 648 804 ΠῼΛ.
697 766 746 805 Τί
795 760 875 805 οὖν
915 764 1029 817 φι]ς;
1079 764 1276 805 κολακεία
1326 764 1443 804 δοκεῖ

89 839 157 870 σοι
184 833 295 870 εἰναι
322 829 350 883 ἦ
382 830 606 883 ρητορική;

88 1016 244 1049 Indidem
272 1027 390 1049 rursus
422 1014 639 1056 ὀψοποιικῶν
670 1015 869 1058 scripsimus
909 1026 969 1057 pro
1001 1013 1267 1058 ὀψοποιητικῶν.

658 831 762 869 ΣΩ.
799 829 1032 877 Κολακείας
1073 845 1151 882 μεν
1190 825 1270 870 οὖν
1312 826 1441 881 ἔγωγε

88 891 211 936 εἷπον
249 895 412 949 μόριον.
452 891 538 935 ἀλλ’
579 891 632 935 οὐ
671 895 949 947 μνημονεύεις
989 897 1235 947 τηλικοῦτος
1275 895 1360 938 ὤν.

1408 896 1441 934 ὠ

1324 1016 1440 1048 Verba

85 1059 246 1104 ὑγιεινῶν
269 1062 323 1094 καὶ
349 1062 529 1094 Dobrae'us
553 1061 736 1093 Adversar.
761 1062 784 1093 Ι.
811 1072 841 1103 p.
869 1059 946 1093 153.
970 1060 1115 1093 delenda
1140 1066 1266 1093 censet.

154 1125 193 1156 E.
228 1122 393 1166 συχνὸν
424 1122 557 1165 λόγον
587 1121 720 1166 cinon]

770 1123 812 1154 V.
844 1120 980 1164 μακρὸν
1005 1124 1048 1158 λ..
1083 1123 1173 1164 quod
1207 1123 1336 1156 habent
1360 1124 1437 1156 Par.

86 1170 161 1202 EF.
186 1169 276 1202 Flor.
301 1179 330 1202 e.
354 1170 376 1201 f.
403 1180 429 1201 s.
476 1170 600 1201 Veram
624 1169 805 1202 lectionem
831 1169 900 1199 iam
925 1169 1002 1199 Bas.
1029 1167 1060 1200 2.
1085 1173 1208 1200 tuetur.

156 1229 291 1263 οὐδὲν
315 1227 409 1265 οἶός
435 1229 458 1263 τ’
485 1225 611 1274 ἦσθα]
639 1228 662 1261 τ’
688 1231 792 1273 vulgo
817 1230 1012 1273 neglectum
1037 1240 1115 1261 oum
1141 1230 1257 1262 Clark.
1282 1234 1315 1262 et
1338 1230 1437 1262 Bodl.

90 1276 244 1318 plerique
269 1287 387 1309 omnes
411 1280 559 1309 tuentum.

158 1333 234 1374 ἔχω
267 1331 286 1363 ὅ
320 1345 354 1364 τι
377 1330 620 1375 χρήσωμαι]
657 1329 825 1374 χρήσομαι
858 1331 961 1363 Coisl.
989 1331 1075 1363 Ven.
1104 1330 1175 1362 ΞΣ.
1206 1332 1283 1362 Par.
1306 1331 1436 1363 EVW.

87 1377 178 1410 Flor.
203 1377 234 1409 b.
261 1389 294 1409 x.
330 1378 426 1411 Bodl.
452 1377 551 1409 Vind.
579 1376 609 1410 7.
634 1379 773 1409 Meerm.
823 1377 888 1409 Sed
913 1377 945 1408 h.
977 1376 998 1407 1,
1034 1377 1278 1409 coniunctivus
1302 1380 1439 1419 propter

87 1423 178 1455 istud
203 1421 266 1455 ἐὰν
289 1421 334 1465 μὴ
358 1423 420 1464 ἔχω
445 1423 576 1465 positus
602 1428 662 1455 est.

88 1518 137 1549 bit
153 1518 429 1550 Hermannus
447 1517 490 1550 ad
506 1517 649 1550 Lucian.
674 1518 727 1549 De

88 1562 320 1595 conscribend.
343 1563 462 1595 histor.
486 1573 519 1604 p.
552 1561 627 1594 112.
675 1563 728 1594 De

87 1609 315 1651 Anaxagoreo
356 1607 421 1640 hoe
452 1607 541 1640 dicto
571 1607 640 1639 vid.
686 1607 728 1639 ad

86 1653 213 1686 Phaed.
237 1664 270 1696 p.
295 1651 347 1685 72.
373 1653 409 1685 C.

135 1742 186 1774 σὺ
209 1739 288 1786 γὰρ
315 1740 480 1774 τούτων
505 1741 723 1784 ἔμπειρος]

87 1789 206 1820 nosti
235 1788 346 1820 enim
379 1792 425 1819 tu
455 1787 559 1819 haec
591 1787 726 1829 placi—

86 1837 138 1865 ta.
188 1829 726 1887 8011011αεῢαει41αξαγορειο

86 1877 151 1920 γὰρ
180 1872 224 1920 ἦν
249 1881 285 1920 τῇ
316 1877 516 1919 προαιρέσει
546 1875 564 1909 ὁ
593 1877 723 1913 Πῶλος,

87 1921 247 1964 καθάπερ
295 1920 314 1953 ὁ
360 1923 512 1965 Γοργίας
560 1920 725 1961 ’Eune-66-

87 1969 204 2001 κλειος.
244 1969 315 2000 Imo
340 1968 445 1999 Polus
469 1967 595 1999 dicitur
619 1968 724 1999 omni-

86 2024 130 2045 no
154 2013 276 2045 talium
306 2023 418 2044 rerum
450 2023 519 2044 non
548 2014 726 2054 imperitus

87 2068 172 2097 esse,
196 2061 312 2100 utpote
338 2058 486 2099 Gorgiae
511 2058 652 2090 assecla.

133 2144 186 2179 ὥς
212 2146 362 2178 ἐκεῖνο
397 2146 443 2178 ἑν
470 2145 639 2189 σώματι]
678 2157 725 2178 se.

87 2189 324 2232 ἀντίστροφόν
358 2190 426 2223 ἐστι
451 2194 507 2233 τῆς
534 2189 724 2233 ῥητορικῆς.

87 2237 255 2268 Neutrum
282 2236 396 2268 ἐκεῖνο
421 2237 565 2268 refertur
581 2237 623 2268 ad
641 2234 725 2275 ὀψο-

89 2284 218 2319 ποιιάς,
251 2281 292 2313 de
324 2292 390 2323 quo
414 2281 578 2323 loquendi
602 2292 726 2323 genere

87 2337 119 2357 v.
149 2328 190 2358 ad
224 2327 396 2358 Phaedon
493 2325 546 2358 88.
580 2328 620 2358 A.
673 2327 725 2357 De

88 2372 171 2413 Rep.
178 2372 204 2403 I.
214 2382 245 2413 p.
254 2370 331 2404 353.
356 2373 398 2403 D.
424 2371 558 2402 Deinde
583 2382 625 2402 ne
651 2372 726 2412 quis

86 2414 215 2448 ἄτοπόν
248 2428 273 2448 τι
306 2419 476 2457 πεποίηκα
510 2416 727 2448 scribendum

88 2462 256 2503 opinetur,
278 2471 311 2492 v.
335 2461 560 2493 Heindorf.
586 2461 628 2493 ad
653 2461 683 2492 h.
705 2461 726 2492 l.

88 2512 121 2538 et
138 2506 181 2538 ad
192 2505 308 2547 Euthy
311 2505 396 2537 dem.
410 2505 528 2548 p.391.
545 2505 727 2538 Boeekh.

88 2551 124 2582 in
150 2551 235 2582 Min.
258 2561 291 2592 p.
317 2549 392 2582 112.
410 2517 651 2582 pMatthiae.
686 2550 727 2581 ad

88 2596 205 2637 Eurip.
244 2595 354 2627 Orest.
393 2606 424 2628 v.
460 2594 556 2635 4ΟΟ.,
604 2596 728 2637 quibus

87 2640 173 2672 adde
197 2643 312 2672 nostra
343 2640 386 2672 ad
410 2640 565 2682 Sympos.
595 2652 627 2682 p.
653 2639 729 2672 175.

89 2686 129 2717 Β.
151 2685 294 2716 Phaedr.
326 2695 358 2726 p.
383 2683 460 2718 274.
485 2685 522 2718 C.
554 2685 728 2717 Phaedon.

158 2797 230 2822 Plat.
249 2797 320 2828 Opp.
340 2797 402 2822 Vol.
420 2797 457 2821 11.
478 2796 552 2822 Sect.
571 2797 594 2821 I.

842 1517 881 1548 E.
921 1514 1055 1549 αὐτὸς

798 1559 1051 1604 ἀποτέτακα]

798 1606 962 1660 Iosophus
993 1607 1095 1638 etiam
1126 1607 1274 1648 Sophist.
1304 1618 1336 1649 p.
1360 1606 1437 1639 217.

796 1653 844 1683 D:
871 1651 1028 1683 ἐκτειιαι
1032 1664 1068 1683 τα
1084 1649 1319 1693 ἀποαηκύιειν
1334 1651 1437 1694 λόγοι-

797 1695 942 1737 [nxz-61,
968 1701 1001 1728 et
1024 1697 1113 1728 infra
1137 1707 1168 1738 p.
1194 1696 1270 1729 519.
1294 1698 1333 1729 Ε.
1358 1699 1437 1729 Fre-

795 1742 954 1783 quentius
1000 1746 1051 1773 est
1095 1739 1294 1774 άποτειιειι
1332 1741 1436 1785 λόγοι·

794 1785 938 1827 μακρόι.
1000 1787 1177 1829 Protagor
1210 1798 1243 1829 p.
1274 1786 1349 1821 361.
1385 1788 1434 1819 Α·

795 1830 862 1873 ἐγώ
887 1843 920 1863 τε
944 1831 999 1862 καὶ
1021 1830 1062 1863 σὺ
1080 1831 1215 1872 μακρὸι
1233 1830 1336 1874 λόγοι
1358 1831 1434 1864 ἑκά-

796 1888 892 1917 τερος
917 1874 1154 1915 ἀπετειίαμει.
1192 1877 1277 1908 Ibid.
1302 1888 1333 1919 p.
1357 1876 1433 1910 335.

795 1922 843 1953 C:
885 1926 1092 1961 παραμεῐιαι
1123 1919 1339 1953 dzozemwom
1374 1934 1434 1960 μα-

795 1966 903 2007 κροὺς
933 1964 1065 2008 λόγους.
1128 1968 1179 1998 De
1218 1968 1364 2009 Republ.
1404 1978 1434 2009 p.

794 2011 870 2044 605.
903 2013 944 2042 D.
999 2012 1104 2043 Plura
1145 2012 1274 2043 dabunt
1315 2014 1434 2044 Hem-

795 2057 980 2088 sterhus.
1021 2056 1063 2088 ad
1094 2057 1236 2088 Luoian.
1271 2059 1309 2089 Τ.
1344 2058 1370 2089 Ι.
1402 2068 1434 2098 p.

795 2100 871 2134 459.
905 2101 954 2133 ed.
983 2102 1057 2143 Bip.
1091 2108 1124 2133 et
1154 2103 1358 2133 Boisson.
1392 2102 1433 2133 ad

795 2147 954 2178 Philostr.
979 2147 1115 2178 Heroie.
1145 2157 1176 2188 p.
1203 2146 1279 2179 645.

1102 1527 1150 1548 σι
1161 1529 1177 1558 χ
1192 1514 1267 1548 ι’ὸν
1308 1515 1437 1559 λόγον

1107 1562 1164 1593 Sic
1188 1562 1340 1603 loquitm·
1363 1563 1437 1604 phi-

839 2226 1037 2277 χρῆσθαι·
1086 2239 1127 2276 τῇ
1183 2234 1432 2277 ἀποκρίσει]

796 2281 839 2311 H.
865 2292 893 2312 e.
926 2280 1176 2319 nesciebas,
1211 2281 1314 2322 quid
1346 2293 1434 2314 mea

796 2326 1088 2367 responsione
1112 2326 1292 2358 faceres

842 2415 923 2456 Cap.
957 2415 1050 2446 XXI.
1092 2417 1128 2446 Ρ.
1160 2413 1236 2447 466.
1303 2416 1432 2447 Κολα-

798 2471 921 2492 netas
947 2459 1024 2498 μὲι
1050 2460 1097 2491 σι’
1109 2472 1127 2490 1
1152 2460 1298 2503 ἔγωγε]
1348 2461 1434 2492 11110

797 2515 874 2547 ego
929 2505 1103 2545 quidem
1157 2505 1434 2537 adulationis

797 2549 1067 2591 palticulain
1106 2550 1212 2581 dixi.
1279 2551 1330 2582 De
1370 2551 1434 2593 hae

797 2593 1047 2636 significatione
1064 2595 1265 2626 vocularum
1290 2595 1353 2633 μὲν
1370 2595 1436 2626 οὐν

798 2650 829 2670 v.
855 2639 898 2670 ad
923 2639 1077 2681 Sympos.
1108 2650 1139 2681 p.
1164 2638 1240 2671 201.
1266 2640 1303 2671 C.
1337 2644 1368 2670 et
1393 2639 1437 2670 ad

799 2684 928 2716 Criton.
953 2695 984 2725 p.
1008 2683 1063 2716 44.
1088 2685 1124 2716 B.
1158 2691 1190 2716 et
1222 2685 1311 2716 conf.
1347 2685 1438 2715 infra

798 2740 828 2770 p.
853 2728 929 2760 466.
956 2730 995 2760 E.
1019 2728 1095 2762 470.
1120 2730 1158 2761 B.

1130 2795 1172 2828 10
