1687 2969
548 149 589 154 —-
661 129 765 166 XLIII
838 150 875 153 —

40 240 257 294 Quocirca
294 241 391 283 illos
431 247 598 283 tantum
629 242 847 297 sapienter
878 241 1019 282 colere
1051 257 1239 283 amorem
1270 242 1383 283 arbi-

39 303 200 352 tratur,
244 298 318 353 qui
357 298 507 354 pulcra
549 299 788 354 conspicati
826 314 911 339 non
950 297 1156 339 haereant
1208 299 1253 340 in
1300 314 1386 339 una

40 370 270 410 corporum
298 361 527 398 venustate
555 354 819 409 admiranda,
853 354 930 396 sed
950 354 1224 409 animisssuis
1257 356 1385 397 altius

40 412 262 454 evolantes
305 411 493 453 divinam
523 411 804 453 recordentur
829 412 1023 452 idearum
1053 411 1386 467 pulcritudinem

39 468 225 524 ideoque
265 485 410 510 earum
441 468 584 511 studio
622 469 683 510 ita
726 469 893 510 incensi
924 469 1022 522 sint,
1056 474 1103 509 ut
1133 469 1260 510 etiam
1291 469 1388 524 pul-

42 525 299 568 critudinem
337 526 381 566 in
409 525 662 581 corporibus
692 525 931 566 radiantem
961 541 1057 567 cum
1100 531 1250 567 sancta
1282 541 1387 581 qua-

43 582 141 624 dam
168 583 412 624 reverentia
430 582 683 624 intueantur
707 582 877 624 divinae
906 582 1020 624 vitae
1051 597 1274 624 memores.
1305 584 1388 624 At·-

45 654 128 694 que
146 638 229 680 hoc
246 639 340 695 ipso
359 638 503 681 studio
522 639 828 695 adipiscendae
859 639 1053 680 veritatis
1076 638 1388 695 intelligentiae

44 702 87 737 et
116 696 420 737 instaurandae
450 695 643 737 idearum
674 695 987 738 recordationis
1017 696 1106 737 vita
1126 696 1256 736 animi
1287 711 1388 737 vere

45 752 191 794 divina
233 758 275 794 et
314 752 563 795 immortalis
608 753 859 796 absolvitur.
939 753 1006 794 Eo
1049 753 1161 794 enim
1203 753 1390 794 efficitur

42 809 316 852 beatissimus
355 810 492 866 ipsius
522 810 653 851 animi
683 816 943 862 concentus,
976 809 1187 865 siquidem
1220 825 1270 851 eo
1302 825 1392 851 om-

42 882 119 909 nes
149 866 287 922 ipsius
315 867 428 909 vires
458 867 502 908 in
533 867 808 909 concordiam
837 866 1114 923 rediguntur,
1147 881 1277 920 quum
1307 867 1393 907 ira-

47 923 205 966 cundia
236 930 280 964 et
309 923 523 979 cupiditas
554 924 733 978 rationi,
776 939 886 979 quae
918 930 983 965 est
1012 939 1112 979 pars
1145 925 1235 965 eius
1268 939 1392 979 prae.-

47 980 323 1033 stantissima,
357 979 559 1022 obediant
590 986 633 1022 et
662 981 985 1037 obtemperent,
1027 980 1142 1022 unde
1173 996 1276 1021 vera
1306 981 1392 1022 vir-

47 1043 118 1079 tus
170 1043 214 1078 et
268 1037 480 1094 sapientia
531 1037 786 1091 efflorescit,
847 1045 892 1079 ut
953 1037 1229 1093 philosophia
1277 1044 1393 1079 recte

48 1093 134 1135 dici
163 1094 303 1149 possit
345 1094 530 1135 maxima
561 1095 774 1136 musica
805 1105 847 1136 et
878 1094 1161 1150 philosophus
1194 1094 1305 1135 idem
1337 1095 1393 1135 sit

49 1166 149 1192 vere
195 1166 421 1192 ιωυσικπι..
452 1167 492 1192 v.
525 1151 748 1192 Phaedon.
781 1168 822 1207 p.
856 1153 921 1192 61.
953 1152 1009 1192 A.
1040 1151 1186 1206 ibique
1219 1167 1317 1192 ann.
1351 1157 1393 1192 et

47 1206 234 1249 Phaedr.
265 1223 307 1263 p.
349 1208 445 1249 248.
477 1207 534 1249 D.
565 1209 640 1250 ubi
670 1208 757 1249 vid.
789 1214 1065 1249 commentar.
1097 1208 1193 1250 coll.
1225 1224 1266 1263 p.
1299 1209 1393 1250 249.

48 1264 104 1306 A.
144 1262 239 1319 sqq.
296 1263 497 1305 Indidem
536 1265 664 1306 etiam
704 1266 897 1307 nascitur
933 1279 1142 1320 generosa
1182 1264 1393 1320 quaedam

50 1321 180 1362 animi
229 1320 435 1375 altitudo,
487 1337 599 1377 quae
652 1328 794 1378 spreta
834 1328 876 1363 et
925 1327 1143 1363 contemta
1191 1337 1394 1364 sensuum

51 1389 94 1420 et
149 1377 435 1434 cupiditatum
488 1379 729 1420 humilitate
786 1394 925 1433 usque
967 1379 1082 1420 celsa
1134 1385 1300 1420 tantum
1353 1385 1395 1420 et

48 1435 277 1491 magnifica
314 1441 504 1491 spectat,
557 1435 910 1491 quandoquidem
961 1437 1129 1476 animus
1181 1436 1235 1477 ad
1275 1435 1394 1477 ideas

49 1507 284 1534 conversus
314 1508 549 1548 numquam
569 1493 684 1534 humi
706 1493 900 1535 abiectus
933 1499 1011 1546 est,
1043 1492 1119 1534 sed
1150 1494 1234 1534 alte
1267 1493 1397 1534 sentit

50 1555 180 1604 atque
219 1549 385 1604 cogitat
422 1549 609 1604 ideoque
655 1550 798 1592 omnia
849 1548 994 1590 studia
1037 1556 1080 1590 et
1120 1550 1299 1592 consilia
1342 1549 1397 1590 ad

50 1605 170 1662 leges
220 1604 445 1647 divinioris
494 1607 730 1662 sapientiae
781 1607 994 1662 gubernat
1046 1613 1087 1647 et
1136 1606 1395 1649 moderatur.

50 1662 135 1704 Est
159 1662 271 1704 enim
292 1662 455 1704 homini
474 1663 550 1704 tali
571 1663 715 1704 studio
740 1662 886 1704 dedito
914 1663 1152 1704 similitu
1167 1663 1194 1705 d
1209 1680 1232 1705 o
1255 1663 1397 1718 (ὁμοι-

53 1719 176 1774 ωσις)
209 1733 324 1760 cum
355 1718 450 1761 deo
480 1721 728 1776 proposita,
763 1726 811 1761 ut
840 1735 920 1761 nec
951 1719 996 1760 in
1027 1719 1212 1762 dicendo
1243 1736 1323 1762 nec
1355 1721 1399 1761 in

52 1775 220 1832 agendo
261 1775 378 1817 aliud
419 1776 524 1831 quid
555 1783 774 1832 sequatur,
808 1791 936 1832 quam
970 1776 1086 1831 quod
1118 1776 1198 1818 ‹leo
1230 1784 1399 1834 gratum

54 1840 97 1875 et
135 1839 362 1889 acceptum
401 1834 481 1888 sit,
515 1833 711 1889 adeoque
746 1849 843 1876 vere
877 1834 946 1889 pie
991 1839 1225 1889 sancteque
1266 1835 1399 1876 vitam

54 1905 182 1946 agere
223 1889 407 1932 studeat.
458 1907 499 1933 v.
553 1891 777 1932 Theaetet.
822 1908 862 1947 p.
907 1891 1000 1932 176.
1046 1890 1099 1931 B.
1141 1917 1194 1921 -
1237 1891 1290 1932 E.
1330 1891 1401 1933 De

53 1946 238 2003 Republ.
264 1947 346 1989 IV.
367 1963 408 2002 p.
434 1949 529 1989 500.
553 1946 604 1990 C.
624 1948 681 1989 D.
713 1948 774 1989 X.
806 1965 848 2004 p.
881 1949 978 1990 613.
1009 1948 1065 1990 Α.
1088 1948 1231 2005 Legg.
1263 1948 1341 1989 IV.
1358 1965 1399 2004 p.

54 2005 149 2045 716.
180 2003 233 2044 Β.
267 2002 318 2045 C.
348 2003 572 2046 Phaedon.
594 2022 634 2061 p.
656 2007 722 2047 64.
763 2006 819 2046 A.
843 2006 908 2046 69.
934 2005 986 2046 Β.
1014 2006 1081 2046 81.
1123 2006 1178 2046 A.
1212 2004 1398 2046 Phaedr.

52 2077 93 2116 p.
135 2061 230 2104 273.
270 2061 323 2102 Ε.
384 2060 658 2117 Quamquam
687 2061 742 2103 ad
781 2062 893 2104 hanc
931 2068 1095 2102 tantam
1127 2065 1284 2103 amoris
1316 2063 1401 2103 vir-

53 2122 190 2159 tutem
220 2132 270 2158 ac
297 2119 605 2174 praestantiam
622 2119 719 2175 ipso
739 2119 924 2161 Platone
956 2118 1097 2160 iudice
1129 2135 1215 2160 non
1238 2119 1399 2171 statim,

55 2173 133 2215 sed
167 2173 433 2230 pedetentim
471 2175 641 2220 demum
682 2176 956 2232 pervenitur,
998 2181 1046 2216 ut
1087 2175 1209 2230 quasi
1240 2175 1401 2231 gradus

58 2229 231 2284 quidam
274 2231 381 2287 sint,
423 2248 501 2289 per
539 2248 647 2288 quos
697 2233 753 2275 ad
790 2233 907 2274 illam
953 2232 1177 2288 paullatim
1228 2231 1404 2274 escendi

59 2285 225 2328 debeat.
285 2288 355 2330 De
396 2305 482 2344 qua
510 2305 555 2331 re
585 2290 832 2345 praeclarus
873 2295 941 2330 est
969 2289 1089 2330 locus
1124 2287 1326 2345 Sympos.
1359 2305 1402 2345 p.

61 2343 154 2385 206.
183 2344 236 2386 B.
260 2370 314 2375 —
346 2347 456 2400 212,
488 2347 562 2389 ubi
594 2347 788 2389 Diotima
818 2345 1025 2387 describit
1053 2345 1169 2387 viam
1199 2352 1242 2387 et
1271 2346 1404 2387 ratio-

61 2414 172 2453 nem,
204 2416 313 2455 quae
343 2403 533 2444 ineunda
563 2404 641 2459 sit,
689 2420 775 2459 quo
805 2402 1029 2459 paullatim
1070 2418 1095 2443 a
1134 2403 1404 2460 singulorum

62 2471 286 2511 corporum
317 2461 679 2516 contemplatione
711 2460 766 2503 ad
803 2461 941 2516 ipsam
971 2459 1274 2516 pulcritudinis
1307 2475 1404 2516 spe-

62 2513 168 2554 ciem
198 2515 392 2558 omnibus
422 2518 611 2560 numeris
651 2518 892 2560 absolutam
921 2517 1211 2572 perveniatur3
1244 2533 1403 2558 memo-

60 2569 218 2611 rabiles
257 2570 358 2612 item
396 2574 480 2616 loci
520 2581 619 2617 sunt
659 2573 844 2616 Phaedr.
888 2590 928 2629 p.
969 2575 1062 2615 ⁶249.
1093 2575 1148 2614 A.
1182 2589 1275 2629 sqq.
1307 2574 1402 2615 250.

62 2626 116 2667 A.
150 2652 202 2657 —-
234 2628 329 2669 253.
360 2630 411 2671 E.
442 2631 538 2674 coll.
569 2632 708 2687 Legg.
740 2630 868 2672 VIII.
903 2646 942 2686 p.
965 2632 1061 2672 837.
1092 2630 1143 2671 B.
1177 2657 1229 2660 —
1256 2631 1311 2671 D.
1335 2630 1405 2670 De

62 2683 169 2740 Rep.
202 2683 280 2725 IV.
310 2699 351 2740 p.
384 2689 478 2730 403,
513 2689 566 2729 Α.
600 2686 693 2742 sqq.
727 2687 805 2728 VI.
838 2703 879 2743 p.
912 2689 1005 2729 400.
1039 2687 1090 2727 A.
1123 2687 1174 2732 B,
