1687 2969
578 146 620 149 —
693 123 799 162 cxnl
871 144 913 149 ——

79 246 145 282 est
193 253 246 280 ex
298 237 588 280 celeberrimis
636 244 766 294 atque
803 236 1155 279 luculentissimis
1203 234 1426 278 doctrinae

78 295 398 353 Pythagoricae
428 294 624 360 vestigiis
653 295 697 338 in
716 293 917 337 Phaedro
949 293 1220 344 extantibus3
1243 293 1424 335 alterum

75 353 307 407 repetitum
343 358 411 394 est
453 368 478 394 a
518 358 607 394 Vita
641 367 691 394 ac
741 350 896 394 studiis
934 350 1167 404 Isocratis,
1215 350 1338 392 cuius
1380 350 1423 391 in

74 407 276 451 Phaedro
307 409 569 451 mentionem
608 408 810 450 iniectam
841 421 938 449 esse
981 407 1065 448 iam
1107 407 1150 448 in
1192 407 1425 463 superiori-

75 466 156 508 bus
187 465 585 508 animadvertimus„
640 466 708 507 De
741 465 806 507 his
837 464 970 521 igitur
988 463 1253 520 argumentis
1283 463 1425 505 adhuc

74 523 222 565 licebit
251 523 401 579 paucis
440 538 677 578 exponere3
709 537 794 577 quo
826 522 941 563 facto
973 521 1027 562 ad
1059 536 1109 562 ea
1143 520 1426 562 examinanda

74 579 356 629 accedemus,
398 595 509 634 quae
547 578 602 621 ad
650 585 841 621 veterem
879 578 1125 634 opinionem
1167 578 1237 619 vel
1267 578 1427 619 confir-

75 636 276 678 mandam
306 652 356 678 ac
379 635 585 678 tuendam
634 636 704 678 vel
746 634 1046 678 illustrandam
1093 641 1224 690 atque
1272 634 1431 677 diluci-

76 693 264 735 dandam
304 693 350 735 in
379 693 567 735 medium
609 693 742 734 allata
771 699 897 746 sunt,
941 692 1102 748 quippe
1135 707 1318 746 quorum
1351 707 1425 733 va-

74 750 209 792 nitate
249 749 420 792 demum
460 749 754 792 demonstrata
793 749 910 792 haud
942 749 1073 791 dubie
1104 749 1296 790 futurum
1328 749 1424 803 erit,

73 813 123 848 ut
161 822 226 862 ea,
271 822 399 862 quam
428 822 509 849 nos
541 806 859 849 defendendam
890 806 1176 862 suscepimus,
1210 805 1424 848 sententia

74 864 198 906 firmo
249 864 336 906 talo
378 870 492 907 stare
533 864 810 907 existimetur.
879 862 1175 918 Aggredimur
1204 862 1338 919 igitur
1368 861 1423 904 ad

75 927 376 977 argumentum
406 921 550 978 prius,
595 920 712 976 quod
752 926 868 963 certe
900 918 1273 962 ad'dirimendam
1302 920 1422 962 litem

75 983 118 1019 et
147 978 485 1020 controversiam
514 993 601 1020 non
630 977 833 1034 exiguum
863 983 1125 1019 momentum
1156 977 1299 1019 faciet.

189 1034 354 1077 Narrat
383 1035 492 1076 enim
526 1033 723 1076 Cicero
761 1034 996 1076 identidem
1038 1034 1106 1075 De
1136 1034 1232 1076 Fin.
1264 1034 1320 1075 V.
1354 1035 1421 1075 29.

77 1091 207 1134 Tusc.
251 1091 335 1133 IV.
378 1093 442 1134 19.
475 1092 544 1134 De
575 1091 683 1148 Rep.
715 1091 750 1133 Ι.
786 1093 849 1133 10.
881 1091 975 1133 aliis
1006 1107 1092 1133 non
1126 1090 1422 1134 dissentienti-

76 1149 180 1202 bus,
226 1148 456 1190 Platonem
502 1148 804 1205 philosophiae
852 1148 1173 1204 Pythagoricae
1224 1148 1422 1189 notitiam

75 1205 385 1247 accuratiorem
417 1206 632 1262 susceptis
657 1205 828 1247 demum
858 1205 903 1245 in
946 1204 1116 1246 Italiam
1158 1212 1201 1246 et
1229 1204 1423 1247 Siciliam

72 1261 301 1304 itineribus
329 1262 412 1304 sibi
439 1263 771 1318 comparavisse,
812 1262 873 1303 ita
902 1268 964 1315 ut,
999 1276 1130 1316 quum
1161 1268 1289 1303 antea
1321 1261 1431 1305 So-

75 1324 285 1361 cratem
315 1319 729 1376 expressisset,
761 1319 845 1361 hoc
877 1325 956 1372 est,
990 1318 1182 1361 Socratis
1214 1325 1423 1374 sequutus

74 1380 189 1418 esset
226 1375 460 1430 rationem,
516 1380 649 1430 postea
689 1377 903 1417 adiunxerit
945 1377 1264 1429 Pythagoreorum
1305 1377 1421 1417 ‹lisci-

69 1434 214 1486 plinam
246 1436 377 1487 atque
412 1433 541 1476 etiam
572 1434 728 1474 Philolai
774 1437 851 1473 tum
903 1439 1105 1475 nactus
1156 1433 1228 1475 sit
1279 1447 1432 1475 com--

73 1495 256 1531 menta
271 1490 411 1545 rios,
450 1490 696 1533 hominibus
737 1490 1026 1547 Pythagoreis
1067 1496 1110 1531 et
1149 1489 1305 1532 studiis
1336 1491 1422 1533 illis

73 1546 202 1603 plane
222 1545 407 1590 deditus.
439 1546 636 1601 Quorum
667 1548 1011 1590 testimoniorum
1035 1546 1165 1589 fidem
1197 1553 1240 1588 et
1274 1554 1423 1590 aucto-

74 1604 244 1646 rita-tem
285 1603 359 1658 qui
397 1604 457 1645 ita
501 1605 669 1646 elevare
707 1603 990 1658 studuerunt,
1031 1612 1079 1645 ut
1119 1620 1141 1646 e
1172 1603 1422 1646 Phaedonis

74 1660 171 1702 loco
212 1676 253 1716 p.
295 1663 362 1702 61.
393 1661 451 1702 D.
484 1660 640 1703 docere
672 1661 816 1703 conati
848 1660 957 1714 sint,
999 1659 1301 1717 philosophiae
1332 1662 1422 1718 Py-

71 1716 322 1773 thagoricae
359 1717 552 1759 notitiam
582 1718 681 1760 vivo
715 1717 855 1759 adhuc
902 1717 1082 1760 Socrate
1115 1733 1145 1759 a*
1170 1717 1350 1761 Simmia
1380 1730 1423 1760 et

75 1772 240 1816 Cebete
289 1774 489 1817 Athenas
538 1790 632 1817 esse
676 1775 907 1832 perlatam,
953 1774 983 1815 ii
1030 1790 1182 1831 parum
1220 1774 1424 1817 videntur

71 1830 340 1887 reputavisse
378 1847 459 1873 nec
499 1831 749 1875 Phaedonis
788 1832 931 1873 locum
978 1830 1024 1872 id
1072 1831 1288 1874 luculente
1333 1839 1424 1874 tes-

73 1887 157 1929 tari
214 1903 294 1930 nec
359 1886 614 1931 Ciceronem
672 1889 866 1945 aliosque
914 1888 997 1930 ista
1054 1889 1252 1945 repetitis
1317 1890 1421 1932 vici-

73 1945 154 1987 bus
192 1945 327 1988 fuisse
369 1952 647 2001 narraturos,
687 1946 772 1988 nisi
811 1944 1117 2002 locupletiores
1157 1946 1248 1988 eius
1277 1962 1424 1988 narra-

68 2001 203 2044 tionis
241 2007 439 2045 auctores
478 2002 757 2058 habuissent,
797 2003 840 2044 in
885 2003 1041 2057 quibus
1081 2002 1255 2045 videtur
1294 2004 1423 2046 etiam

73 2058 334 2102 Aristoteles
366 2059 513 2102 fuisse.
572 2060 669 2103 Nec
709 2076 811 2102 vero
849 2060 911 2100 illi
951 2058 1187 2114 quidquam
1227 2061 1425 2116 profece-

67 2122 201 2169 runt,
245 2116 319 2171 qui
366 2131 420 2158 ex
458 2116 646 2159 Politico
686 2123 729 2159 et
777 2116 1037 2159 Parmenide
1077 2116 1422 2159 demonstratum

74 2171 270 2226 iverunt,
310 2173 539 2215 Platonem
578 2174 663 2216 iam
693 2180 858 2216 mature
897 2173 1218 2229 Pythagoricae
1250 2174 1431 2231 sapien--

74 2227 159 2269 tiae
200 2229 397 2271 notitiam
437 2230 665 2286 habuisse,
700 2231 861 2287 quippe
893 2231 1015 2272 cuius
1047 2230 1232 2286 vestigia
1261 2231 1305 2272 in
1335 2231 1420 2273 illis

74 2283 194 2327 libris
233 2292 380 2328 extent
417 2288 657 2331 manifesta.
726 2288 897 2343 Nempe
938 2286 990 2328 de
1031 2286 1098 2328 his
1139 2287 1243 2342 quid
1275 2288 1427 2330 existi-1

74 2340 277 2384 mandum
317 2344 400 2397 sit,
441 2345 610 2400 patebit
651 2361 705 2387 ex
753 2345 958 2400 Prolegg.
1010 2344 1169 2387 nostris
1212 2343 1268 2386 ad
1308 2345 1430 2388 Plat..

76 2395 193 2461 Qpp.
247 2397 283 2440 I.
321 2417 363 2456 p.
401 2401 512 2445 XX.
554 2401 620 2443 ed.
667 2408 765 2444 tert.
834 2401 988 2455 Itaque
1035 2399 1165 2443 fidem
1216 2401 1431 2445 historiae¹

75 2469 111 2495 Sl
165 2470 252 2496 non
297 2461 456 2500 temere
494 2458 691 2501 deserere
730 2457 1008 2511 voluerimus,
1040 2463 1155 2500 certe
1194 2459 1320 2503 nobis
1359 2460 1422 2501 ita

73 2511 450 2569 persuadebimus,
490 2522 539 2557 ut
579 2516 808 2558 Platonem
848 2514 1138 2557 existimemus
1178 2532 1256 2572 per
1294 2517 1429 2573 primi

75 2568 247 2610 demum
276 2568 439 2613 itineris
470 2572 515 2613 in
546 2572 717 2614 Italiam
747 2571 993 2613 inferiorem
1025 2578 1068 2613 et
1101 2571 1293 2615 Siciliam
1325 2589 1420 2617 sus-

75 2625 189 2681 cepti
230 2628 598 2682 opportunitatem
630 2629 940 2672 accuratiorem
972 2644 1072 2671 acce
1108 2628 1193 2672 isse
1226 2630 1422 2686 philoso-

72 2681 200 2737 phiae
231 2682 549 2739 Pythagoricae
588 2686 800 2739 notitiam,
836 2691 883 2726 ut
912 2685 1012 2728 inde
1039 2645 1104 2727 adJ
1125 2701 1229 2729 suae
1261 2687 1423 2730 doctri·

1106 2754 1150 2795 H
