1687 2969
424 154 831 200 PHAEDRUS.
864 157 914 197 P.

947 157 1030 196 ‘2450
1060 155 1122 198 St.
1370 155 1448 195 155

100 275 367 333 κτησάμενος
400 279 559 325 ἐκεῖνο,
605 271 743 324 οὕτως
782 274 853 328 ἐμὲ
888 271 1117 328 λαμβάνει.
1151 268 1250 315 τόδε
1289 269 1325 314 δ’
1369 264 1450 316 οὗν

98 349 207 400 μέγα
239 345 369 398 λέγω,
416 340 474 393 ὡς
515 338 621 385 ἄνευ
667 342 773 395 ἐμοῦ
819 340 877 394 τῷ
914 338 969 382 τὰ
1008 337 1117 382 ὄντα
1155 336 1290 383 εἰδότι
1324 338 1451 383 οὐδέν

98 429 142 455 τι
175 412 346 467 μᾶλλον
382 413 500 453 ἔσται
531 411 705 452 πείθειν
742 411 880 466 τέχνῃ.

202 479 335 521 ΨΑΙ.

205 544 305 587 ΣΩ.

100 614 287 669 τυρῶσιν
331 611 443 655 εἶναι
486 614 624 671 τέχνῃ.

408 475 578 520 Οὐκοῦν
614 477 758 518 δίκαια
796 478 881 530 ἐρεῖ
913 476 1096 528 λέγουσα
1131 475 1298 527 ταῦτα;

356 546 499 600 Φημί,
533 540 610 585 ἐὰν
647 546 693 585 οἴ
725 558 771 596 γε
801 540 996 590 ἐπιόντες
1031 538 1143 601 αὐτῇ
1180 540 1304 594 λόγοι
1341 558 1453 598 μαρ-

670 607 808 667 &saep
849 606 933 665 γὰρ
965 606 1144 651 ἀκούειν
1176 610 1286 651 δοκῶ
1321 625 1453 652 τινων

102 740 295 786 μαιθάιειι
330 741 507 784 βούλεταιε
541 740 633 783 quod
667 739 777 772 minus
812 740 934 781 placet
983 737 1059 772 Non
1093 738 1180 771 enim
1220 739 1354 772 dativus
1392 741 1457 773 iste

104 787 266 830 loquendi
294 787 534 820 consuetudini
561 786 743 819 convenire
770 785 913 817 videtur.

195 832 298 866 τόδε
322 832 357 866 6²
383 828 467 865 οὖν
491 834 600 875 μέγα
626 831 749 874 λέγω]
776 831 816 863 V.
842 829 880 862 τὸ
909 830 943 862 δ’
971 835 1045 870 ουί,
1073 830 1184 863 invitis
1210 832 1310 864 codd.
1337 833 1457 874 pleris-

103 891 172 923 que
191 880 360 914 omnibus.
387 879 544 912 Dativum
563 877 835 923 tipppraehuit
855 876 951 909 Bodl.
982 877 1022 912 B.
1040 877 1078 910 C.
1108 877 1196 911 Vett.
1223 878 1318 910 editt.
1347 881 1455 919 τέγιη

196 925 238 959 Ε.
288 924 463 959 Οὐκοῦν
488 924 636 957 δίκαια
667 941 704 947 —
731 922 902 965 ταῦτας]
934 923 1042 963 Vulgo
1069 922 1150 954 haec
1175 924 1322 965 Socrati,
1349 928 1383 956 et
1407 926 1456 956 vi-

105 971 221 1004 cissim
247 981 313 1013 que
338 974 525 1013 sequuntur
549 970 644 1013 Φημί
666 969 737 1004 κτλ
777 967 935 1001 Phaedro
959 969 1158 1001 adscribunt
1182 980 1291 1011 usqne
1316 970 1359 1002 ad
1386 982 1455 1006 πως

100 1017 154 1061 λέν
157 1028 271 1049 ουσιν·
261 1041 269 1056 ,

318 1016 449 1049 Mutavi
474 1020 660 1059 praeeunte
688 1015 869 1055 Bel-kero,
896 1015 989 1047 libris
1014 1014 1151 1056 scriptis
1176 1016 1454 1056 suffragantibus.

101 1063 152 1097 lta
177 1061 255 1095 nihil
283 1066 354 1103 est,
394 1072 455 1094 cur
486 1062 608 1094 verba:
643 1065 707 1092 τοῦ
731 1061 764 1093 δὲ
791 1060 899 1103 λέγειν
920 1080 962 1083 —
986 1062 1124 1104 γέιηται
1149 1071 1225 1094 cum
1251 1062 1456 1095 Heindorfio

100 1110 244 1151 aliisque
269 1118 330 1151 pro
353 1107 547 1140 subditiciis
573 1107 770 1140 habeamus.

102 1200 211 1242 Gorg.
237 1209 270 1242 p.
286 1197 365 1233 463.
383 1198 422 1231 Β.
440 1197 572 1231 Phileb.
593 1208 625 1240 p.
645 1197 688 1231 55
708 1197 747 1231 E.

102 1255 225 1278 nsum
251 1245 372 1278 nulia
407 1243 585 1276 ratione
618 1244 748 1276 colle-

102 1296 219 1324 ctum
274 1290 360 1323 dixit
409 1290 580 1332 Apulei.
630 1289 748 1321 Doctr.

101 1338 192 1372 Plat.
218 1337 259 1370 ll.
285 1347 317 1379 p.
337 1335 389 1371 16.
415 1335 468 1369 ed.
495 1335 583 1368 Elm.
609 1335 660 1367 De
684 1344 748 1367 usn

102 1392 179 1417 voc.
219 1380 326 1426 ὥςπερ
365 1392 397 1414 ν.
433 1380 672 1414 Heindorf.
704 1380 746 1413 ad

101 1427 278 1463 Phaedon.
303 1439 338 1471 p.
360 1425 434 1462 143.
460 1426 501 1459 ad
520 1427 647 1469 Cratyl.
668 1429 698 1468 ἓ.
716 1426 749 1460 3.

101 1474 284 1508 Hactenus
319 1473 423 1517 igitur
453 1473 567 1506 omnia
601 1477 679 1505 sunt
715 1473 747 1504 in

102 1519 205 1555 vado.
263 1519 333 1553 Sed
364 1528 452 1561 quae
489 1519 649 1561 deinceps
686 1517 748 1550 ad-

102 1567 307 1608 iunguntur,
341 1575 381 1597 ea
416 1568 494 1596 sunt
517 1564 748 1605 impeditiora.

103 1611 191 1645 Nam
226 1610 428 1644 Heindorfio
459 1608 618 1652 quidem,
648 1610 749 1641 item-

103 1667 171 1699 que
212 1654 526 1689 Schleiermachero
566 1659 600 1687 et
649 1655 748 1687 Astio

105 1706 216 1736 totum
232 1701 310 1743 hoc,
335 1701 426 1743 quod
450 1701 618 1742 sequitur,
645 1711 750 1733 enun-

107 1748 246 1781 tiatum:
271 1751 335 1779 τοῦ
360 1747 394 1780 δὲ
419 1746 525 1789 λέγειν
541 1766 585 1770 -
607 1744 750 1788 ὕστερον

105 1796 262 1837 γένηται,
291 1794 403 1826 visum
437 1797 490 1825 est
523 1792 749 1826 subditicium.

105 1840 212 1875 Quod
250 1844 363 1872 tamen
400 1837 510 1871 fateor
541 1837 619 1871 mihi
652 1848 751 1871 secus

109 1885 228 1919 videri.
277 1885 381 1918 Mitto
418 1884 566 1917 virorum
592 1885 751 1916 acutissi-

107 1941 244 1966 morum
274 1934 498 1973 argumenta‚
542 1940 584 1963 ne
617 1931 752 1972 longior

107 1977 297 2020 disputatio
332 1976 466 2009 evadat.
513 1975 598 2008 Nam
627 1981 750 2018 sponte

106 2034 146 2055 ea
183 2022 362 2056 concidant
404 2032 548 2054 necesse
582 2025 654 2062 est,
693 2023 749 2054 ubi

108 2069 378 2101 demonstratum
419 2067 522 2100 fuerit
555 2067 661 2100 verba
693 2068 749 2100 illa

108 2119 249 2157 propter
294 2114 399 2146 totius
447 2114 750 2155 argumentationis

108 2165 262 2193 tenorem
275 2161 367 2193 nullo
382 2158 486 2191 modo
499 2159 622 2191 abesse
634 2170 748 2201 posse.

106 2205 172 2238 Est
199 2204 333 2246 autern,
368 2205 429 2238 nisi
454 2204 572 2245 fallor,
612 2210 750 2237 senten-

109 2251 235 2284 tiarum
261 2251 343 2284 haec
367 2251 473 2284 series
503 2254 536 2282 et
561 2249 746 2283 cohaeren-

108 2296 163 2329 tia.
220 2297 402 2338 Concedo,
432 2296 539 2338 inquit
571 2296 749 2338 Socrates,

110 2341 313 2375 rhetoricam
338 2343 405 2375 ista
429 2343 541 2375 omnia
566 2346 661 2375 recte
687 2353 749 2385 pro

111 2397 173 2419 sua
207 2397 308 2420 causa
331 2389 453 2421 afferre
486 2398 609 2430 posse,
643 2389 750 2430 siqui-

111 2432 192 2465 dem
216 2433 245 2464 ei
271 2433 354 2465 artis
386 2443 509 2466 nomen
534 2434 748 2467 tribuendum

110 2479 164 2513 sit.
218 2478 292 2510 lam
327 2488 408 2511 vero
438 2483 535 2520 sunt,
573 2480 631 2520 qui
666 2479 751 2512 hanc
780 2488 784 2489 ⁷

110 2523 247 2558 laudem
270 2523 334 2566 ipsi
369 2524 508 2566 eripiant
534 2536 677 2567 eamque
701 2527 750 2558 ni-

110 2569 153 2603 hil
179 2579 259 2603 esse
277 2573 428 2601 statuant
444 2570 505 2602 nisi
518 2579 616 2603 usum
642 2582 750 2613 quen-

111 2616 189 2649 dam
202 2615 314 2648 omnis
327 2615 406 2646 artis
424 2620 610 2656 expertem.
643 2617 746 2651 Quod

111 2662 138 2694 si
178 2663 225 2694 ita
263 2660 385 2700 habet,
437 2662 654 2702 perspicuum
695 2669 749 2695 est

111 2717 176 2740 non
206 2711 300 2740 recte
334 2705 522 2738 rhetoricen
553 2708 615 2740 sibi
641 2709 747 2741 vindi-

107 2763 186 2786 care
212 2753 279 2786 veri
310 2751 484 2784 scientiam
521 2756 553 2785 et
579 2754 746 2795 cognitio-

814 1207 903 1230 nem.
952 1197 1037 1232 Nam
1065 1209 1144 1230 vera
1167 1201 1201 1230 et
1219 1208 1380 1239 germana
1406 1198 1456 1230 di-

815 1243 911 1275 cendi
936 1254 1011 1285 ars,
1047 1246 1097 1277 vel
1125 1244 1294 1286 Spartano
1332 1244 1456 1282 iudice,

814 1289 887 1322 sine
912 1290 1062 1324 veritatis
1089 1290 1226 1322 scientia
1252 1300 1317 1322 non
1344 1295 1459 1332 potest

815 1335 1018 1369 consistere.
1067 1336 1104 1368 Si
1140 1340 1253 1369 autem
1287 1336 1371 1368 artis
1396 1346 1457 1367 no-

816 1392 892 1414 men
918 1392 983 1414 non
1010 1386 1182 1421 meretur,
1217 1392 1280 1413 nec
1306 1382 1458 1414 veritatis

815 1427 965 1469 cognitio
1007 1433 1041 1460 et
1071 1428 1212 1460 scientia
1246 1428 1274 1460 ei
1318 1427 1458 1470 propria

816 1473 889 1506 erit.
940 1473 1040 1507 Haec
1067 1474 1168 1515 igitur
1184 1483 1287 1514 quum
1309 1474 1352 1506 sit
1379 1484 1459 1506 sen-

814 1519 996 1551 tentiarum
1027 1519 1274 1561 consequutio,
1301 1519 1456 1561 equidem

814 1565 871 1596 illo
896 1565 1128 1597 additamento
1153 1575 1255 1606 aegre
1280 1566 1458 1604 caruerint,

816 1620 883 1651 quo
908 1611 1010 1643 veluti
1037 1611 1067 1642 in
1092 1615 1309 1643 antecessum
1336 1611 1458 1652 signifi-

817 1661 931 1697 catur,
978 1656 1069 1697 quod
1102 1656 1265 1688 Socrates
1297 1656 1460 1698 deinceps

816 1703 1010 1734 accuratius
1052 1706 1104 1734 est
1152 1701 1460 1742 demonstraturus,

818 1746 1022 1780 rhetoricam
1049 1758 1123 1780 cum
1142 1747 1353 1790 philosophia
1378 1758 1460 1779 con-

817 1793 966 1826 iunctam
993 1804 1070 1826 esse
1090 1799 1265 1835 oportere,
1291 1794 1458 1835 siquidem

819 1839 904 1871 artis
924 1850 1047 1872 nomen
1060 1840 1149 1872 tueri
1167 1840 1262 1879 velit,
1286 1850 1395 1882 neque
1420 1840 1461 1872 il-

820 1886 884 1917 lam
911 1890 1020 1918 artem
1040 1885 1202 1928 appellari
1229 1886 1343 1926 licere,
1371 1896 1461 1927 quae

819 1941 838 1963 a
860 1932 1045 1973 sapientiae
1068 1931 1242 1972 disciplina
1267 1931 1460 1965 abhorreat.

819 1976 990 2020 Lepidum
1017 1982 1069 2010 est
1104 1982 1240 2016 autern,
1272 1977 1364 2019 quod
1393 1977 1461 2009 La-

818 2033 942 2056 conum
967 2024 1072 2056 utitur
1090 2023 1305 2056 testimonio:
1332 2034 1397 2065 qua
1422 2033 1460 2055 re

818 2068 897 2102 nihil
924 2069 1014 2101 aliud
1040 2069 1175 2101 videtur
1198 2068 1371 2108 indicare,
1398 2068 1459 2100 nisi

817 2113 901 2156 hoc,
926 2117 979 2148 vel
1005 2125 1141 2148 sensum
1169 2124 1380 2147 communem
1407 2119 1459 2146 at-

816 2171 882 2202 que
907 2162 1093 2193 naturalem
1121 2160 1164 2192 ad
1192 2159 1324 2192 dicendi
1349 2164 1458 2192 artem

816 2206 991 2247 requirere
1023 2207 1137 2238 solere
1172 2205 1241 2237 veri
1282 2206 1458 2238 scientiam

817 2255 852 2283 et
876 2252 1114 2293 cognitionem.
1171 2252 1282 2292 Atque
1314 2250 1397 2284 haec
1430 2251 1457 2283 si

817 2297 1038 2339 probabiliter
1081 2297 1346 2338 disputavimus,
1392 2297 1459 2330 iam

815 2342 955 2375 tandem
970 2343 1081 2375 mirari
1099 2342 1254 2375 desinent
1272 2343 1331 2375 viri
1352 2342 1456 2383 docti,

818 2399 877 2420 cur
898 2388 1060 2420 Socrates
1084 2388 1146 2421 hac
1171 2393 1287 2421 utatur
1309 2389 1459 2421 auctori—

819 2438 900 2466 tate.
917 2434 1208 2467 Narratiuncnlam
1222 2435 1266 2466 ΡΙ
1281 2438 1353 2467 uta
1365 2445 1406 2467 rc
1417 2434 1454 2466 hi

818 2491 850 2521 p.
868 2479 946 2513 233.
966 2480 1004 2511 Β.
1031 2491 1073 2512 ex
1100 2475 1163 2512 hoc
1187 2481 1262 2523 ipso
1280 2482 1354 2513 loco
1375 2491 1457 2512 con-

818 2527 928 2558 fictam
978 2530 1144 2567 putamus.
1216 2526 1354 2568 Quippe
1401 2526 1457 2558 ille

819 2571 902 2603 haec
927 2571 1049 2604 habet:
1081 2573 1372 2614 Illeyazmsofu‘vov
1404 2585 1456 2602 -ιι-

818 2615 877 2654 νὸς
902 2616 955 2648 ἐπὶ
982 2621 1019 2658 ti]
1043 2615 1203 2660 ῥητορικῇ
1229 2621 1350 2660 τέχνῃ,
1388 2616 1461 2647 εἶπέ

817 2675 869 2699 τις
899 2660 1042 2705 Λάκων,
1076 2662 1162 2695 ἀλλὰ
1204 2663 1241 2704 νὴ
1291 2661 1457 2707 τώὣΣιώ,

816 2710 913 2749 τέχνη
937 2707 1017 2739 ἄνευ
1049 2712 1111 2741 τοῦ
1142 2709 1316 2749 ἀληθείας
1343 2710 1460 2750 ἡφι9·ιιι

816 2753 897 2785 οὔτε
929 2755 999 2786 {ott
1034 2756 1115 2787 οὔτε
1149 2754 1283 2798 μήποτε
1309 2755 1454 2796 γείἠιαι.

1486 469 1525 512 [²3
