1687 2969
196 181 275 216 310
742 177 1002 215 PLATONIS

197 286 363 338 ἀγαθὸς
401 284 452 326 τὰ
490 285 682 327 πολιτικὰ
714 287 924 337 Περικλῆς
951 280 1005 337 ἧν
1035 283 1079 325 ἐκ
1109 284 1267 325 τούτου
1295 290 1372 325 τοῦ
1399 284 1543 336 λόγου.

202 352 336 390 ΚΑΛ
373 351 436 391 Οὐ
462 351 514 390 σύ
543 366 588 403 γε
619 352 716 404 φής
775 352 876 390 Σῼ.
906 350 986 390 Μὰ
1016 344 1101 396 Δί’,
1131 348 1229 389 οὐδὲ
1258 363 1305 401 γε
1334 348 1387 389 συ
1417 347 1456 398 ἐξ
1486 348 1547 388 ὡν

199 415 439 468 ὡμολόγεις.
499 417 639 455 Πάλιν
669 414 712 456 δὲ
740 414 832 468 λε’γε
862 431 933 468 μοι
959 413 1051 466 περὶ
1086 413 1307 466 Κίμωνος
1347 413 1426 454 οὐκ
1455 411 1547 463 ἐξω-

199 480 430 530 στράκισαν
451 478 584 520 αὐτὸν
614 474 746 526 οὗτοι,
778 476 854 527 οὓς
884 479 1156 531 ἐθεράπευεν,
1187 478 1257 518 ἴνα
1287 479 1419 518 αὐτοῦ
1448 477 1548 519 δέκα

200 544 306 585 ἐτῶν
345 542 401 596 μὴ
431 544 659 584 ἀκούσειαν
687 551 760 597 τῆς
791 551 964 597 φωνῆςς
1004 543 1071 584 καὶ
1106 542 1388 596 Θεμιστοκλέα
1416 542 1547 584 ταύτὰ

199 616 331 649 ταῦτα
361 607 564 661 ἐποίησαν
593 608 662 649 καὶ
692 615 810 662 φυγῇ
841 609 1205 661 προςεζημίωσανς
1233 609 1476 661 1Μιλτιαδην
1505 607 1549 649 δὲ

199 675 274 714 τὸν
296 672 340 713 ἐν
364 676 613 725 Μαραθῶνι
638 674 695 721 εἰς
713 674 759 713 τὸ
785 675 1012 726 βάραθρον
1041 672 1238 725 ἐμβαλεῖν
1267 672 1548 727 ἐψηφίσαντο,

200 738 269 779 καὶ
299 739 333 778 εἰ
362 739 418 791 μὴ
447 738 516 779 διὰ
545 739 620 778 τὸν
649 739 873 789 πρύτανιν,
906 737 1098 778 ἐνέπεσεν
1127 740 1203 786 cic'v3
1237 739 1388 779 Καίτοι
1418 732 1550 788 οὗτοι,

202 804 236 844 εἰ
264 799 374 856 ἦσαν
403 804 554 855 ἄνδρες
581 803 751 855 ἀγαθοί,
794 804 849 851 ὡς
880 804 932 843 oi)
962 804 1056 856 φῄς,
1101 803 1180 843 οὐκ
1209 805 1263 843 ἄν
1290 817 1390 843 ποτε
1418 810 1550 844 ταῦτα

202 866 398 921 ἔπασχον.
444 871 607 909 οὔκουν
645 868 690 908 οἵ
725 883 770 920 γε
810 868 967 921 ἁγαθοὶ
1008 868 1172 921 ἡνίοχοι
1200 864 1287 909 κατ’
1318 869 1448 922 οέρχὰς
1475 868 1552 921 μὲν

203 934 280 974 οὐκ
306 932 582 974 ἐκπίπτουσιν
603 932 646 973 ἐκ
668 935 754 973 τῶν
780 935 955 985 ζευγῶν,
987 932 1156 974 ἐπειδὰν
1185 932 1228 973 δὲ
1258 934 1553 984 θεραπεύσωσι

272 1078 313 1108 D.
363 1076 405 1117 ἐξ
430 1071 487 1108 (ὗν
512 1075 775 1119 ω’μολόγεις]
803 1075 981 1119 ὁμολογεῖς
996 1077 1082 1108 Ven.
1103 1076 1141 1108 Σ.
1175 1077 1277 1108 Vind.
1301 1076 1330 1109 2.
1357 1077 1387 1110 6.
1414 1076 1443 1110 7.
1476 1079 1553 1110 Par.

204 1123 269 1154 IV.
297 1128 329 1154 et
353 1133 402 1164 pr.
427 1133 469 1153 111.
496 1122 568 1153 BC.
595 1122 685 1153 Flor.
712 1133 740 1154 a.
766 1122 797 1152 b.
824 1132 850 1153 e.
876 1133 918 1153 m.
944 1134 976 1153 x.
1002 1123 1140 1153 Meerm.

275 1216 391 1253 φυγῇ
424 1223 445 1243 π
459 1213 707 1253 ροςεζημιίο
721 1222 768 1243 σα
782 1211 816 1254 ι’]
844 1212 959 1246 Herm.
987 1223 1071 1247 corr,
1096 1212 1296 1244 seiunctim:
1329 1210 1415 1253 πρὸς
1440 1211 1554 1254 ἐζημί-

251 1355 330 1389 οὖκ
385 1356 722 1398 ἐξωστράκισαν
777 1357 844 1400 -]

207 1403 344 1443 „Refert
368 1403 597 1434 Plutarch.
638 1403 774 1434 Cimoni
798 1403 847 1433 in—

207 1449 321 1479 fensos
349 1448 578 1479 Athenienses
612 1454 749 1489 propter
780 1452 848 1479 stu-

207 1493 301 1524 dium
336 1494 408 1524 eius
444 1503 525 1535 erga
558 1493 848 1524 Lacedaemonios

207 1542 239 1570 et
270 1538 485 1579 optimatium
518 1538 701 1570 factionem
727 1541 849 1579 μικρᾶς

209 1581 480 1624 ἐπιλαβομένους
499 1581 712 1623 προφάσεως
733 1583 847 1615 decem

208 1639 375 1659 annorum
408 1628 532 1659 exsilio
558 1628 648 1659 hunc
673 1628 848 1662 multasse.

209 1674 296 1704 Vide
340 1673 490 1704 eiusdem
536 1673 668 1704 Cimon.
710 1684 740 1715 p.
773 1672 849 1705 489.

209 1728 237 1749 c.
263 1718 373 1751 XVII.
406 1722 439 1749 et
467 1718 527 1749 III.
561 1718 684 1752 Pericl.
717 1729 747 1760 p.
774 1717 848 1751 157.

209 1774 238 1794 c.
259 1763 317 1794 IX.
339 1763 380 1793 X.
426 1763 508 1794 Viro
534 1763 731 1795 doctissimo
756 1764 851 1795 Rut-

210 1808 361 1849 gersio
393 1807 471 1839 Var.
496 1808 602 1842 Lectt.
627 1809 665 1839 L.
691 1809 715 1839 I.
741 1819 772 1850 p.
797 1807 850 1840 43.

211 1852 344 1884 videtur
359 1853 513 1884 innuisse
531 1853 629 1884 Plato
655 1854 851 1885 damnatum

212 1909 289 1929 eum
343 1897 385 1929 ob
434 1898 626 1938 tyrannidis
674 1899 851 1930 affectatae

212 1943 460 1984 suspicionem,
494 1944 724 1974 metuentibus
750 1944 852 1974 Athe-

212 1987 400 2026 niensibus,
425 1998 467 2018 ne
493 1998 550 2019 eos
575 1988 752 2027 facundia,
787 1999 853 2029 qua

212 2032 375 2073 pollebat,
400 2033 433 2063 in
456 2034 651 2064 servitutem
668 2034 852 2075 pelliceret.

215 2078 318 2116 Idcm,
344 2082 381 2108 ut
397 2078 498 2109 refert
517 2078 542 2109 C
554 2089 598 2109 01·
607 2089 655 2110 ne
667 2079 688 2109 l.
714 2080 853 2120 Nepos

216 2123 300 2153 Cim.
327 2134 352 2156 c.
380 2123 452 2161 111„
483 2128 560 2164 post
585 2133 713 2154 annum
739 2125 853 2164 quin<

215 2175 318 2205 tum,
344 2178 409 2208 quo
436 2168 599 2208 expulsus
625 2173 705 2207 erat,
737 2170 772 2200 in
796 2179 854 2210 pa-

217 2213 312 2243 triam
331 2218 509 2244 revocatus
529 2218 589 2243 est.
634 2214 705 2245 Nec
730 2215 855 2245 omittit

216 2268 401 2289 memorare
454 2258 546 2288 istud
597 2258 627 2289 A
640 2269 655 2289 r
670 2259 708 2289 is
723 2262 735 2289 t
748 2260 758 2290 i
773 2259 793 2290 d
807 2269 825 2289 e
839 2269 854 2289 s

215 2313 248 2343 p.
275 2301 364 2341 158„
404 2303 464 2333 ubi
499 2303 583 2334 haec
620 2304 772 2335 Platonis
809 2304 856 2334 ci-

217 2347 331 2378 tavit.'⁷
365 2347 539 2381 ROUTH.

267 2391 554 2429 Θεμιστοκλέα
575 2411 616 2415 -
643 2393 854 2434 προςεζη-

219 2435 395 2479 Ιιιίωσαν]
422 2437 497 2467 Vid.
520 2437 741 2468 Plutarch.
767 2438 855 2469 The-

219 2481 362 2512 mistocl.
380 2492 409 2512 c.
424 2481 536 2515 XXII.
554 2493 585 2523 p.
604 2481 677 2514 123.
704 2483 733 2514 Ν
745 2493 789 2524 ep
803 2494 820 2514 0
832 2488 854 2513 t.

221 2526 342 2559 Them.
360 2538 386 2557 c.
405 2527 498 2557 VIII.
523 2527 710 2568 Thucyd.
733 2528 757 2567 Ι,
780 2526 855 2559 135.

268 2569 510 2612 ΛΙΙιλτιάδην
532 2570 575 2603 δὲ
601 2569 673 2602 τὸν
699 2571 744 2603 ἐν
773 2573 854 2604 ,Πα-

226 2617 400 2657 ραθιῦιί
425 2616 491 2657 -Ι
538 2617 590 2647 De
626 2617 688 2648 hac
724 2628 760 2649 re
795 2617 856 2648 alii

221 2661 399 2703 scriptores
430 2661 518 2693 nihil
542 2663 723 2693 memoriae
746 2662 858 2704 prodi-

221 2707 352 2747 derunt,
377 2710 415 2737 ut
437 2707 570 2738 monuit
593 2707 856 2749 Wesseling.

917 1357 959 1390 ad
975 1357 1138 1391 Herodot.
1153 1358 1211 1397 VI,
1228 1356 1303 1390 136.
1329 1358 1425 1390 Conf.
1445 1359 1557 1391 Peri-

917 1414 1007 1436 zon.
1033 1403 1075 1434 ad
1101 1403 1233 1435 Aelian.
1259 1404 1299 1435 V.
1324 1405 1368 1435 H.
1393 1404 1477 1443 XII,
1502 1403 1554 1437 35.

917 1449 1055 1480 Platoni
1078 1453 1191 1479 tamen
1218 1449 1445 1490 adstipulatur
1470 1450 1557 1480 Ari-

918 1493 1059 1524 stides
1085 1495 1126 1525 ’.Γ
1150 1494 1193 1527 II
1222 1505 1253 1535 p.
1280 1492 1356 1526 224.
1388 1494 1437 1525 ed.
1464 1494 1557 1526 lebb

917 1556 959 1561 -—
993 1537 1047 1579 βά
1061 1550 1076 1578 ρ
1092 1550 1111 1569 α
1122 1539 1176 1579 (Ιρ
1190 1551 1238 1570 οι
1273 1539 1457 1581 inteiprete
1493 1540 1558 1571 Ti-

918 1594 1034 1614 maeo
1057 1588 1108 1615 est
1129 1581 1264 1625 ὄρ1γιια
1285 1583 1406 1624 φρέατι
1427 1583 1555 1623 ὅμοιον,

918 1629 1008 1659 ἑιθα
1041 1628 1076 1659 οἱ
1111 1629 1306 1660 καταδικασι
1304 1628 1420 1663 Ῐέιτες
1457 1627 1557 1671 ἐβάλ-

919 1675 1036 1711 λοντο,
1074 1674 1134 1705 ubi
1168 1685 1200 1705 v.
1234 1674 1481 1706 Ruhnken.
1514 1693 1558 1698 —

919 1717 964 1749 ἐν
1000 1719 1269 1758 Μαραθῶνι,
1309 1730 1439 1760 prope
1477 1721 1556 1751 Ma-

919 1764 1162 1803 rathonem,
1193 1769 1231 1795 ut
1256 1763 1294 1795 ἐν
1321 1763 1483 1806 Μυκάλῃ,
1519 1764 1557 1795 ἐν

922 1808 1116 1845 Πλαταιαῖς,
1150 1808 1187 1840 ἐν
1215 1809 1390 1848 Σαλαμῖνι,
1424 1809 1463 1841 ἐν
1488 1810 1557 1841 Ko-

923 1854 1039 1895 ρίνθῳ
1057 1858 1089 1885 et
1101 1854 1144 1885 al.
1170 1864 1201 1885 V.
1220 1855 1408 1886 Perizon.
1426 1855 1468 1886 ad
1484 1855 1559 1887 Ael.

920 1899 961 1929 V.
987 1899 1030 1929 H.
1057 1899 1106 1936 ΙΙ,
1132 1897 1186 1930 25.
1219 1900 1482 1942 Wesseling.
1514 1900 1557 1931 ad

922 1943 1061 1974 Diodor.
1095 1944 1135 1974 T.
1164 1944 1190 1976 Ι.
1221 1955 1252 1985 p.
1280 1943 1355 1976 321.
1398 1945 1556 1976 Duker.

922 1988 963 2019 ad
982 1988 1136 2029 Thucyd.
1154 1989 1179 2028 Ι,
1198 1988 1271 2021 100.
1307 1990 1442 2021 Dicitur
1457 1991 1558 2021 etiam

928 2033 1143 2072 Μαραίὴῦιί,
1192 2034 1280 2075 quod
1326 2036 1464 2076 propius
1505 2046 1559 2067 ac-

922 2078 1013 2109 cedit
1027 2078 1068 2109 ad
1086 2080 1232 2119 speciem
1252 2079 1404 2111 adverbii
1430 2080 1559 2111 localis.

923 2134 953 2156 v.
980 2123 1021 2153 ad
1047 2124 1227 2155 Menexen.
1249 2135 1279 2166 p.
1304 2124 1379 2156 240.
1406 2126 1447 2157 D.
1480 2126 1558 2157 coll.

922 2168 1038 2209 Lysid.
1063 2179 1095 2209 p.
1120 2167 1197 2201 205.
1216 2169 1252 2200 C.
1300 2170 1408 2211 Igitur
1432 2174 1559 2201 utrum—

923 2224 987 2254 que
1040 2217 1178 2245 rectum.
1256 2215 1412 2246 Ceterum
1470 2215 1559 2256 quod

923 2258 1327 2300 Schweighaeuser.
1359 2259 1401 2290 ad
1435 2260 1559 2292 Athen.

924 2304 963 2334 T.
997 2303 1054 2334 VI.
1093 2314 1123 2344 p.
1156 2302 1231 2336 322.
1279 2302 1461 2346 νικήσαντα
1503 2317 1560 2337 ex-

923 2347 1048 2379 cidisse
1073 2350 1266 2391 suspicatus
1290 2354 1351 2388 est⁷
1383 2350 1470 2381 nihil
1494 2351 1560 2382 hac

924 2393 1118 2424 coniectura
1152 2394 1302 2426 inanIus.
1340 2405 1371 2426 V.
1403 2396 1556 2427 Matth.

924 2439 954 2477 g.
978 2436 1054 2470 271.

968 2528 1007 2558 E.
1055 2526 1173 2569 εἰμὴ
1207 2527 1273 2559 διὰ
1304 2527 1377 2559 τὸν
1402 2528 1557 2570 πρύτα-

928 2572 1016 2613 νιν]
1051 2572 1164 2606 Intell.
1196 2577 1398 2606 servatus
1430 2578 1577 2615 esset‚'

925 2628 950 2649 s.
970 2628 1036 2648 res
1057 2621 1174 2649 esset
1194 2618 1428 2660 prohibita.
1453 2620 1562 2651 Thu-

925 2662 1012 2704 cyd.
1036 2663 1087 2702 ΙΙ,
1113 2661 1172 2694 18;
1205 2661 1355 2695 ἐδόκουν
1385 2664 1420 2696 οἰ
1453 2664 1559 2697 Πελο-

925 2705 1106 2750 ποννήσιοι
1124 2706 1331 2743 ἐπελθόντες
1357 2706 1401 2740 ἂν
1426 2709 1480 2742 διὰ
1505 2709 1558 2741 τά-
