1687 2969
263 104 346 145 200
738 99 1117 143 PLATONIS

256 217 459 274 τυγχάνει
494 223 564 262 καὶ
601 218 777 263 ὁπόθεν
804 223 946 275 χαίρει
978 218 1316 272 ὀνομαζόμενος.
1383 216 1521 274 ἀτάρ,
1581 211 1611 258 ὦ

184 291 227 332 D
257 291 422 340 ἑταῖρε,
455 286 600 342 τούτῳ
631 286 753 343 ἡμεῖς
789 285 978 340 πότερον
1011 289 1195 340 λέγωμεν
1231 282 1257 336 ἢ
1292 284 1350 340 μή
1386 311 1453 316 —

359 355 492 397 ΨΑΙ.
570 351 633 398 Τὸ
671 363 827 405 ποῖον,-

356 417 466 481 Cap.
503 418 672 464 LVIH.
714 420 818 463 ΣΩ.
854 418 973 469 (Ὁτι,
1018 412 1048 461 ὦ
1093 422 1244 467 Τισία,
1293 417 1433 460 πάλαι
1477 416 1612 474 ἡμεῖς,

253 489 356 542 πρὶν
391 490 464 530 καὶ
498 491 542 532 σὲ
578 491 836 543 παρελθεῖν,
873 484 1142 541 τυγχάνομεν
1177 489 1388 539 λέγοντες,
1424 483 1481 535 ὡς
1523 483 1613 539 ἄρα

253 556 386 598 τοῦτο
431 552 480 598 τὸ
519 554 630 606 εἰκὸς
673 563 765 605 τοῖς
799 557 979 603 πολλοῖς
1014 552 1068 596 δι’
1111 552 1354 607 ὁμοιότητα
1391 553 1471 594 τοῦ
1505 550 1615 603 ἀλη-

254 623 376 671 θοῦς
406 621 606 679 τυγχάνει
647 621 974 677 ἐγγιγνόμενον·
1023 619 1103 671 τὰς
1139 623 1181 663 δὲ
1212 618 1480 673 ὁμοιότητας
1513 615 1615 672 ἄρτι

254 689 518 744 διήλθομεν7
555 689 625 732 ὅτι
661 690 893 744 πανταχοῦ
927 686 949 730 ὁ
986 685 1068 739 τὴν
1104 687 1329 739 ἀλήθειαν
1360 685 1482 736 εἰδώς
1511 686 1616 728 κοίλ-

252 758 379 799 λιστα
415 761 645 799 ἐπίσταται
681 755 904 810 εὑρίσκειν.
942 752 1038 805 ὥςτ’
1091 760 1125 797 εὶ
1157 758 1236 809 μὲν
1289 753 1399 796 ἄλλο
1443 770 1487 796 τι
1518 754 1615 806 περὶ

254 828 402 878 τέχνης
439 821 580 878 λόγων
613 826 758 878 λέγεις,
795 821 1032 877 ἀκούοιμεν
1068 820 1146 864 ἄν·
1185 827 1218 865 εἰ
1256 825 1299 864 δὲ
1331 820 1405 875 μή,
1442 817 1507 870 οἷς
1535 822 1615 862 νῦν

184 887 223 929 Ε
256 888 308 942 δὴ
356 890 604 945 διήλθομεν
648 889 921 945 πεισόμεθα,
966 887 1047 939 ὡς,
1097 886 1174 931 ἐὰν
1217 889 1276 944 μή
1331 905 1395 938 τις
1438 889 1525 929 τῶν
1572 903 1617 928 τε

256 956 566 1013 ἀκουσομένων
602 955 682 1008 τὰς
703 955 853 1015 φύσεις
874 954 1243 1011 διαριθμήσηται,
1280 958 1353 998 καὶ
1385 953 1482 997 κατ’
1526 953 1616 1005 εἴδη

349 1167 389 1201 D.
417 1170 555 1201 τοῦτο
583 1166 631 1198 τὰ
660 1165 798 1209 εἶκός]
838 1166 879 1197 τὸ
908 1176 974 1197 orn.
1010 1165 1084 1199 Vat.
1113 1165 1196 1198 Ven.
1222 1165 1263 1198 ll.
1292 1165 1331 1196 D.
1358 1164 1496 1198 DNOT.

348 1227 496 1264 τέχνης
529 1222 667 1267 λόγων
700 1222 866 1266 λέγεις]
915 1222 1008 1255 Flor.
1043 1232 1075 1263 g.
1113 1220 1143 1254 11.
1179 1221 1276 1253 vind.
1310 1220 1342 1254 4.
1373 1221 1448 1255 Par.
1476 1221 1547 1253 DP.
1583 1225 1616 1253 et

258 1280 299 1303 ex
325 1279 411 1303 corr.
444 1268 473 1302 Ο
497 1270 618 1312 λέγοις,
643 1270 734 1311 quod
760 1269 866 1302 edidit
895 1269 1043 1301 Bekker.

348 1333 411 1374 οἷς
440 1340 512 1368 νῦν
538 1337 586 1378 δὴ
615 1336 784 1380 διήλθ,]
813 1336 914 1371 Quod
939 1336 1042 1373 vulgo
1067 1334 1186 1367 deerat
1203 1334 1257 1375 ὁῆ,
1286 1346 1393 1377 nuper
1412 1335 1510 1368 codd.
1537 1335 1616 1367 red-

261 1383 420 1416 diderunt
445 1383 538 1417 Mon.
566 1384 661 1417 vind.
700 1385 728 1418 1.
754 1383 785 1417 3.
812 1383 842 1416 5.
870 1382 901 1415 6.
927 1395 959 1415 α,
993 1382 1086 1413 Flor.
1114 1392 1142 1415 a.
1169 1381 1247 1414 Par.
1278 1381 1484 1415 BCDHNP.
1511 1381 1616 1415 Coisl.

260 1429 344 1463 Ven.
369 1430 413 1463 Σ.
439 1430 502 1462 alii.
528 1430 627 1462 Bodl.
653 1435 765 1462 tamen
801 1434 835 1462 et
867 1428 924 1469 qui
954 1438 1029 1460 cum
1066 1438 1107 1459 eo
1139 1426 1268 1458 faciunt
1304 1427 1375 1459 libri
1403 1427 1478 1461 Vnt.
1506 1431 1540 1459 et
1566 1438 1616 1468 pr.

260 1475 343 1509 Ven.
370 1475 410 1507 ll.
437 1475 591 1508 videntur
618 1476 794 1517 ignorare3
825 1474 915 1506 unde
949 1472 988 1513 dr)-
1017 1483 1133 1505 rursus
1160 1472 1285 1505 delevit
1312 1474 1499 1505 Hermann.
1529 1472 1617 1505 falso

260 1522 315 1554 ille
341 1521 551 1553 contendens
575 1524 634 1552 νῦν
659 1533 720 1563 pro
745 1525 805 1554 νῦν
831 1520 868 1561 ὁὶ]
896 1519 1051 1560 usurpari
1080 1520 1214 1557 solere,
1250 1519 1340 1561 quod
1367 1523 1504 1561 praeter
1545 1529 1616 1551 rem

259 1571 294 1600 et
319 1568 498 1599 veritatem
524 1569 569 1599 ita
596 1569 698 1600 statui
724 1567 822 1600 nobis
847 1567 947 1608 plane
971 1565 1218 1607 persuasimus.

347 1623 387 1658 E.
414 1623 462 1655 οὐ
490 1623 680 1667 μήποτε
708 1621 950 1664 κτήσηται]
993 1621 1132 1654 EFNO.
1161 1621 1258 1654 Vind.
1284 1620 1315 1654 4.
1340 1621 1371 1655 7,
1399 1634 1431 1655 α.
1468 1621 1559 1655 Flor.
1584 1633 1617 1664 g-

256 1773 368 1803 valeat
398 1770 431 1802 in
457 1770 696 1802 verisimilibus
728 1769 906 1802 commini-

258 1816 404 1856 scendis,
424 1816 451 1847 is
474 1815 620 1857 denique
635 1826 768 1848 causam
784 1817 904 1848 vincat.

304 1861 478 1895 ὁπόθεν
508 1863 657 1902 χαίρει
687 1861 905 1904 ὀνομαζό-

259 1906 418 1951 μενος]
474 1907 654 1949 Protagor.
688 1918 719 1949 p.
754 1906 831 1941 358.
866 1910 904 1939 A.

259 1955 325 1986 εἴτε
349 1952 487 1984 ὁπόθεν
512 1953 566 1983 καὶ
591 1951 681 1990 ὅπως
709 1955 841 1995 χαίρεις
863 1952 904 1984 τὰ

259 2002 409 2031 τοιαῦτα
433 1997 618 2040 ὀνομάζων.

308 2045 348 2079 D.
397 2045 582 2086 λέγωμεν
610 2043 629 2085 ἢ
653 2043 708 2085 μή
734 2043 798 2085 --]
848 2043 902 2075 ln-

260 2092 438 2133 terpellata
478 2091 588 2122 oratio
635 2089 758 2122 deinde
792 2090 903 2121 conti-

257 2141 398 2177 nuatur3
439 2135 530 2168 unde
569 2135 702 2178 abrupti
737 2135 903 2168 sermonis

258 2184 390 2225 signum
421 2183 652 2224 apposuimus.

304 2228 578 2270 τυγχάνομεν
602 2226 904 2270 λέγοντες]Νοῐι

258 2275 340 2306 dicit
365 2275 516 2316 λέγομεν,
544 2273 603 2306 sed
623 2271 836 2315 τυγχάνομεν
853 2273 901 2304 λέ-

256 2332 398 2363 γοντες,
442 2320 538 2361 quasi
578 2329 660 2351 casu
693 2323 727 2351 et
760 2319 903 2350 fortuito

258 2368 292 2398 in
332 2375 407 2397 eam
453 2365 657 2397 sententiam
691 2364 902 2399 devenerint.

260 2411 314 2443 Ad
336 2421 539 2453 praegressa
563 2421 726 2453 compara
742 2410 849 2452 Gorg,
872 2423 905 2453 p.

259 2457 339 2490 458.
378 2457 417 2490 Β.
462 2455 573 2487 πάλαι
611 2456 677 2498 γάρ
713 2467 789 2496 τοι,
828 2458 906 2500 πρὶν

259 2502 328 2535 καὶ
360 2500 454 2544 ὑμᾶς
487 2502 617 2542 ἐλθεῖν,
650 2500 711 2543 ἐγὼ
741 2505 814 2538 τοῖς
839 2516 904 2535 πα-

262 2551 363 2593 ροῦσι
388 2546 495 2578 πολλὰ
524 2547 750 2591 ἐπεδειξάμην.

305 2593 570 2636 περὶτέχνης
591 2593 902 2637 λόγωνλέγεις]

259 2639 440 2681 indicativo
464 2639 580 2677 utitur,
607 2640 681 2680 quia
707 2640 842 2674 simulat
867 2651 904 2673 se.

258 2687 291 2719 in
321 2695 361 2718 ea
395 2695 472 2718 esse
497 2685 675 2727 opinione,
709 2690 746 2717 ut
771 2684 899 2720 Tisiam

975 1770 1076 1809 longe
1108 1767 1198 1800 aliud
1234 1767 1314 1808 quid
1351 1769 1394 1800 de
1429 1773 1501 1800 arte
1540 1778 1618 1799 ora·

975 1815 1061 1847 toria
1097 1817 1246 1847 statuere
1287 1814 1478 1852 existimet,
1513 1818 1618 1854 atque

973 1861 1005 1893 in
1032 1864 1106 1891 arte
1121 1869 1181 1890 sua
1203 1860 1411 1900 exposuerit.
1449 1860 1616 1891 Constru-

974 1906 1098 1937 ctionis
1123 1914 1230 1946 genus
1263 1905 1423 1937 illustravi
1451 1904 1492 1936 ad
1520 1906 1618 1946 Apol.

975 1952 1108 1984 Socrat.
1135 1962 1166 1992 p.
1192 1950 1247 1984 25.
1275 1950 1313 1985 B.
1340 1951 1447 1992 Gorg.
1482 1962 1512 1992 p.
1538 1950 1616 1984 452.

976 1997 1015 2028 B.
1043 1997 1225 2035 Protagor.
1259 2007 1290 2038 p.
1318 1996 1394 2029 330.
1428 1996 1466 2030 C.
1521 1998 1618 2030 Quo-

972 2043 1058 2075 circa
1084 2042 1184 2074 nolim
1211 2042 1277 2074 iam
1302 2043 1408 2083 λέγοις
1433 2042 1618 2083 praeferre,

970 2088 1060 2130 quod
1088 2088 1117 2119 in
1144 2088 1262 2129 paucis
1289 2088 1490 2130 quibusdam
1516 2088 1616 2122 codd.

970 2135 1134 2176 scriptum
1163 2138 1284 2167 exstat.

1018 2180 1057 2212 E.
1087 2178 1133 2211 οὗ
1166 2179 1220 2221 μή
1254 2191 1356 2211 ποτε
1383 2178 1617 2222 κτήσηται]

973 2226 1012 2258 V.
1041 2225 1083 2257 ad
1109 2226 1233 2267 Remp.
1263 2226 1316 2258 VI.
1342 2236 1374 2268 p.
1401 2225 1478 2258 492.
1506 2226 1546 2258 D.

1019 2270 1059 2312 ἢν
1091 2270 1171 2311 οὔχ
1205 2270 1326 2302 ἕνεκα
1366 2275 1444 2303 τοῦ
1478 2271 1618 2313 λέγειν

972 2338 1015 2342 --
1064 2317 1122 2354 εἰς
1171 2316 1382 2359 δύναμιν]
1435 2317 1618 2349 Praeclara

972 2363 1153 2396 sententia.
1203 2362 1402 2404 Sapientem
1442 2363 1529 2395 enim
1572 2363 1620 2395 ait

973 2419 1039 2442 non
1064 2418 1106 2440 eo
1132 2409 1273 2440 consilio
1298 2409 1342 2440 illi
1369 2419 1506 2452 operam
1541 2418 1619 2441 esse

973 2456 1152 2493 daturum,
1197 2459 1233 2486 ut
1274 2464 1389 2487 coram
1428 2453 1619 2486 hominibus

974 2502 1089 2533 dicere
1113 2503 1171 2531 aut
1197 2510 1272 2532 cum
1300 2501 1340 2531 iis
1365 2510 1468 2542 agere
1496 2499 1617 2542 possit,

974 2546 1034 2580 sed
1060 2545 1177 2587 potius
1203 2550 1404 2587 propterea,
1438 2545 1530 2586 quod
1555 2546 1619 2586 ipsi

973 2593 1037 2626 hoc
1061 2591 1103 2622 sit
1126 2592 1351 2633 propositum,
1378 2596 1417 2623 ut
1443 2591 1505 2622 diis
1521 2594 1618 2631 grata

974 2644 1008 2672 et
1043 2636 1135 2670 dicat
1166 2641 1201 2669 et
1225 2637 1337 2672 saciat.
1386 2636 1618 2677 Quotusquis-

973 2696 1036 2727 que
1073 2692 1214 2724 eorum,
1260 2683 1316 2725 qui
1348 2686 1463 2716 nostru
1500 2687 1614 2726 aetate.
