1687 2969
409 116 782 160 PHAEDRU

795 115 838 161 S.
873 118 922 159 P.
957 119 1036 160 24³3
1070 118 1132 161 St.
1412 122 1461 162 ῖῖ

207 235 338 279 «Dm.
396 231 521 283 ’'Jowg·
558 233 612 286 νὴ
651 233 736 285 Δί’,
769 227 801 276 ὦ
839 232 1090 291 Σώκρατες.

202 302 310 345 ΣΩ.
384 299 558 344 Τοῦτόν
604 319 651 356 γε
689 305 839 344 τοίνυν
874 306 1002 356 ἔγωγε
1039 303 1353 360 αἰσχυνόμενος
1387 308 1458 350 καὶ

100 367 240 412 αὐτὸν
276 366 355 412 τὸν
378 366 549 423 Ἔρωτα
586 366 734 417 δεδιώς
768 370 975 425 ἐπιθυμῶ
1013 374 1183 426 ποτίμῳ
1210 371 1325 428 λόγῳ
1362 373 1462 417 οἷον

97 434 304 493 ἁλμυρὰν
349 433 495 487 ἀκοὴν
540 433 906 479 ἀποκλύσασθαι.
965 437 1246 492 συμβουλεύω
1294 443 1337 483 δὲ
1386 444 1459 484 καὶ

72 505 246 559 ’Λυσίᾳ
284 500 308 546 ὅ
345 519 386 545 τι
422 501 606 558 τάχιστα
642 501 844 562 γράψαι,
885 501 942 554 ὡς
971 502 1056 560 χρὴ
1095 508 1254 566 ἐραστῇ
1287 510 1460 562 μᾶλλον

94 568 120 623 ἣ
159 569 220 626 μὴ
258 571 412 625 ἐρῶντι
447 574 491 612 ἐκ
526 572 614 612 τῶν
648 569 812 624 ὁμοίων
843 573 1122 626 χαρίζεσθαι.

201 639 333 681 ΦΑΙ.
398 634 516 679 Ἀλλ’
556 631 602 679 εὖ
640 636 752 687 ἴσθι,
788 635 856 680 ὅτι
887 638 967 689 ἕξει
988 638 1126 681 τοῦθ’

91 702 175 760 γὰρ
213 702 414 753 εἰπόντος
451 702 529 746 τὸν
557 706 636 747 τοῦ
676 707 863 759 ἐραστοῦ
895 710 1087 757 ἔπαινον,
1123 708 1243 748 πᾶσα
1280 707 1454 762 ἀνάγκη

92 775 268 815 Λυσίαν
303 769 377 813 ὑπ’
420 773 526 827 ἐμοῦ
561 770 915 826 ἀναγκασθῆναι
955 772 1133 833 γράψαι
1169 767 1226 816 αὖ
1247 777 1345 830 περὶ
1373 778 1452 818 τοῦ

1173 637 1226 683 οὕ
1235 656 1314 689 τως
1327 653 1336 664 ·
1374 642 1454 683 σοῦ

90 839 231 882 αὑτοῦ
265 838 412 894 λόγον.

189 907 298 950 ΣΩ.
372 905 522 949 Ἰὀῖτο
560 908 640 962 μὲν
675 905 883 958 πιστεύω,
919 911 1077 964 ἕωςπερ
1116 904 1172 950 ἂν
1205 901 1253 969 ᾗς
1287 905 1336 959 ὃς
1369 907 1416 952 εἴ.

193 974 324 1017 ΦΑΙ.
394 975 504 1026 Λέγε
539 978 690 1016 τοίνυν
727 972 933 1032 θαρῥῶν.

189 1040 298 1084 ΣΩ.
366 1042 471 1085 Ποῦ
508 1039 560 1094 δη
596 1058 674 1096 μοι
707 1038 730 1083 ὁ
766 1050 893 1092 παῖς,
931 1037 1041 1098 πρὸς
1078 1038 1130 1084 ὃν
1167 1044 1339 1096 ὲλ’,·ε)ον

88 1111 161 1153 καὶ
197 1110 333 1152 τοῦτο
371 1105 562 1168 ἀκούσῃ,
598 1125 671 1150 και
704 1106 765 1163 μὴ
803 1105 998 1162 ἁνηκοος
1033 1125 1094 1151 ων
1126 1107 1291 1171 ([θεέση
1322 1128 1449 1168 χαρι-

1373 1060 1446 1086 tva

87 1174 276 1232 σάμενος
311 1176 370 1231 τῷ
406 1193 463 1231 μη
501 1176 669 1231 ἐρωντι.

86 1285 188 1318 milui
213 1285 389 1327 gratius
414 1285 518 1317 istis
543 1283 807 1330 potuisses
833 1284 993 1318 dicere.

1045 1285 1162 1317 Astius
1184 1287 1293 1322 εἴποις
1318 1288 1406 1319 coni.

178 1331 333 1363 1).To17
343 1345 357 1363 -ι
372 1329 391 1362 o'
403 1344 417 1361 ν
441 1343 487 1374 γε
514 1332 668 1362 τοίνυι
683 1330 740 1372 -]
761 1330 907 1372 l⁴uitqui
920 1343 955 1362 ιε
972 1342 1033 1372 pro
1046 1344 1080 1373 γε
1100 1333 1229 1364 mallet.
1256 1332 1331 1364 Non
1345 1344 1442 1374 opus.

175 1378 216 1411 E.
265 1376 338 1409 καὶ
363 1380 492 1410 τοῡιο
518 1376 699 1420 duonum]
729 1377 789 1408 Sic
815 1377 916 1410 Bodl.
942 1381 975 1410 et
1002 1387 1067 1410 nou
1095 1378 1193 1420 pauci
1215 1378 1282 1412 alii.

81 1435 222 1457 immun,

84 1517 218 1558 σμοῖσιν
235 1512 468 1556 ἐξομόρξομσιι
482 1514 543 1550 Εἰς
559 1510 629 1545 ὦπα
648 1512 729 1545 κλό-

84 1560 159 1599 ζων.
209 1561 280 1592 Alia
307 1559 448 1591 contulit
475 1559 727 1592 Creuzerus

83 1606 126 1638 ad
154 1605 282 1638 Plotin.
307 1605 350 1637 de
378 1606 516 1637 Pulcrit.
544 1616 575 1647 p.
592 1606 658 1640 465
673 1617 722 1648 sq.

84 1652 174 1684 Usus
194 1655 247 1683 est
265 1650 315 1683 his
332 1650 445 1683 verbis
470 1651 570 1683 etiam
598 1653 624 1684 A
639 1652 725 1684 tlte-

82 1707 215 1730 nneus
251 1697 324 1730 libr.
363 1696 420 1729 ΙΙΙ,
446 1708 478 1738 p.
510 1697 583 1731 12¹.
618 1697 658 1731 E.
683 1697 723 1732 F.

81 1741 351 1785 otp.122.A.-
379 1742 422 1773 ἰκ
447 1745 524 1774 τῶν
550 1741 723 1785 ὁμοίων,

80 1793 177 1821 recte
214 1787 516 1821 Heindorfius
554 1789 725 1832 interpre-

80 1838 192 1867 tatur:
227 1835 262 1866 si
295 1838 443 1867 cetera
471 1836 598 1876 paria
624 1836 724 1877 sint,

79 1880 146 1913 bei
182 1879 400 1924 gleichen
440 1880 722 1913 Verhiiltnis-

78 1937 161 1960 sen,
236 1926 299 1958 Cui
352 1926 477 1959 frustra
526 1927 724 1968 obloquitur

80 1972 255 2012 Astius‚
298 1972 332 2003 ἐκ
360 1975 427 2004 τῶν
458 1969 587 2015 ὁμοίων
627 1978 723 2006 ratus

78 2018 169 2050 idem
197 2028 274 2050 esse
297 2017 389 2059 quod
416 2015 565 2060 ὁμοίως,
601 2023 639 2051 ut
672 2018 724 2051 hie

78 2064 122 2096 sit
147 2073 268 2096 sensus
301 2064 506 2096 verborum:
540 2064 724 2106 perinde

77 2114 217 2151 atque
269 2109 510 2142 contendit
558 2110 724 2142 amoris

79 2155 257 2197 experti
275 2155 423 2197 potius
439 2164 561 2196 quam
583 2166 724 2188 amau-

77 2200 111 2231 ti
137 2200 482 2241 gratificandum
511 2211 622 2235 esse.
671 2202 721 2234 lta

78 2255 159 2277 vero
196 2246 230 2277 ἐκ
267 2249 334 2278 τῶν
374 2245 502 2289 ὁμοίων
539 2247 606 2279 alia
637 2246 722 2280 sede

78 2290 313 2324 collocandum
337 2293 419 2333 fnit,
453 2303 519 2324 non
551 2296 631 2324 ante
656 2305 722 2333 χα-

77 2334 246 2378 ρίζεσθαι.
290 2337 450 2370 Ceterum
470 2338 635 2370 Socrates
653 2348 720 2371 uon

77 2382 150 2413 sine
165 2391 285 2414 caussa
302 2384 429 2416 acriter
447 2385 598 2426 exagitat
616 2395 721 2426 supe-

75 2427 206 2459 riorum
249 2428 437 2461 orationum
469 2435 717 2472 argumentum.

75 2471 260 2505 Enimvero
293 2473 326 2505 iu
351 2478 494 2516 utraque
518 2477 644 2508 amoris
668 2476 718 2507 vis

75 2521 108 2551 et
135 2522 253 2550 natura
285 2528 326 2550 ea
355 2519 539 2553 informata
567 2526 640 2561 est,
681 2525 719 2553 ut

74 2564 174 2597 facile
198 2568 380 2605 appareat,
410 2566 464 2606 qui
494 2566 540 2598 ita
565 2571 718 2607 censeat,

73 2619 150 2642 eum
190 2619 256 2641 uon
295 2610 382 2642 ultra
425 2612 546 2653 vulgus
584 2623 717 2655 sapere.

72 2655 192 2697 ltaque
216 2655 378 2688 Socrates
407 2655 472 2688 iam
499 2657 621 2701 Lysiae
645 2668 718 2690 ser-

77 2701 169 2734 moni
193 2702 297 2734 aliam
315 2702 535 2744 oppositurus
561 2708 615 2736 est
639 2713 717 2735 ora-

1336 1380 1445 1422 Vulgo

797 1513 944 1554 tionem,
992 1514 1022 1546 iu
1061 1525 1126 1556 qua
1165 1515 1367 1548 nobiliorem
1403 1526 1444 1548 ac

796 1569 876 1593 vere
919 1561 1099 1592 sublimem
1140 1560 1304 1593 describit
1342 1573 1442 1595 nmo-

794 1607 841 1638 ris
866 1606 939 1640 vim.
965 1616 995 1639 v.
1021 1607 1182 1648 Prolegg

840 1696 881 1730 Ε.
939 1709 1073 1739 ωςπερ
1098 1696 1119 1728 ἶῖ
1131 1709 1146 1727 ι
1173 1709 1215 1739 ,ης
1242 1693 1292 1733 u'c
1317 1710 1349 1729 ει
1341 1698 1375 1741 ]
1404 1699 1439 1732 ln

793 1744 915 1775 talibus
944 1745 1045 1783 vulno
1072 1741 1109 1779 ὃς
1132 1753 1194 1785 pro
1211 1739 1283 1779 οἷος
1308 1744 1436 1778 dictum

793 1793 923 1831 putant.
981 1789 1180 1831 perperam.
1239 1789 1325 1822 Nam
1365 1787 1438 1827 οἶος

794 1845 931 1877 semper
972 1835 1014 1867 ad
1051 1835 1274 1876 qualitatem,
1318 1835 1357 1873 ὅς
1395 1837 1437 1869 ad

792 1881 900 1923 ipsam
933 1881 1000 1912 vim
1035 1885 1070 1913 et
1104 1885 1258 1914 naturam
1292 1883 1437 1915 alicuius

791 1928 844 1958 vel
886 1928 935 1960 rei
977 1928 1029 1959 vel
1069 1937 1237 1968 personae
1278 1927 1436 1960 refertur.

792 1973 909 2019 ltaque
934 1971 972 2010 ὅς
997 1977 1090 2005 certe
1105 1972 1242 2014 gravius
1259 1978 1312 2005 est
1335 1984 1436 2015 quam

793 2021 876 2056 οἱος.
932 2019 1044 2050 Veluti
1087 2018 1149 2050 hoc
1181 2020 1259 2050 loco
1291 2019 1439 2052 Germa-

791 2065 868 2096 nice
910 2063 1112 2096 dicendumt
1163 2075 1199 2095 so
1241 2065 1347 2106 lange
1394 2065 1441 2097 du

792 2109 873 2151 bist,
915 2110 990 2141 der
1025 2109 1071 2141 du
1105 2108 1189 2149 bist,
1228 2110 1321 2151 quod
1353 2120 1440 2142 nou-

792 2155 869 2188 nihil
904 2155 1020 2187 differt
1052 2155 1096 2186 ab
1129 2156 1236 2187 altera
1275 2155 1438 2188 formula:

791 2213 826 2234 so
881 2202 988 2242 lange
1045 2199 1092 2232 ‹lu
1148 2199 1203 2232 ein
1260 2201 1440 2234 solcher

791 2246 898 2287 bist,
931 2245 1006 2278 wie
1041 2245 1087 2277 du
1127 2245 1201 2277 bist.
1268 2245 1435 2280 Nimirum

791 2294 955 2324 Socrates
986 2290 1050 2323 hoc
1076 2291 1175 2323 dicit:
1209 2299 1327 2333 quam
1361 2293 1435 2325 diu

789 2337 1020 2371 Phaedrus
1053 2347 1119 2378 eS‚
1154 2336 1218 2369 boc
1244 2337 1370 2378 estis,
1402 2339 1434 2372 iu

791 2384 888 2416 cuius
913 2387 1031 2414 natura
1058 2387 1092 2415 et
1118 2382 1253 2425 ingenio
1278 2384 1431 2425 positum

789 2434 862 2470 est,
896 2433 933 2460 ut
965 2428 1157 2461 orationum
1184 2428 1432 2463 audiendarum

788 2475 832 2506 sis
864 2474 1114 2516 cupidissimus,
1173 2474 1338 2516 Exempla
1371 2475 1433 2508 lm-

785 2521 837 2552 ius
869 2519 1028 2561 loquendi
1070 2520 1211 2552 rationis
1241 2522 1432 2553 attulerunt

786 2564 1024 2599 Heindorf.
1059 2565 1102 2597 ad
1139 2565 1168 2599 li.
1195 2566 1214 2600 Ι,
1248 2566 1431 2600 Porson.

788 2616 822 2643 et
847 2610 1076 2645 Scluaeser.
1103 2611 1148 2643 ad
1173 2611 1290 2654 Eurip.
1316 2613 1430 2646 Orest.

787 2656 865 2692 910.
914 2656 1041 2690 Confer
1073 2657 1175 2690 etiam
1208 2658 1429 2691 Bremium

785 2702 829 2734 ad
858 2702 993 2744 Lysiam
1020 2713 1051 2745 p.
1079 2702 1154 2737 193.

1499 767 1537 807 Ε
