1687 2969
298 277 530 318 Enimvero
578 277 661 319 isto
723 278 849 321 modo
911 279 1196 336 philosophus
1255 279 1486 335 populares
1535 294 1638 321 suos

297 334 630 414 (111-1181381181
675 337 1022 387 commonefecit
1072 353 1097 377 a
1135 343 1295 389 quanta
1341 336 1440 378 labe
1487 337 1640 378 Attica

297 391 542 444 eloquentia
563 398 678 433 esset
706 407 879 449 repuro
869 393 995 447 anda,
1027 392 1239 448 siquidem
1269 392 1500 448 aliquando
1521 394 1638 434 futu·
1661 445 1664 448 ‚

296 463 389 487 rum
420 454 551 495 esset.
584 455 632 489 ut
661 464 711 489 ea
741 448 797 490 ad
828 465 1075 506 σει-1113118111
1105 450 1332 491 sanitatem
1363 450 1639 495 convalesce-

296 510 373 544 ret.
436 496 578 557 Quam
609 505 783 570 quidem
813 507 1040 548 sanitatem
1079 507 1293 548 rhetorica
1321 506 1553 571 aliquando
1582 505 1640 548 ad

296 560 594 617 philosophiae
625 563 833 604 rationem
864 570 1066 605 revocata
1094 570 1394 620 recuperatum
1423 563 1476 604 iri
1497 577 1639 618 quum

433 699 650 739 maximeque
682 700 717 730 in
746 701 822 741 ipso
850 702 943 732 exitu
970 702 1041 732 eius
1066 700 1164 742 pueri
1189 699 1340 730 adamati
1363 699 1403 730 fit
1432 698 1636 739 alloquutio.
1652 727 1661 730 -

433 744 592 778 Quorum
618 751 732 776 tamen
757 753 916 778 neutrum
940 749 988 778 ita
1014 752 1063 780 est
1089 751 1335 786 comparatum,
1360 740 1398 776 ut
1422 745 1464 775 de
1493 745 1639 786 epistola

433 791 587 831 cogitare
613 802 786 831 metamur,
811 804 950 845 prae-ser
938 794 1013 824 tim
1040 803 1143 833 quum
1168 792 1247 822 huic
1265 792 1390 822 rationi
1408 792 1511 822 etiam
1530 791 1638 823 multa

430 837 594 869 officiant.
652 837 743 869 Nam
784 848 820 870 ut
848 841 995 880 primum
1021 840 1174 871 dicamus
1207 839 1249 868 de
1274 837 1460 868 Frontonis
1494 841 1527 868 et
1550 837 1638 868 Her-

433 883 526 913 miae
552 884 770 922 testimoniis,
795 886 877 916 inde
901 886 1056 926 proferto
1074 884 1158 915 nihil
1175 884 1270 914 aliud
1294 884 1361 914 nisi
1385 883 1452 914 hoc
1476 883 1638 924 intelligi-

433 934 506 967 tur,
541 928 648 959 fuisse
683 932 876 982 posteriore
909 936 1043 970 aetate,
1077 931 1134 970 qui
1168 930 1294 961 Lvsiae
1326 929 1419 970 apud
1455 928 1638 960 Platonem

435 975 628 1004 orationem
653 975 688 1005 iu
714 977 868 1016 epistolis
908 977 953 1007 vix
956 978 973 1007 i
999 977 1174 1007 amatoriis
1199 966 1445 1007 numerandam
1470 984 1545 1005 esse
1574 975 1637 1006 du-

435 1025 561 1051 cerent
621 1020 656 1051 ld
689 1023 780 1061 quod
818 1023 861 1053 de
890 1023 1031 1053 Hermia
1060 1023 1197 1063 quidem
1231 1021 1450 1052 manifestum
1484 1026 1549 1059 est,
1580 1021 1638 1071 qui

433 1066 469 1096 id
501 1076 606 1096 unum
636 1073 980 1109 narrat,repe1tum
1014 1078 1034 1099 a
1068 1078 1105 1099 se
1144 1068 1234 1098 hanc
1267 1068 1460 1098 mationem
1494 1076 1569 1098 esse
1602 1068 1639 1097 in

436 1112 533 1142 colle·
545 1113 639 1143 tione
665 1114 815 1153 quadam
839 1115 908 1145 Lx>
895 1115 1063 1146 siacarum
1089 1113 1324 1155 epistolarum,
1352 1116 1503 1145 ceterum
1519 1117 1635 1143 autem

436 1168 511 1188 eam
538 1168 612 1189 esse
637 1169 756 1190 revera
792 1161 981 1191 orationem
1015 1161 1208 1192 arbitratur,
1268 1158 1362 1192 Quid
1396 1159 1521 1200 igitur?
1555 1169 1637 1189 num

438 1214 505 1243 qua
537 1205 733 1245 putabimus
761 1212 915 1237 veterum
941 1207 1136 1238 criticorum
1162 1207 1203 1237 de
1235 1205 1300 1236 hac
1317 1215 1353 1236 re
1377 1205 1542 1236 iudicium
1565 1209 1637 1235 tam

433 1260 511 1280 esse
537 1255 685 1288 certum,
718 1256 755 1281 ut
781 1254 811 1283 ei
837 1253 1000 1284 continuo
1025 1253 1111 1283 fides
1138 1252 1298 1283 habenda
1323 1251 1393 1282 sit?
1450 1251 1637 1281 Enimvero

433 1306 537 1336 quum
562 1296 611 1327 illi
636 1297 670 1327 iu
695 1298 770 1329 aliis
795 1299 897 1329 rebus
931 1299 1086 1339 plurimis
1117 1298 1282 1328 similibus
1315 1297 1517 1338 gravissime
1550 1296 1638 1337 lapsi

432 1351 507 1372 esse
536 1343 768 1386 reperiantur,
802 1350 873 1374 tum
906 1345 1008 1375 etiam
1039 1345 1083 1375 de
1115 1344 1227 1374 forma
1251 1344 1423 1384 Lysianae
1447 1343 1548 1373 huius
1575 1343 1636 1373 de-

429 1388 644 1419 ‹·lamationis
670 1390 789 1429 procul
815 1390 918 1420 dnbio
943 1400 1049 1431 prave
1074 1390 1311 1420 iudicaverunt
1343 1390 1377 1420 iu
1403 1389 1561 1420 fraudem
1585 1389 1637 1419 in-

432 1434 525 1464 ducti
556 1435 778 1466 insolentiore
804 1436 906 1466 huius
937 1437 1102 1467 orationis
1139 1436 1261 1476 specie.
1318 1436 1361 1466 Id
1397 1435 1489 1475 quod
1523 1435 1637 1466 multis

432 1480 542 1519 iisque
569 1482 768 1512 certissimis
797 1483 1005 1522 argumentis
1039 1483 1228 1520 evincitur,
1264 1491 1352 1521 quae
1390 1481 1512 1512 ordine
1539 1481 1637 1511 dein>

430 1535 509 1566 ceps
535 1527 583 1557 ita
613 1527 785 1567 explicare
812 1529 1031 1566 conabimur,
1058 1535 1095 1558 ut
1120 1527 1219 1558 simul
1243 1532 1426 1568 appareat,
1460 1526 1636 1567 quomodo

430 1571 489 1602 illa
513 1573 611 1612 pueri
643 1575 748 1603 amati
772 1574 977 1614 alloquutio‚
1012 1584 1114 1614 quam
1142 1584 1251 1614 uuper
1283 1574 1449 1614 imprimis
1480 1572 1638 1603 animad-

431 1618 635 1648 vertendam
659 1619 912 1659 iudicaverunt,
937 1620 1139 1660 accipienda
1169 1624 1201 1650 et
1225 1619 1448 1659 intelligenda
1464 1619 1517 1649 sit.
1566 1619 1637 1649 Ita-

430 1673 495 1703 que
528 1665 675 1704 primum
708 1666 846 1705 quidem
877 1676 947 1696 non
971 1664 1216 1706 negligendum
1246 1665 1282 1695 111
1316 1665 1383 1695 hac
1416 1674 1538 1695 caussa
1574 1669 1636 1703 est,

430 1709 524 1767 quod
558 1709 658 1741 Plato
692 1711 744 1752 ips
749 1721 766 1742 e
804 1712 994 1752 Lysiauam
1016 1691 1323 1743 e’declamationem
1361 1720 1496 1752 semper
1533 1713 1637 1741 vocat

430 1755 503 1793 30'71
506 1769 532 1784 ιν
558 1755 738 1797 «incanam,
778 1768 954 1797 nunquam
977 1757 1171 1796 ἐπιστολήῃ
1196 1757 1302 1787 veluti
1326 1768 1360 1798 p.
1386 1756 1463 1790 263.
1488 1756 1529 1787 D.
1557 1755 1635 1790 ⁸223.

435 1800 719 1835 23121126).
769 1803 874 1836 Quod
898 1804 972 1843 quis
999 1804 1137 1834 tandem
1164 1803 1228 1834 sibi
1254 1802 1460 1843 persuadeat
1483 1812 1559 1833 eum
1586 1802 1636 1834 ita

429 1847 600 1878 facturum
624 1847 747 1887 fuisse,
784 1851 813 1880 si
846 1859 966 1880 revera
990 1849 1112 1880 fuisset
1137 1848 1283 1889 epistola
1314 1858 1416 1888 quam
1440 1849 1636 1888 posuisset?

428 1892 599 1924 Nimirum
635 1904 697 1934 par
729 1900 802 1925 erat
831 1895 990 1936 profecto
1022 1900 1124 1935 atque
1156 1895 1284 1925 iustum
1322 1895 1473 1934 legentes
1509 1894 1636 1926 alicubi

432 1940 538 1969 verbo
572 1939 692 1970 saltem
726 1941 932 1979 admonere,
969 1941 1052 1980 quid
1083 1941 1133 1972 rei
1166 1944 1277 1979 esset,
1312 1950 1425 1980 neque
1455 1950 1514 1971 eos
1540 1940 1636 1972 clan-

429 1985 566 2015 destino
592 1986 736 2016 consilio
760 1996 870 2026 usque
894 1986 1015 2017 fallere
1043 1992 1075 2017 et
1101 1986 1191 2017 mala
1222 1986 1345 2017 fraude
1372 1987 1634 2020 circumvenire.

431 2030 542 2061 Porro
575 2030 655 2062 huie
685 2033 834 2063 orationi
868 2038 1089 2073 opponuntur
1118 2038 1239 2073 postea
1279 2033 1367 2063 duae
1393 2030 1548 2064 Socratis
1573 2033 1636 2064 de-

428 2076 667 2115 clamationes,
711 2088 794 2118 quas
835 2088 935 2109 nemo
968 2079 1146 2118 negaverit
1185 2088 1304 2109 revera
1337 2087 1412 2108 esse
1448 2079 1635 2119 orationes,

431 2122 634 2163 praesertim
660 2133 763 2163 quum
787 2124 884 2165 prior
913 2134 1029 2155 earum
1053 2135 1074 2165 p
1113 2124 1191 2158 237.
1215 2124 1255 2156 Β.
1293 2124 1491 2155 exordiatur
1514 2135 1534 2155 a
1558 2135 1634 2156 ver-

428 2168 498 2198 bis:
523 2170 609 2209 3¹).st
635 2169 669 2197 δὲ
693 2164 767 2202 ὦδε,
816 2170 869 2201 Ex
895 2180 961 2210 quo
993 2171 1074 2210 quid
1100 2171 1143 2201 sit
1168 2180 1394 2210 consequens,
1419 2176 1541 2211 sponte
1570 2181 1634 2212 ap-

428 2218 536 2254 paret.
609 2213 762 2246 Necesse
794 2219 847 2247 est
884 2217 972 2246 enim
1008 2217 1109 2247 etiam
1142 2217 1290 2256 Lpsiana
1326 2216 1530 2247 declamatio
1569 2228 1632 2258 pro

434 2260 590 2290 oratione
616 2260 801 2297 habeatur,
841 2262 1009 2301 siquidem
1043 2262 1270 2293 conveniebat
1305 2262 1481 2292 orationes
1504 2264 1634 2304 opponi

432 2306 601 2345 orationi,
627 2317 697 2337 non
724 2308 890 2348 epistolae
954 2307 1138 2339 Praeterea
1163 2318 1246 2338 vero
1273 2308 1533 2348 diligentissima
1559 2310 1632 2349 dig-

430 2361 510 2382 num
538 2355 590 2382 est
614 2354 923 2391 animadversione,
953 2355 1046 2393 quod
1071 2364 1090 2384 a
1114 2355 1197 2384 viris
1219 2354 1329 2384 doctis
1348 2354 1540 2394 neglectum
1557 2364 1634 2386 esse

435 2407 624 2436 sanequam
659 2399 812 2438 mireris,
844 2409 986 2441 puerum
1025 2401 1223 2431 adamatum
1255 2400 1297 2430 ab
1329 2400 1458 2430 amasio
1493 2405 1566 2431 tum
1598 2402 1634 2432 111

432 2443 603 2483 principio
630 2450 701 2474 tum
729 2446 762 2475 in
791 2447 884 2477 exitu
909 2446 1074 2477 orationis
1098 2451 1273 2486 tamquam
1297 2450 1514 2485 praesentem
1538 2456 1633 2478 com-

432 2488 572 2529 pellari,
602 2491 694 2529 quod
719 2492 821 2522 etiam
847 2491 1008 2523 Socrates
1031 2493 1066 2522 in
1090 2493 1205 2532 priore
1231 2491 1386 2522 oratione
1421 2502 1454 2532 p.
1481 2491 1560 2526 237.
1586 2494 1631 2526 A.

434 2535 527 2564 etin
564 2537 756 2574 posteriore
788 2548 822 2578 p.
857 2536 935 2570 244.
968 2538 1012 2570 A.
1048 2539 1218 2575 imitatur,
1252 2537 1531 2577 quandoquidem
1559 2539 1633 2579 ipse

430 2589 566 2620 quoque
604 2587 792 2613 amatorem
836 2583 933 2624 fingit
969 2594 1045 2615 cum
1085 2583 1215 2614 deliciis
1258 2584 1326 2614 suis
1367 2584 1631 2624 colloquentem,

435 2626 530 2657 Quid
558 2628 667 2657 vero?
703 2638 816 2659 nonne
841 2630 920 2660 inde
944 2629 1127 2660 fatebimur
1151 2628 1419 2660 luculentissime
1453 2639 1632 2671 apparere,

427 2672 619 2703 orationem
647 2682 740 2712 csse,
773 2685 841 2705 non
874 2675 1074 2715 epistolam,
1107 2685 1209 2715 quam
1236 2674 1337 2706 Plato
1374 2675 1501 2716 Lysiae
1533 2678 1632 2707 attri-

427 2718 562 2749 buerit?
621 2717 732 2750 Nemo
760 2721 848 2751 enim
874 2726 942 2753 tam
967 2722 1101 2763 ineptus
1128 2726 1197 2760 est,
1229 2724 1267 2752 ut
1299 2720 1429 2752 homini
1460 2721 1631 2762 praesenti
