1687 2969
499 784 966 847 PROLEGOMENA

699 913 743 943 ad

315 999 1151 1058 PHAEIJRIJM.

57 1205 295 1280 Phaedrus
334 1238 686 1296 Myrrbinusius‚
733 1238 806 1292 qui
853 1235 983 1279 niodo
1033 1252 1058 1277 a
1097 1236 1235 1293 Lysia
1275 1235 1406 1293 venit,

56 1298 226 1339 rhetore
281 1304 323 1340 et
368 1299 612 1341 orationum
674 1299 885 1354 scriptore
933 1297 1228 1351 nobilissimo,
1286 1298 1409 1340 cuius

56 1354 236 1396 mirifice
267 1355 563 1398 delectabatur
593 1355 925 1412 scriptionibus,
969 1353 1163 1408 Socrati,
1197 1355 1266 1397 cui
1297 1356 1409 1397 forte

58 1411 230 1454 obviam
251 1413 383 1466 venit,
406 1428 564 1470 magna
595 1429 691 1455 cum
715 1412 939 1468 voluptate
971 1418 1115 1453 narrat
1136 1412 1409 1468 perpulcram

58 1484 108 1511 ac
148 1468 301 1510 scitam
344 1470 583 1512 orationem
628 1470 681 1512 ab
713 1470 786 1511 illo
818 1485 964 1511 secum
996 1483 1088 1510 esse
1120 1469 1410 1511 communica-

56 1532 158 1567 tam.
218 1526 374 1569 Fuisse
404 1534 548 1568 autem
579 1543 673 1569 eam
702 1526 943 1582 argumenti
975 1526 1186 1580 amatorii⁷
1213 1525 1410 1581 quando-

59 1582 237 1637 quidem
266 1583 414 1625 rhetor
439 1583 705 1639 lepidissime
735 1583 1111 1636 demonstraverit,
1146 1586 1184 1624 ei
1216 1583 1291 1638 qui
1322 1599 1409 1625 non

57 1645 172 1680 amet
200 1640 346 1694 potius
377 1655 504 1694 quam
524 1641 766 1682 amantibus
797 1655 893 1681 esse
921 1639 1268 1696 gratificandum.
1329 1640 1411 1684 So-

59 1702 202 1737 crates
239 1711 405 1738 summa
433 1697 494 1738 rei
533 1698 777 1739 accuratius
810 1695 1051 1737 audiendae
1084 1697 1323 1752 cupiditate
1356 1698 1411 1739 si-

58 1752 223 1794 mulata
253 1754 459 1795 continuo
491 1761 618 1811 rogat
648 1754 880 1806 hominem,
914 1759 977 1805 ut,
1011 1760 1222 1807 quantum
1250 1770 1411 1796 memo—

58 1809 164 1850 riter
183 1809 277 1851 fieri
307 1811 460 1866 possit,
483 1811 653 1867 plenius
687 1826 886 1852 enarrare
908 1810 1012 1851 velit
1034 1825 1143 1864 quae
1174 1816 1295 1852 tanta
1314 1827 1411 1854 cum

59 1866 190 1907 animi
236 1866 522 1909 oblectatione
564 1868 798 1917 audiverit;
846 1882 987 1922 neque
1027 1867 1140 1908 enim
1185 1883 1280 1910 sese
1321 1869 1410 1911 ullo

59 1922 189 1964 modo
221 1922 433 1978 dubitare,
467 1925 585 1980 quin,
618 1940 750 1980 quum
781 1924 942 1981 Lysiae
975 1930 1111 1965 artem
1141 1925 1251 1966 tanti
1281 1927 1411 1968 aesti-

61 1985 163 2033 met,
196 1986 332 2022 totam
368 1982 484 2023 illam
513 1997 652 2038 paene
686 1981 925 2023 edidicerit.
984 1980 1239 2023 Reluctatur
1268 1983 1411 2025 Phae-

61 2035 164 2078 drus
185 2037 381 2080 modeste
402 2054 451 2080 ac
471 2039 576 2080 tacit
606 2038 797 2081 delicias.
856 2037 1054 2079 Tandem
1084 2037 1286 2081 Socrates
1317 2055 1413 2083 eum

61 2093 366 2136 animadvertit
392 2095 583 2137 libellum
603 2097 789 2150 aliquem
809 2095 888 2137 sub
910 2095 1034 2137 laevo
1054 2101 1200 2137 tenere
1217 2096 1411 2139 brachio.

61 2150 208 2192 Ecce!
247 2152 343 2207 ipsa
380 2158 447 2193 est
482 2153 646 2209 Lysiae
698 2152 1113 2205 declamatiuncula7
1163 2168 1291 2207 quam
1342 2155 1413 2196 ille

60 2222 176 2249 nunc
206 2213 327 2250 tanto
355 2209 495 2251 minus
536 2216 710 2252 recusat
747 2209 919 2251 Socrati
951 2209 1158 2263 recitare,
1203 2225 1288 2264 quo
1321 2226 1414 2254 cer—

61 2264 148 2306 tius
189 2279 208 2306 s
245 2271 336 2307 erat
371 2266 564 2308 futurum
594 2282 710 2321 esse,
754 2273 803 2308 ut
840 2266 941 2307 huic
983 2281 1070 2307 non
1110 2266 1252 2308 minus
1285 2284 1415 2323 quam

65 2320 149 2362 sibi
176 2338 204 2376 p
224 2329 360 2364 accat.
421 2322 641 2376 Quocirca
671 2325 757 2365 iam
788 2322 1065 2365 considentes
1097 2322 1151 2363 ad
1183 2338 1412 2368 consecra-

64 2383 132 2418 tas
176 2378 258 2420 diis
297 2379 413 2436 ripas
456 2381 575 2422 Ilissi
619 2381 698 2423 sub
741 2380 896 2421 umbra
935 2379 1100 2434 platani
1139 2381 1299 2435 patulis
1331 2382 1414 2424 dif-

64 2433 188 2475 fusae
217 2436 371 2490 ramis⁷
415 2438 593 2493 explosa
631 2453 707 2494 per
748 2437 1020 2479 occasionem
1051 2436 1341 2492 sophistarum
1373 2447 1417 2482 et

64 2489 284 2532 rhetorum
304 2495 599 2549 perversitate,
633 2495 707 2549 qui
736 2494 780 2535 in
801 2492 1044 2535 fabularum
1063 2494 1415 2550 interpretatione

65 2547 286 2603 argutiore
336 2551 567 2605 plurimum
617 2567 774 2607 operae
823 2550 1066 2606 ponebant⁷
1115 2552 1181 2592 sui
1225 2551 1416 2608 ipsorum

66 2604 360 2660 cognitionem
379 2608 675 2664 negligebant,
709 2623 874 2650 sumnia
905 2607 983 2648 otii
1003 2608 1218 2649 suavitate
1250 2609 1415 2668 Lysiae

66 2676 176 2717 opus
206 2668 471 2717 pertractare
501 2665 733 2708 instituunt
766 2666 841 2721 (p.
875 2665 954 2706 227
972 2665 1120 2707 —230
1150 2665 1240 2719 E..)

1106 2732 1147 2772 A

135 2792 201 2817 ’ΥᾺ-
