1687 2969
185 173 189 178 ”
247 182 325 218 344

782 181 1040 220 PLATOMS

331 288 445 342 Τοὲχα
469 287 506 330 δ’
536 286 616 331 οὖν
642 297 775 332 ταῦτα
803 291 944 343 μῦθός
972 300 1039 332 σοι
1066 291 1184 332 δοκεῖ
1209 289 1419 343 λέγεσθαι,
1449 288 1584 344 ὥςπερ

243 355 388 406 γραός,
418 354 487 395 καὶ
508 359 792 409 καταφρονεῖς
815 357 965 397 αὐτῶν.
995 356 1066 397 καὶ
1096 355 1224 397 οὐδέν
1251 352 1284 409 γ’
1317 356 1370 397 ἂν
1398 353 1452 410 ἦν
1480 361 1586 398 θαυ-

243 420 406 472 μαστὸν
441 424 732 474 καταφρονεῖν
767 422 951 470 τούτων,
993 421 1031 461 εἴ
1066 434 1125 475 πῃ
1165 423 1386 473 ζητοῦντες
1424 421 1589 475 εἴχομεν

245 485 386 525 αὐτῶν
415 486 563 537 βελτίω
592 486 662 527 καὶ
691 487 950 540 ἀληθέστερα
981 486 1140 539 εὑρεῖν·
1171 491 1254 527 νῦν
1283 485 1326 527 δὲ
1354 487 1481 539 ὁρᾷς,
1523 487 1587 528 ὅτι.

243 552 352 601 τρεῖς
392 551 511 598 ὄντες
548 551 688 604 ὑμεῖς,
731 552 851 603 οἵπερ
882 552 1124 604 σοφώτατοί
1153 550 1242 592 ἐστε
1270 554 1356 593 τῶν
1384 559 1467 593 νῦν
1488 546 1588 592 Ἐλ-

244 615 407 668 λήνων,
446 617 499 656 σύ
537 631 579 656 τε
619 616 690 657 καὶ
721 619 872 665 Πῶλος
900 617 969 657 καὶ
999 617 1204 670 Γοργίας,
1243 617 1322 658 οὐκ
1351 614 1458 670 ἔχετε
1487 618 1589 658 ἄπο-

243 680 392 730 δεῖξαι,
429 680 486 728 ὡς
514 681 579 721 δεῖ
603 683 732 722 ἄλλον
760 681 855 722 τινὰ
884 683 981 735 βίον
1010 684 1084 735 ζῆν
1113 683 1138 735 ἢ
1167 689 1333 730 τοῦτον,
1366 679 1491 735 ὅςπερ
1519 682 1589 723 καὶ

243 744 372 787 ἐκεῖσε
402 747 597 798 φαίνεται
626 746 869 800 συμφέρων,
899 741 984 787 ἀλλ’
1015 745 1060 787 ἐν
1086 749 1306 795 τοσούτοις
1334 748 1475 801 λόγοις
1503 750 1589 788 τῶν

241 813 382 852 ἄλλων
411 810 695 864 ἐλεγχομένων
723 813 854 865 μόνος
883 806 1008 861 οὗτος
1035 812 1181 866 ἠρεμεῖ
1207 812 1230 853 ὁ
1258 814 1396 867 λόγος,
1439 810 1496 862 ὦς
1525 816 1588 855 εύ-

241 874 450 930 λαβητέον
487 875 572 918 ἐστὶ
609 878 654 918 τὸ
699 877 860 918 ἀδικεῖν
888 878 1104 931 μάλλονῆ
1140 880 1187 919 τὸ
1217 879 1480 928 ἀδικεῖσθαι,
1517 878 1588 920 καὶ

241 943 401 990 παντὸς
448 945 609 995 μᾶλλον
658 942 780 996 ἀνδρὶ
827 941 1074 996 μελετητέον
1123 943 1175 983 οὐ
1213 945 1259 984 τὸ
1297 945 1440 985 δοκεῖν
1479 940 1589 985 εἶναι

242 1008 424 1060 ἀγαθόν,
454 1008 558 1048 ἀλλὰ
586 1007 633 1048 τὸ
665 1004 774 1049 εἶναι
801 1007 871 1049 καὶ
900 1008 985 1062 ἰδίᾳ
1013 1007 1082 1049 καὶ
1111 1008 1314 1064 δημοσίᾳ·
1347 1008 1422 1050 ἐὰν
1451 1007 1494 1051 δέ
1524 1025 1587 1058 τις

309 1145 448 1188 ὥςπερ
481 1145 635 1190 γραός]
679 1147 769 1179 Flor.
801 1159 833 1178 Χ.
872 1147 1074 1180 Theodoret.
1107 1148 1232 1180 Euseb.
1264 1153 1297 1180 et
1330 1149 1409 1181 edit.
1443 1150 1520 1181 Bas.
1553 1148 1584 1181 2.

242 1190 354 1233 ὥςπερ
388 1189 456 1224 ὑπὸ
480 1191 598 1234 γραός.
646 1192 756 1232 Male;
790 1193 831 1225 ad
857 1191 968 1233 ὥςπερ
996 1192 1102 1235 γραός
1128 1194 1185 1225 1111.
1214 1196 1336 1233 μῦθος.
1385 1195 1468 1226 Mox
1493 1194 1587 1236 vulg.

240 1236 448 1277 θαυμαστὸι
474 1235 666 1282 ἦι,(1116111
698 1239 879 1270 verborum
904 1238 1057 1270 ordinem
1080 1239 1281 1281 paucissimi
1306 1250 1385 1272 cum
1409 1240 1486 1272 Par.
1510 1240 1586 1272 EF.

239 1288 386 1315 tuentur.

308 1329 345 1361 C.
383 1326 500 1367 Ἐμοὶ
528 1322 609 1360 οὖν
636 1328 820 1367 πειθόμε
835 1340 852 1358 1
861 1327 921 1370 ος]
948 1329 1003 1360 Sic
1020 1329 1096 1361 Vat.
1119 1330 1252 1361 Ven.''
1222 1340 1260 1361 με.
1288 1329 1391 1361 Vind.
1409 1328 1438 1361 1.
1456 1328 1486 1362 2.
1506 1328 1537 1362 6.
1556 1328 1588 1361 7.

240 1374 315 1405 Par.
347 1373 540 1417 BCIVW.
582 1374 674 1405 Flor.
706 1385 735 1405 a.
767 1373 799 1407 b.
833 1384 859 1405 c.
891 1373 921 1404 d.
955 1385 999 1405 m.
1033 1385 1062 1406 o.
1094 1385 1127 1406 Χ.
1159 1375 1299 1408 Μ661111.
1325 1374 1421 1406 Bodl.
1470 1374 1585 1416 Vulgo

239 1418 334 1459 Ἐμοὶ
360 1418 438 1457 μὲν
464 1418 540 1450 οὖν.

308 1461 360 1497 ὥς
396 1461 414 1494 ὁ
455 1461 528 1498 σὸς
564 1462 691 1504 λόγος
731 1462 962 1505 σημαίνει]
1010 1463 1067 1495 Sic
1103 1463 1272 1495 edidimus
1309 1475 1326 1495 e
1362 1464 1441 1495 Vat.
1478 1463 1584 1495 Coisl.

241 1509 342 1542 Vind.
360 1508 388 1541 l.
409 1508 438 1542 6.
472 1510 548 1541 Par.
567 1509 745 1540 BCEFI.
777 1509 869 1540 Flor.
893 1519 921 1540 a.
947 1508 980 1540 b.
1005 1519 1031 1539 6.
1057 1508 1086 1540 (1.
1113 1509 1133 1539 f.
1159 1519 1202 1539 m.
1228 1519 1260 1540 0.
1283 1519 1309 1540 s.
1342 1508 1439 1540 Bodl.
1459 1509 1536 1540 Bas.
1556 1509 1586 1540 2.

239 1555 474 1587 consentiente
499 1555 708 1586 Hermanno.
756 1553 869 1596 Vulgo
894 1551 940 1588 ὠς
965 1551 983 1585 ὁ
1010 1551 1110 1597 λόγος
1139 1556 1312 1595 σημαίνει,
1340 1554 1442 1596 idque
1467 1554 1585 1586 critico

993 1680 1041 1714 οὐ
1088 1681 1130 1715 τὸ
1174 1683 1326 1715 δοκεῖν
1368 1678 1489 1714 εἶναι
1520 1681 1585 1725 ——]

947 1729 1056 1760 Notus
1076 1732 1128 1760 est
1149 1738 1268 1760 versus
1288 1728 1378 1770 apud
1404 1728 1588 1769 Aeschy-

947 1774 1034 1805 lum
1067 1774 1205 1816 Septem
1238 1783 1266 1805 6.
1302 1772 1410 1805 Theb.
1446 1784 1478 1804 v.
1511 1772 1588 1805 598.

947 1819 988 1850 (16
1020 1819 1248 1874 Amphiarsszao
1288 1816 1329 1851 οὐ
1364 1816 1430 1860 γὰρ
1468 1818 1588 1851 δοκεῖν

946 1861 1096 1905 ἄριστος,
1122 1861 1188 1895 ἀλλ’
1207 1865 1297 1895 εἰναι
1317 1863 1420 1895 θέλει.
1458 1864 1587 1896 Contra

945 1910 1117 1955 plerisque
1155 1909 1352 1940 hominibus
1390 1907 1424 1939 τὸ
1468 1908 1587 1940 δοκεῖν

946 1956 1038 1986 εἰναι
1069 1952 1208 1997 ἀγαθὸι
1242 1954 1343 1985 unice
1376 1954 1587 1995 propositum

285 1681 417 1716 οὐδὲι
460 1681 488 1727 γ’
534 1681 585 1716 ἂι
623 1678 675 1727 ἦ]
710 1684 876 1722 θαυμα-

242 1728 343 1761 ῦῖὸῬ
368 1726 875 1771 καῖαφρονείνῖθῐῐῖωΡ]

239 1775 357 1807 1111111
395 1776 545 1806 1111111111
583 1775 714 1814 foret,
763 1775 877 1816 quod

240 1820 336 1862 quis
378 1820 485 1852 haec
527 1820 793 1863 despiceret,
841 1820 878 1851 si

239 1876 320 1907 qua
378 1866 551 1898 ratione
605 1869 876 1907 quaerentes

239 1921 465 1953 possemus
512 1911 569 1942 iis
611 1910 795 1942 meliora
839 1915 878 1942 et

239 1957 418 1988 veriora
463 1956 683 1988 invenire.
752 1955 876 1987 Paullo

239 2006 318 2034 ante
343 2000 386 2032 ad
411 1999 524 2042 ὥςπερ
549 1999 657 2043 γραός
681 2000 789 2032 intell.
814 2003 876 2039 μῦ-

238 2048 317 2080 θος.
347 2046 502 2078 Fabulae
518 2047 734 2078 anicularum
750 2047 785 2077 in
802 2056 876 2087 pro-

238 2092 395 2124 verbium
424 2091 590 2123 abierunt.
627 2103 658 2124 v.
691 2092 878 2133 paroemio-

238 2137 386 2181 graphos
410 2138 445 2168 in
470 2148 502 2168 v.
528 2138 657 2178 Γραιῦν
680 2136 797 2170 ὕθλος.

284 2184 322 2215 Β.
370 2182 438 2214 καὶ
477 2181 628 2214 ἐκεῖσε
666 2184 876 2222 φαίνεται

242 2227 503 2271 συμφέρων]
544 2228 614 2270 qui
654 2228 785 2259 etiam
825 2226 877 2258 ad

239 2273 425 2306 alteram
466 2273 597 2305 illam
642 2274 775 2304 vitam
812 2283 877 2304 va-

239 2318 331 2350 lere
356 2318 543 2352 videtur.
581 2318 668 2349 Nam
689 2316 814 2354 ἐκεῖσε,
839 2321 878 2348 111

240 2364 433 2396 sexcenties
464 2363 548 2395 alibi
580 2361 666 2401 ἐκεῖ,
699 2363 739 2394 (16
771 2363 878 2394 altera

238 2410 311 2440 vita
334 2408 612 2450 intelligendum;
637 2407 754 2440 eodem
778 2407 877 2440 modo

238 2455 356 2486 Latini
391 2453 492 2485 illio
523 2458 557 2485 et
586 2454 697 2485 illuc
722 2454 878 2495 frequen-

238 2503 366 2532 tarunt.
407 2498 475 2530 vid.
511 2499 651 2530 Monk.
686 2498 728 2530 ad
761 2499 877 2540 Eurip.

239 2545 367 2578 Alcest.
390 2555 421 2575 v.
447 2543 523 2577 760.

286 2585 415 2623 οὗτος
463 2586 624 2632 ἠρεμεῖ
668 2586 686 2620 ὁ
732 2585 876 2643 λόγός]

241 2630 777 2689 01γ111111οᾶο1ηεεά1τὶτοῦ
793 2630 878 2664 ἀσά-

240 2681 358 2714 λευτος
389 2679 482 2718 μένει
515 2676 582 2712 ὑπὸ
612 2677 761 2720 μηδειὸς
784 2677 875 2720 ελεγ-

240 2724 393 2767 χόμενος.

946 2011 1019 2032 esse
1056 2000 1155 2031 docet
1188 1998 1413 2041 philosophus
1446 1998 1588 2030 'lheaet.

946 2056 977 2087 p.
1003 2043 1076 2077 176.
1102 2045 1138 2075 B.
1186 2044 1319 2075 Deinde
1344 2043 1435 2085 quod
1460 2044 1586 2075 Hein-

946 2090 1054 2122 dors.
1086 2089 1267 2131 legendum
1294 2090 1403 2121 suasit
1427 2088 1481 2120 καὶ
1508 2091 1585 2121 τοῦ·

948 2148 982 2167 το
1009 2134 1042 2166 τὸ
1069 2134 1236 2174 δεύτερον
1259 2132 1408 2177 ἀγαθὼ,
1441 2144 1482 2166 ea
1505 2144 1585 2165 con-

946 2182 1076 2212 iectura
1106 2180 1194 2212 nihil
1225 2190 1320 2222 opus.
1368 2180 1454 2211 Nam
1487 2182 1584 2210 τοῦτο

947 2225 1137 2258 subiectum
1162 2229 1222 2265 est,
1255 2223 1422 2265 δεύτερον
1444 2220 1585 2265 αγαθόν

946 2271 1188 2323 praedicatum.
1221 2281 1249 2301 v.
1276 2270 1376 2311 Gorg.
1398 2280 1429 2310 p.
1446 2268 1521 2301 510.
1541 2270 1585 2301 D.

946 2317 1108 2348 Proxima
1144 2316 1193 2348 sic
1237 2315 1485 2355 interpreteris:
1527 2325 1583 2346 se-

947 2361 1128 2393 eundum
1151 2361 1302 2392 bonum
1319 2359 1395 2391 hoc
1412 2370 1518 2399 esse,
1541 2363 1583 2390 ut

946 2408 1092 2439 iustus
1117 2407 1200 2437 fias
1225 2415 1290 2444 eo,
1315 2405 1427 2446 quod
1453 2406 1585 2436 easti-

946 2456 1075 2495 gatus
1113 2461 1291 2493 poenam
1327 2449 1434 2482 luas.
1478 2460 1508 2481 v.
1540 2449 1584 2481 ad

946 2508 977 2540 p.
1003 2496 1079 2530 525.
1105 2497 1144 2528 Β.

993 2587 1030 2618 C.
1087 2584 1192 2618 οὕτω
1228 2597 1245 2626 χ
1259 2594 1337 2626 ρησ
1351 2583 1464 2621 teor,
1511 2582 1581 2615 ἐπὶ

948 2629 988 2663 τὸ
1009 2630 1149 2663 δίκαιο
1164 2643 1181 2661 v
1199 2628 1244 2663 οἶε
1256 2629 1280 2672 ί]
1304 2631 1480 2661 Postrema
1498 2628 1582 2659 haec

946 2677 1061 2709 addita
1083 2681 1164 2708 sunt
1174 2701 1182 2716 ‚
1215 2680 1253 2707 ut
1276 2684 1395 2705 vocem
1420 2672 1508 2705 οὕτω
1533 2675 1582 2704 111-

946 2725 1179 2765 terpretentur.
1226 2721 1333 2754 Cuius
1360 2719 1502 2751 rationis
1525 2729 1583 2751 ex-
