1687 2969
420 168 831 215 PHAEDRUS.
870 170 921 213 P.
956 171 1047 211 252.
1080 169 1142 212 St.
1372 172 1448 210 115

99 294 171 335 καὶ
204 293 456 347 κοιμᾶσθαι
492 288 603 333 ὅπου
639 286 696 330 ἂν
728 290 779 343 ἐᾷ
817 304 881 336 τις
914 286 1134 341 ἐγγυτάτω
1173 287 1250 328 τοῦ
1271 284 1447 330 πόθου·

97 355 206 414 πρὸς
239 355 325 416 γὰρ
362 360 421 414 τῷ
459 359 670 412 σέβεσθαι
704 352 783 398 τὸν
822 353 871 398 τὸ
906 353 1066 403 κάλλος
1098 359 1254 409 ἔχοντα
1291 353 1446 408 ἰατρὸν

96 424 248 482 εὕρηκε
284 424 425 481 μόνον
457 427 543 466 τῶν
578 425 791 479 μεγίστων
825 420 988 465 πόνων,
1025 423 1156 465 τοῦτο
1193 422 1237 462 δὲ
1274 418 1323 464 τὸ
1359 420 1444 464 noi-

102 495 206 545 θος,
241 486 272 534 ὦ
311 502 394 536 παῖ
427 494 543 542 καλέ,
578 487 692 547 πρὸς
729 486 781 532 ὃν
815 490 866 543 δή
902 506 978 543 μοι
1014 486 1036 531 ὁ
1075 489 1225 542 λόγος,
1261 485 1445 542 ἄνθρω-

95 577 171 603 ποι
220 561 300 616 μὲν
329 558 502 614 ’Έρωτα
556 555 848 613 ὀνομάζουσι,
902 558 1009 599 θεοὶ
1062 558 1105 597 δὲ

1166 551 1189 595 ὃ
1236 558 1446 598 καλοῦσιν

95 625 295 678 ἀκούσας
327 625 500 676 εἰκότως
534 623 605 668 διὰ
642 623 829 677 νεότητα
865 621 1046 678 γελεέσει.
1081 626 1253 678 λέγουσι
1292 624 1347 673 δέ,
1383 622 1445 666 οἶ-

188 754 228 788 Β.
276 758 410 788 τοῦτο
441 755 482 787 δὲ
512 755 556 787 τό
594 753 760 797 πάθος]
789 755 826 789 V.
852 755 917 796 δή,
945 759 1085 798 praeter
1109 754 1209 787 fidem
1237 755 1442 796 optimorum

92 800 382 842 plurimorumque
408 802 578 834 codicum.

183 869 252 902 διὰ
286 869 472 912 νεότητα
505 868 699 912 γελάσει]
727 869 764 903 V.
789 868 981 912 γελάσειας,

1009 869 1100 910 qnod
1128 880 1146 901 e
1173 868 1272 900 Bodl.
1298 868 1441 910 aliisque

92 916 320 950 emendatum.
347 917 396 948 De
421 916 534 948 futuro
557 914 744 959 γελάσομαι
769 925 798 947 v.
816 913 987 948 Scbact'er.
1003 916 1045 947 ad
1062 916 1208 956 Gregor.
1227 915 1306 948 Cor.
1327 925 1360 956 p.
1381 915 1437 950 92.

92 1032 210 1070 petent
234 1029 445 1071 sapientiam.
481 1028 578 1061 Quae
597 1029 734 1070 quidem

90 1076 134 1107 illi
149 1079 282 1108 secreta
300 1085 340 1107 ac
358 1073 533 1107 recondita
551 1073 731 1113 habebant,

90 1131 157 1152 non
192 1121 410 1153 mediocriter
434 1121 516 1162 ipsis
549 1121 733 1161 gloriantes

90 1176 132 1198 ac
156 1167 402 1208 superbientes,
451 1166 529 1199 Quo
556 1177 657 1199 sensu
682 1171 731 1199 et-

89 1213 153 1244 iam
180 1212 430 1245 Athenaeus
456 1211 495 1245 V.
521 1223 554 1253 p.
579 1212 659 1247 214.
690 1212 730 1246 E.

87 1258 218 1299 βιβλίον
261 1257 410 1289 παλαιὰν
447 1258 501 1288 καὶ
548 1256 731 1290 ἀπόθετον

88 1307 272 1348 memorat.
329 1304 382 1336 Ex
407 1303 457 1336 bis
482 1303 583 1345 igitur
611 1305 729 1336 carnii-

89 1350 188 1382 nibus
222 1349 488 1382 Homeridarum
526 1351 657 1382 arcanis
690 1361 730 1382 ac

87 1395 271 1429 reconditis
312 1396 415 1428 Plato
454 1405 542 1427 nunc
577 1396 644 1428 duo
683 1396 729 1428 af-

87 1441 154 1474 fert
187 1442 392 1481 versiculos,
424 1451 510 1482 quos
541 1452 619 1474 num
654 1443 727 1484 ipse

86 1498 149 1530 per
165 1487 341 1521 ludibrium
359 1487 531 1529 quoddam
558 1489 727 1520 confinxe-

85 1535 129 1566 rit
151 1534 258 1574 iisque
294 1544 355 1575 per
387 1534 456 1565 veri
491 1535 637 1575 speciem
671 1535 726 1566 tri-

83 1580 210 1619 buerit,
239 1579 335 1610 sicuti
360 1579 532 1622 Heynio
559 1579 599 1611 ad
621 1580 725 1613 Hom.

87 1625 130 1657 T.
168 1624 225 1658 lv,
259 1635 291 1666 p.
320 1624 394 1659 109.
435 1624 726 1657 Schleierma-

89 1669 221 1703 chero
256 1680 330 1704 ann.
356 1670 397 1701 ad
425 1669 454 1703 b.
482 1671 503 1702 l.
535 1671 659 1702 Astio
684 1670 726 1702 ad

89 1717 156 1750 l1.l.
183 1719 218 1748 et
234 1716 285 1748 De
303 1716 377 1748 Vita
402 1727 442 1747 ac
466 1716 613 1758 Scriptis
637 1716 728 1749 Plat.

89 1774 121 1805 p.
144 1761 216 1796 102.
242 1761 445 1794 Nitscbio
470 1761 512 1794 ad
536 1762 627 1795 Plat.
653 1763 727 1796 Ion.

87 1820 120 1851 p.
151 1808 202 1842 11.
233 1810 336 1849 atque
366 1807 535 1840 nobismet
567 1808 650 1850 ipsis
682 1809 729 1840 vi-

87 1864 163 1886 sum
189 1856 258 1893 est,
291 1863 332 1885 an
358 1863 475 1886 revera
501 1864 543 1886 ex
567 1853 728 1886 Homeri-

86 1902 203 1933 darum
229 1909 315 1942 penu
349 1899 578 1942 depromserit
603 1901 655 1932 vel
681 1904 729 1932 et-

87 1947 152 1979 iam
178 1955 220 1978 ex
244 1945 382 1986 antiquo
407 1945 522 1987 aliquo
548 1949 650 1987 poeta
676 1957 727 1978 re-

66 1991 234 2035 petierit,
257 1990 351 2033 quod
375 1990 447 2024 fere
471 1992 598 2033 placuit
621 1991 727 2024 Wel-

88 2039 225 2070 ckero
258 2036 303 2070 ad
335 2036 497 2071 Philostr.
524 2049 556 2079 p.
581 2036 647 2071 266
674 2048 726 2079 sq.

89 2088 124 2116 et
147 2082 372 2116 Lobeckio
403 2083 626 2125 Aglaopham.
651 2084 727 2118 Vol.

87 2129 129 2162 ll.
161 2139 192 2170 p.
217 2127 294 2163 861.
329 2130 485 2170 quaestio
520 2139 643 2171 anceps
676 2134 730 2162 est

90 2184 201 2215 neque
223 2184 372 2216 unquam
397 2175 561 2207 solubilis,
604 2175 727 2208 Verum

90 2221 154 2252 boc
185 2223 357 2262 utcunque
389 2231 466 2253 sese
492 2220 612 2262 habet,
647 2221 728 2253 illud

89 2265 227 2307 quidem
281 2265 496 2298 manifestum
553 2270 728 2308 putamus,

90 2311 189 2344 tribui
223 2310 284 2343 hos
315 2312 501 2344 versiculos
533 2323 553 2344 a
586 2313 730 2345 Platone

90 2358 174 2399 ipsis
196 2356 403 2398 Homeridis,
427 2361 466 2390 ut
491 2368 551 2400 per
577 2358 729 2390 occasio-

90 2413 166 2435 nem
193 2412 349 2434 arcanam
382 2403 482 2435 istam
508 2405 627 2445 poesin
657 2404 730 2435 Ho-

91 2448 253 2480 mericam
294 2448 416 2480 eodem
454 2450 590 2481 nomine
624 2450 731 2481 corri-

92 2494 183 2535 piat,
209 2503 276 2534 quo
300 2493 333 2524 in
357 2493 546 2535 Republica
577 2496 730 2537 inprimis

92 2543 201 2582 ipsum
237 2537 427 2571 Homerum
468 2542 666 2582 perstrinxit
697 2545 730 2573 et

93 2584 290 2627 exagitavit.
342 2584 478 2626 Quippe
515 2590 654 2618 notatur
688 2585 727 2617 τὸ

91 2631 204 2676 ἕτερον
242 2632 343 2670 ἔπος,
382 2631 497 2663 alter
537 2634 730 2664 versieu-

93 2679 184 2718 lu‚s
215 2680 386 2717 tamquam
420 2673 617 2719 υβριστικὸν
642 2690 732 2710 πανῑ

92 2722 146 2754 καὶ
193 2722 232 2755 οὗ
292 2720 427 2764 σφυὸρα
473 2735 508 2752 τι
556 2724 733 2767 ἔμμετρον.

94 2768 195 2803 Quod
216 2767 352 2808 quidem
379 2766 422 2798 ad
449 2768 634 2802 secundum
660 2779 731 2799 ver-

803 1039 875 1060 sum
904 1029 1091 1068 pertinere,
1124 1027 1179 1067 qui
1211 1027 1325 1058 nescio
1359 1027 1440 1068 quid

802 1075 960 1107 lasciviae
994 1072 1132 1114 babeat,
1167 1072 1341 1104 verissime
1368 1083 1441 1114 per-

802 1121 914 1162 spexit
940 1119 1098 1151 Astius.
1148 1117 1233 1149 Nam
1252 1119 1304 1150 vel
1331 1118 1440 1159 ipsum

800 1177 922 1199 nomen
947 1166 1088 1205 Πιέρως
1114 1163 1214 1196 babet
1230 1164 1358 1204 aliquid
1381 1165 1440 1196 ob-

801 1222 923 1244 scenae
951 1210 1199 1252 ambiguitatis,
1235 1213 1355 1250 utpote
1381 1210 1440 1241 du-

799 1263 888 1290 ctum
917 1257 998 1289 illud
1023 1268 1043 1287 a
1066 1258 1223 1298 πτεροῦν,
1252 1255 1343 1296 qnod
1369 1257 1438 1288 vul-

797 1305 868 1345 gari
902 1313 964 1334 usu
1000 1302 1101 1334 etiam
1135 1301 1345 1343 significabat
1373 1312 1438 1334 cu-

798 1349 994 1391 piditate
1019 1347 1312 1386 inflammare‚
1341 1347 1438 1379 sicuti

796 1394 1095 1427 animadtertimus
1121 1404 1223 1435 supra
1248 1393 1288 1425 ad
1310 1404 1341 1434 p.
1358 1391 1436 1428 246.

796 1444 835 1475 Α.
891 1441 1032 1473 Accedit
1081 1450 1162 1472 vero
1209 1443 1439 1488 πιερόφοιτος

794 1486 936 1529 ἆιοὶγκη,
962 1485 1051 1527 quod
1071 1485 1219 1527 apertius
1245 1486 1346 1517 etiam
1372 1485 1436 1517 vim

795 1533 949 1565 lubidinis
989 1531 1122 1563 indicat.
1184 1531 1271 1563 Nam
1314 1530 1437 1573 ι-Ξιιιὶγκη

796 1579 860 1610 dici
894 1578 1072 1610 consuerit
1106 1577 1226 1609 eximie
1264 1578 1366 1609 etiam
1393 1576 1436 1608 dt

795 1625 1002 1655 necessitate
1047 1623 1243 1664 cupiditatis
1287 1624 1338 1654 vel
1393 1622 1436 1654 de

795 1674 933 1702 naturae
953 1669 1111 1701 instinctu
1129 1667 1434 1710 (Natzwtrieb),

797 1719 832 1747 nt
856 1713 1046 1757 Xenopli.
1069 1714 1200 1757 Cyneg.
1219 1723 1250 1746 v.
1266 1714 1295 1747 6.
1323 1714 1365 1745 de
1389 1715 1434 1745 le-

797 1772 898 1803 pore:
928 1758 1149 1798 σιινδιιάζεῖαι
1173 1758 1282 1790 (Ξεὶ-
1298 1758 1377 1794 dicre
1403 1760 1435 1794 ἐξ

797 1806 943 1850 ἀνάγκης
966 1804 1045 1849 μετ’
1086 1805 1239 1846 ἀλλήλων
1262 1804 1436 1847 πλανώμε-

798 1865 849 1884 νοι
896 1856 1007 1884 zucha
1044 1855 1204 1884 ποιοῖ-’σιν
1251 1853 1435 1891 (natura

797 1909 872 1931 eos
916 1898 964 1930 ad
1007 1898 1173 1929 coitum
1213 1897 1435 1939 impellen-

797 1945 869 1986 te).
895 1944 978 1978 lbid.
1004 1943 1074 1976 vu.
1099 1945 1121 1975 1.
1151 1943 1194 1975 de
1220 1944 1356 1975 canibus
1382 1953 1436 1974 en-

797 2001 943 2032 rumque
1010 1993 1166 2031 tempore
1233 1989 1435 2021 catuliendi.

796 2048 954 2079 nomque
984 2035 1116 2067 καίδεκα
1152 2033 1293 2077 ἡμεραι,
1329 2036 1361 2065 ἐν
1385 2037 1439 2071 αἱς

798 2081 817 2123 ›J‘
845 2082 971 2124 didym]
1003 2080 1091 2121 αὕτη
1126 2083 1202 2120 ἔχει
1231 2082 1270 2112 al.
1298 2078 1436 2123 Πτεριῖ-

797 2140 949 2171 (ροιιοςε
941 2132 1017 2159 aute
1021 2138 1053 2159 n·
1080 2127 1212 2159 etiamsi
1230 2126 1368 2168 proprie
1392 2124 1434 2156 ad

796 2185 898 2206 unum
933 2182 1116 2214 pennarum
1148 2173 1296 2203 volatum
1329 2171 1435 2212 perti-

797 2231 877 2252 nere
902 2219 1075 2257 videatur,
1111 2222 1225 2249 tamen
1256 2218 1336 2249 item
1362 2226 1436 2248 am-

796 2267 899 2307 bigue
925 2264 1064 2296 denotat
1083 2266 1358 2304 prorumpentem
1384 2263 1436 2294 lu-

798 2311 966 2349 bidinem,
999 2307 1273 2349 quandoquidem
1313 2311 1437 2353 φοιτᾷν

798 2357 965 2389 interdum
1005 2355 1048 2386 de
1086 2353 1211 2385 insania
1254 2357 1288 2386 et
1322 2353 1437 2386 furore

798 2403 940 2440 dicitur,
977 2404 1011 2432 et
1043 2398 1223 2441 φοιτάλεος
1258 2402 1310 2432 est
1333 2399 1436 2432 furi-

798 2447 966 2479 bundus
992 2455 1032 2477 ac
1061 2444 1185 2487 φοιτάς
1218 2445 1377 2478 insana.
1404 2455 1436 2479 v.

799 2493 932 2525 Valck
947 2502 964 2522 e
977 2501 1062 2524 nar.
1083 2491 1124 2522 ad
1143 2493 1298 2524 Ammon.
1315 2490 1436 2532 p.149.

800 2543 834 2572 et
882 2537 1134 2570 Blomt'ield.
1189 2537 1344 2569 Glossar.
1392 2536 1436 2568 ad

802 2583 956 2624 Aescliyl.
985 2587 1182 2624 Agamemn.
1216 2592 1304 2616 vers,
1340 2581 1437 2616 1244.

801 2635 834 2662 et
859 2629 899 2661 ad
930 2627 1099 2662 Prometb.
1125 2639 1156 2660 v.
1175 2627 1251 2662 620.
1299 2627 1353 2660 Ex
1370 2637 1438 2669 quo

801 2675 938 2716 intelligi
972 2673 1092 2714 debet,
1136 2674 1214 2715 quid
1258 2673 1300 2706 de
1334 2674 1441 2706 altera

803 2723 946 2753 lectione
962 2718 1215 2763 πτεροφότορ),
1241 2720 1284 2752 ab
1305 2719 1439 2751 Hein-

804 2767 967 2804 dorfio‚
1029 2765 1252 2805 nemeto,
1308 2765 1439 2795 Butt-

1086 2821 1160 2857 8⁹²²
