1687 2969
771 205 813 210 —·
885 184 1013 247 txxvl
1084 205 1125 210 —

281 300 457 341 ultimus
493 297 629 339 omnis
660 296 957 353 philosophiae
996 298 1090 339 fons
1122 304 1339 351 tamquam
1378 296 1625 340 recludatur

283 363 326 398 et
364 356 408 396 in
446 355 624 396 clariore
666 355 762 395 luce
804 354 1052 396 collocetur.
1115 352 1205 396 Sed
1237 353 1342 396 haec
1374 354 1547 409 quidem
1571 354 1625 396 de

283 412 409 453 huius
452 411 667 453 orationis*
696 411 874 452 materia
906 410 1046 465 deque
1079 409 1271 452 eiusdem
1307 425 1403 452 cum
1434 411 1624 467 philoso-

283 469 410 525 phiae
431 467 629 509 doctrina
660 474 702 509 et
731 468 897 508 ratione
922 466 1253 509 necessitudine.
1313 467 1542 523 Pergimus
1568 467 1624 508 ad

284 524 622 567 considerandas
647 524 753 565 duas
780 524 945 579 priores
967 524 1184 565 orationes
1218 523 1461 578 amatorias,
1492 539 1627 579 quan-

285 581 518 637 doquidem
548 581 675 622 etiam
707 580 941 621 videndum
973 586 1060 632 est,
1104 595 1287 635 quanam
1317 580 1413 621 illae
1455 596 1626 635 quoque

284 638 526 695 argumenti
556 637 875 679 necessitudine
913 652 1010 678 cum
1040 637 1232 678 universi
1263 636 1425 692 dialogi
1463 652 1629 679 summa

284 696 600 738 contineantur.
669 695 738 735 De
771 709 856 749 qua
899 693 1072 748 quidem
1104 709 1147 735 re
1178 693 1328 749 paucis
1362 693 1541 750 defungi
1577 693 1629 735 li-

284 752 412 795 cebit.

398 806 610 850 Videmur
653 807 766 848 enim
807 821 894 847 non
925 807 1080 847 iniuria
1125 807 1187 848 ita
1217 813 1405 848 statuere
1444 811 1487 846 et
1517 804 1629 846 iudi-

286 880 410 917 care,
450 870 499 906 ut
535 864 579 904 in
620 863 672 905 iis
712 863 943 919 imaginem
981 863 1197 918 quandam
1235 863 1390 905 amoris
1435 861 1629 918 perversi

287 937 338 963 ac
368 921 590 977 depravati
621 919 765 961 divino
798 920 932 960 amori
965 926 1181 974 tamquam
1202 935 1223 961 e
1242 920 1418 976 regione
1440 919 1629 975 positam

287 978 480 1020 exhiberi
518 977 833 1029 existimemus,
887 975 1001 1017 unde
1048 976 1161 1018 illius
1201 976 1454 1018 excellentia
1499 975 1628 1016 etiam

284 1034 439 1076 clarius
476 1033 774 1089 perspiciatur.
836 1031 968 1085 Quod
1000 1033 1126 1087 quale
1159 1033 1235 1085 sit,
1281 1033 1408 1074 facile
1448 1047 1500 1073 ex
1550 1047 1628 1088 po-

284 1090 453 1134 stremis
474 1091 616 1132 verbis
636 1089 840 1131 orationis
862 1090 1109 1133 Socraticae
1132 1089 1260 1131 modo
1285 1088 1545 1131 dilucidatae
1564 1089 1630 1129 in-

284 1148 422 1203 telligi
462 1147 576 1188 licet.
647 1146 836 1187 Videtur
877 1146 990 1188 enim
1030 1147 1156 1187 Plato
1195 1147 1437 1203 proximum
1487 1145 1631 1187 locum

284 1211 385 1261 post
422 1203 728 1260 philosophum
768 1218 955 1244 amorem
995 1203 1034 1244 ei
1071 1204 1227 1244 amoris
1270 1203 1419 1260 generi
1449 1217 1627 1244 conces-

287 1262 421 1314 sisse,
468 1260 585 1315 quod
622 1261 733 1301 inter
762 1260 993 1315 populares
1033 1275 1134 1302 suos
1163 1260 1295 1316 vulgo
1325 1275 1403 1315 pro
1444 1259 1627 1301 honesto

287 1318 550 1370 ducebatur,
591 1316 943 1372 quandoquidem
976 1317 1209 1372 putabatur
1251 1316 1307 1357 ad
1338 1316 1539 1358 virtutem
1569 1315 1630 1357 ci-

286 1375 415 1417 vilem
437 1373 678 1430 augendam
704 1379 833 1428 atque
860 1372 1198 1415 confirmandam
1221 1373 1451 1429 plurimum
1472 1372 1629 1414 valere.

286 1432 340 1474 Id
371 1430 488 1487 quod
517 1431 611 1487 ipse
641 1446 728 1472 non
759 1431 942 1473 obscure
974 1429 1237 1486 significavit
1274 1446 1315 1486 p.
1348 1430 1447 1471 256.
1488 1429 1546 1471 D.
1577 1429 1630 1475 Ε,

288 1489 362 1531 ubi
399 1488 513 1529 illius
556 1487 789 1543 descriptio
832 1487 1072 1529 exhibetur.
1149 1487 1304 1528 Voluit
1343 1493 1485 1528 autem
1536 1486 1629 1528 sine

288 1545 420 1588 dubio
452 1546 565 1586 inter
594 1551 823 1599 utrumque
866 1544 949 1586 hoc
979 1558 1115 1600 genus
1146 1543 1302 1585 amoris
1332 1543 1446 1585 idem
1476 1543 1629 1585 discri-

287 1618 384 1644 men
415 1601 696 1654 intercedere,
729 1600 846 1655 quod
876 1601 1070 1642 obtinere
1101 1600 1254 1642 statuit
1282 1600 1394 1641 inter
1423 1600 1628 1641 virtutem

286 1658 498 1715 germanis
538 1658 808 1714 philosophis
848 1657 1063 1713 propriam
1111 1663 1241 1712 atque
1284 1657 1485 1699 virtutem
1524 1656 1630 1698 civi-

285 1716 391 1770 lem,
434 1730 562 1771 quam
601 1715 773 1756 vocavit
816 1713 1043 1766 πολιτικήν
1080 1714 1149 1755 vel
1188 1712 1447 1767 δημοτικήν.
1513 1713 1629 1755 Nam

286 1774 505 1825 virtutem,
541 1787 668 1826 quam
698 1771 794 1812 unis
826 1771 978 1813 tribuit
1007 1770 1291 1827 sapientibus,
1324 1786 1377 1812 ex
1406 1770 1629 1813 absolutae

286 1829 480 1872 veritatis
521 1829 704 1871 scientia
744 1834 786 1869 et
824 1828 1072 1884 cognitione
1125 1827 1397 1869 efflorescere
1444 1827 1630 1882 ideoque

286 1888 340 1929 ab
373 1885 587 1942 opinionis
627 1885 816 1926 incertae
847 1884 1021 1926 levitate
1052 1889 1094 1925 et
1122 1884 1415 1925 inconstantia
1452 1884 1630 1925 liberam

286 1958 380 1985 esse
401 1942 630 1992 iudicavit3
667 1942 834 1983 civilem
867 1950 1008 1982 autem
1038 1941 1242 1982 virtutem
1273 1941 1375 1982 oriri
1400 1941 1631 1983 arbitratus

287 2006 355 2042 est
387 2015 440 2042 ex
469 1999 585 2040 bona
612 2014 778 2039 morum
811 1997 1038 2054 disciplina
1074 2003 1115 2038 et
1145 1997 1331 2039 honesta
1369 1997 1484 2039 vitae
1515 2012 1631 2039 com-

286 2057 427 2099 munis
459 2054 771 2098 consuetudine
799 2054 966 2110 legibus
998 2060 1040 2095 et
1069 2054 1278 2096 institutis
1298 2053 1480 2095 fundata
1502 2059 1630 2108 atque

286 2114 550 2156 confirmata.
626 2111 918 2164 Quamobrem
956 2111 1125 2153 civilem
1164 2111 1389 2165 virtutem,
1436 2111 1630 2166 quamvis

287 2169 520 2212 admodum
549 2168 810 2210 laudabilem
838 2167 954 2209 illam
986 2174 1028 2209 et
1064 2168 1264 2224 privatim
1299 2169 1460 2224 pariter
1501 2173 1630 2223 atque

286 2227 459 2284 publice
491 2226 779 2278 utilissimam,
811 2236 955 2266 tamen
986 2225 1144 2266 virtute
1175 2240 1228 2266 ex
1248 2225 1428 2266 scientia
1448 2224 1631 2266 oriunda

288 2300 425 2339 eaque
456 2283 633 2325 suffulta
663 2282 797 2324 multo
828 2281 950 2323 duxit
989 2281 1373 2337 imperfectiorem,
1414 2286 1463 2322 ut
1501 2281 1630 2323 etiam

287 2340 487 2382 illiberali
527 2339 710 2381 subinde
751 2338 1094 2392 commodorum,
1134 2338 1389 2391 utilitatum,
1431 2338 1631 2394 volupta-

287 2403 379 2438 tum
411 2397 597 2451 denique
629 2403 671 2437 et
700 2395 1015 2437 iucunditatum
1046 2394 1190 2436 studio
1222 2395 1429 2437 inservire
1466 2400 1628 2450 posset.

288 2453 357 2495 De
390 2453 545 2508 quibus
578 2453 776 2494 omnibus
808 2452 1083 2508 exposuimus
1118 2467 1215 2493 ann.
1249 2451 1303 2493 ad
1332 2451 1557 2495 Phaedon.
1586 2468 1614 2507 p

290 2512 361 2552 68.
394 2509 444 2551 C.
477 2509 543 2553 ed.
574 2510 613 2551 3.
675 2508 880 2552 Similiter
916 2509 1043 2565 igitur
1081 2508 1367 2565 philosophus
1409 2509 1536 2550 etiam
1577 2509 1630 2550 de

289 2582 433 2608 amore
465 2566 536 2608 illo
567 2567 765 2622 populari
797 2566 953 2619 sensit,
1000 2565 1131 2621 vulgo
1162 2581 1239 2620 pro
1279 2566 1452 2608 virtutis
1493 2565 1630 2608 civilis

290 2622 506 2681 praesidio
550 2630 593 2664 et
635 2623 883 2664 adiumento
923 2622 1084 2664 habito.
1168 2620 1310 2674 Quem
1358 2623 1439 2665 etsi
1480 2627 1630 2677 utpote

292 2679 533 2738 φιλότιμον
554 2681 614 2736 (p.
638 2681 730 2724 ⁵256.
750 2678 819 2734 C.)
844 2679 951 2721 adeo
972 2695 1058 2720 non
1078 2678 1439 2721 contemnendum
1460 2684 1535 2720 aut
1553 2679 1630 2721 ho-

290 2752 394 2780 nore
425 2736 650 2793 indignum
684 2752 776 2778 esse
808 2736 1001 2790 censuit,
1041 2741 1090 2778 ut
1120 2735 1247 2778 etiam
1278 2735 1499 2779 doctrinae
1529 2751 1630 2777 suae
