<?xml version="1.0" encoding="UTF-8"?>
<!DOCTYPE html PUBLIC "-//W3C//DTD XHTML 1.0 Transitional//EN"
    "http://www.w3.org/TR/xhtml1/DTD/xhtml1-transitional.dtd">
<html xmlns="http://www.w3.org/1999/xhtml" xml:lang="en" lang="en">
 <head>
  <title>
</title>
<meta http-equiv="Content-Type" content="text/html;charset=utf-8" />
  <meta name='ocr-system' content='tesseract 3.04.00' />
  <meta name='ocr-capabilities' content='ocr_page ocr_carea ocr_par ocr_line ocrx_word'/>
</head>
<body>
  <div class='ocr_page' id='page_1' title='image "./n1operaomniarecens04platuoft/n1operaomniarecens04platuoft_0139.png"; bbox 0 0 1687 2969; ppageno 0'>
   <div class='ocr_carea' id='block_1_1' title="bbox 574 143 936 182">
    <p class='ocr_par' dir='ltr' id='par_1_1' title="bbox 574 143 936 182">
     <span class='ocr_line' id='line_1_1' title="bbox 574 143 936 182; baseline 0.003 -3"><span class='ocrx_word' id='word_1_1' title='bbox 574 164 614 167; x_wconf 87' lang='lat'>-</span> <span class='ocrx_word' id='word_1_2' title='bbox 688 143 824 182; x_wconf 79' lang='lat' dir='ltr'>CXXIII</span> <span class='ocrx_word' id='word_1_3' title='bbox 897 165 936 169; x_wconf 90' lang='lat'>-</span> 
     </span>
    </p>
   </div>
   <div class='ocr_carea' id='block_1_2' title="bbox 74 257 1441 2759">
    <p class='ocr_par' dir='ltr' id='par_1_2' title="bbox 81 257 1437 1339">
     <span class='ocr_line' id='line_1_2' title="bbox 85 257 1426 316; baseline -0.001 -14"><span class='ocrx_word' id='word_1_4' title='bbox 85 260 186 302; x_wconf 87' lang='lat' dir='ltr'>drus</span> <span class='ocrx_word' id='word_1_5' title='bbox 204 257 438 301; x_wconf 87' lang='lat' dir='ltr'>existimari</span> <span class='ocrx_word' id='word_1_6' title='bbox 459 264 646 312; x_wconf 77' lang='lat' dir='ltr'>nequeat</span> <span class='ocrx_word' id='word_1_7' title='bbox 664 262 858 316; x_wconf 87' lang='lat' dir='ltr'>tempore</span> <span class='ocrx_word' id='word_1_8' title='bbox 881 257 1015 299; x_wconf 89' lang='lat' dir='ltr'>multo</span> <span class='ocrx_word' id='word_1_9' title='bbox 1038 258 1277 314; x_wconf 85' lang='lat' dir='ltr'>posteriore</span> <span class='ocrx_word' id='word_1_10' title='bbox 1298 273 1426 314; x_wconf 82' lang='lat' dir='ltr'>quam</span> 
     </span>
     <span class='ocr_line' id='line_1_3' title="bbox 84 314 1427 372; baseline -0.001 -14"><span class='ocrx_word' id='word_1_11' title='bbox 84 316 156 358; x_wconf 91' lang='lat' dir='ltr'>vul</span> <span class='ocrx_word' id='word_1_12' title='bbox 191 331 215 358; x_wconf 91' lang='grc' dir='ltr'>ο</span> <span class='ocrx_word' id='word_1_13' title='bbox 245 321 400 372; x_wconf 86' lang='lat' dir='ltr'>putant</span> <span class='ocrx_word' id='word_1_14' title='bbox 429 314 584 358; x_wconf 87' lang='lat' dir='ltr'>litteris</span> <span class='ocrx_word' id='word_1_15' title='bbox 616 314 897 371; x_wconf 82' lang='lat' dir='ltr'>consignatus</span> <span class='ocrx_word' id='word_1_16' title='bbox 927 329 1036 357; x_wconf 89' lang='lat' dir='ltr'>esse.</span> <span class='ocrx_word' id='word_1_17' title='bbox 1098 316 1210 357; x_wconf 90' lang='lat' dir='ltr'>Nam</span> <span class='ocrx_word' id='word_1_18' title='bbox 1242 316 1427 371; x_wconf 90' lang='lat' dir='ltr'>primum</span> 
     </span>
     <span class='ocr_line' id='line_1_4' title="bbox 85 331 1429 429; baseline -0.001 -15"><span class='ocrx_word' id='word_1_19' title='bbox 85 331 258 429; x_wconf 48' lang='lat' dir='ltr'>quidem</span> <span class='ocrx_word' id='word_1_20' title='bbox 296 370 724 415; x_wconf 85' lang='lat' dir='ltr'>animadvertendum</span> <span class='ocrx_word' id='word_1_21' title='bbox 764 377 856 425; x_wconf 72' lang='lat' dir='ltr'>est,</span> <span class='ocrx_word' id='word_1_22' title='bbox 922 386 1098 413; x_wconf 82' lang='lat' dir='ltr'>scenam</span> <span class='ocrx_word' id='word_1_23' title='bbox 1155 372 1317 429; x_wconf 83' lang='lat' dir='ltr'>dialogi</span> <span class='ocrx_word' id='word_1_24' title='bbox 1358 372 1429 415; x_wconf 89' lang='lat' dir='ltr'>vel</span> 
     </span>
     <span class='ocr_line' id='line_1_5' title="bbox 83 427 1430 485; baseline 0 -14"><span class='ocrx_word' id='word_1_25' title='bbox 83 430 146 472; x_wconf 83' lang='lat' dir='ltr'>sic</span> <span class='ocrx_word' id='word_1_26' title='bbox 177 445 228 471; x_wconf 88' lang='lat' dir='ltr'>ea</span> <span class='ocrx_word' id='word_1_27' title='bbox 257 429 422 471; x_wconf 91' lang='lat' dir='ltr'>ratione</span> <span class='ocrx_word' id='word_1_28' title='bbox 452 443 546 470; x_wconf 88' lang='lat' dir='ltr'>esse</span> <span class='ocrx_word' id='word_1_29' title='bbox 587 427 864 482; x_wconf 87' lang='lat' dir='ltr'>adornatam,</span> <span class='ocrx_word' id='word_1_30' title='bbox 905 434 954 468; x_wconf 90' lang='lat' dir='ltr'>ut</span> <span class='ocrx_word' id='word_1_31' title='bbox 982 444 1036 470; x_wconf 91' lang='lat' dir='ltr'>ne</span> <span class='ocrx_word' id='word_1_32' title='bbox 1063 428 1179 485; x_wconf 83' lang='lat' dir='ltr'>leges</span> <span class='ocrx_word' id='word_1_33' title='bbox 1221 430 1430 471; x_wconf 88' lang='lat' dir='ltr'>verisimi-</span> 
     </span>
     <span class='ocr_line' id='line_1_6' title="bbox 83 484 1430 541; baseline 0.001 -14"><span class='ocrx_word' id='word_1_34' title='bbox 83 486 277 529; x_wconf 90' lang='lat' dir='ltr'>litudinis</span> <span class='ocrx_word' id='word_1_35' title='bbox 307 486 396 527; x_wconf 90' lang='lat' dir='ltr'>ullo</span> <span class='ocrx_word' id='word_1_36' title='bbox 427 484 555 527; x_wconf 88' lang='lat' dir='ltr'>modo</span> <span class='ocrx_word' id='word_1_37' title='bbox 585 485 808 541; x_wconf 79' lang='lat' dir='ltr'>neglectae</span> <span class='ocrx_word' id='word_1_38' title='bbox 840 490 915 526; x_wconf 89' lang='lat' dir='ltr'>aut</span> <span class='ocrx_word' id='word_1_39' title='bbox 951 485 1136 527; x_wconf 90' lang='lat' dir='ltr'>violatae</span> <span class='ocrx_word' id='word_1_40' title='bbox 1170 486 1269 527; x_wconf 89' lang='lat' dir='ltr'>sint.</span> <span class='ocrx_word' id='word_1_41' title='bbox 1338 487 1430 528; x_wconf 85' lang='lat' dir='ltr'>Ha-</span> 
     </span>
     <span class='ocr_line' id='line_1_7' title="bbox 84 541 1431 596; baseline -0.001 -11"><span class='ocrx_word' id='word_1_42' title='bbox 84 543 210 585; x_wconf 82' lang='lat' dir='ltr'>betur</span> <span class='ocrx_word' id='word_1_43' title='bbox 251 542 362 585; x_wconf 91' lang='lat' dir='ltr'>enim</span> <span class='ocrx_word' id='word_1_44' title='bbox 407 541 692 596; x_wconf 70' lang='lat' dir='ltr'>colloquium,</span> <span class='ocrx_word' id='word_1_45' title='bbox 739 542 867 584; x_wconf 86' lang='lat' dir='ltr'>sicuti</span> <span class='ocrx_word' id='word_1_46' title='bbox 914 547 1042 583; x_wconf 89' lang='lat' dir='ltr'>antea</span> <span class='ocrx_word' id='word_1_47' title='bbox 1090 541 1431 585; x_wconf 86' lang='lat' dir='ltr'>demonstratum</span> 
     </span>
     <span class='ocr_line' id='line_1_8' title="bbox 86 597 1428 656; baseline -0.001 -13"><span class='ocrx_word' id='word_1_48' title='bbox 86 607 172 654; x_wconf 86' lang='lat' dir='ltr'>est,</span> <span class='ocrx_word' id='word_1_49' title='bbox 205 598 381 656; x_wconf 81' lang='lat' dir='ltr'>Olymp.</span> <span class='ocrx_word' id='word_1_50' title='bbox 411 597 585 641; x_wconf 89' lang='lat' dir='ltr'>XCIII.</span> <span class='ocrx_word' id='word_1_51' title='bbox 627 600 664 640; x_wconf 76' lang='lat'>2.</span> <span class='ocrx_word' id='word_1_52' title='bbox 698 599 781 641; x_wconf 87' lang='lat' dir='ltr'>vel.</span> <span class='ocrx_word' id='word_1_53' title='bbox 814 600 852 641; x_wconf 87' lang='lat'>3.</span> <span class='ocrx_word' id='word_1_54' title='bbox 894 597 977 640; x_wconf 90' lang='lat' dir='ltr'>hoc</span> <span class='ocrx_word' id='word_1_55' title='bbox 1018 605 1084 640; x_wconf 88' lang='lat' dir='ltr'>est</span> <span class='ocrx_word' id='word_1_56' title='bbox 1128 615 1196 642; x_wconf 48' lang='lat' dir='ltr'>eo&gt;</span> <span class='ocrx_word' id='word_1_57' title='bbox 1219 606 1428 656; x_wconf 89' lang='lat' dir='ltr'>tempore,</span> 
     </span>
     <span class='ocr_line' id='line_1_9' title="bbox 85 655 1432 714; baseline -0.001 -15"><span class='ocrx_word' id='word_1_58' title='bbox 85 673 170 712; x_wconf 92' lang='lat' dir='ltr'>quo</span> <span class='ocrx_word' id='word_1_59' title='bbox 210 657 392 714; x_wconf 82' lang='lat' dir='ltr'><strong>Lysiam</strong></span> <span class='ocrx_word' id='word_1_60' title='bbox 433 671 537 698; x_wconf 89' lang='lat' dir='ltr'>sane</span> <span class='ocrx_word' id='word_1_61' title='bbox 579 655 810 697; x_wconf 79' lang='lat' dir='ltr'>verisimile</span> <span class='ocrx_word' id='word_1_62' title='bbox 854 661 920 698; x_wconf 84' lang='lat' dir='ltr'>est</span> <span class='ocrx_word' id='word_1_63' title='bbox 958 656 1002 697; x_wconf 94' lang='lat' dir='ltr'>in</span> <span class='ocrx_word' id='word_1_64' title='bbox 1041 670 1128 697; x_wconf 91' lang='lat' dir='ltr'>uno</span> <span class='ocrx_word' id='word_1_65' title='bbox 1158 657 1432 712; x_wconf 88' lang='lat' dir='ltr'>potissimum</span> 
     </span>
     <span class='ocr_line' id='line_1_10' title="bbox 84 712 1431 769; baseline -0.001 -13"><span class='ocrx_word' id='word_1_66' title='bbox 84 714 388 756; x_wconf 86' lang='lat' dir='ltr'>declamatorio</span> <span class='ocrx_word' id='word_1_67' title='bbox 428 712 646 755; x_wconf 86' lang='lat' dir='ltr'>scribendi</span> <span class='ocrx_word' id='word_1_68' title='bbox 689 727 846 769; x_wconf 84' lang='lat' dir='ltr'>genere</span> <span class='ocrx_word' id='word_1_69' title='bbox 895 712 1201 755; x_wconf 80' lang='lat' dir='ltr'>elaboravisse.</span> <span class='ocrx_word' id='word_1_70' title='bbox 1275 713 1431 768; x_wconf 85' lang='lat' dir='ltr'>Itaque</span> 
     </span>
     <span class='ocr_line' id='line_1_11' title="bbox 81 769 1432 826; baseline -0.001 -14"><span class='ocrx_word' id='word_1_71' title='bbox 81 771 292 812; x_wconf 90' lang='lat' dir='ltr'>hactenus</span> <span class='ocrx_word' id='word_1_72' title='bbox 323 769 498 826; x_wconf 90' lang='lat' dir='ltr'>quidem</span> <span class='ocrx_word' id='word_1_73' title='bbox 527 769 633 811; x_wconf 87' lang='lat' dir='ltr'>nihil</span> <span class='ocrx_word' id='word_1_74' title='bbox 664 770 862 825; x_wconf 88' lang='lat' dir='ltr'>profecto</span> <span class='ocrx_word' id='word_1_75' title='bbox 891 770 1081 826; x_wconf 87' lang='lat' dir='ltr'>reperias</span> <span class='ocrx_word' id='word_1_76' title='bbox 1099 803 1110 824; x_wconf 98' lang='lat'>,</span> <span class='ocrx_word' id='word_1_77' title='bbox 1144 770 1262 825; x_wconf 93' lang='lat' dir='ltr'>quod</span> <span class='ocrx_word' id='word_1_78' title='bbox 1303 771 1432 812; x_wconf 91' lang='lat' dir='ltr'>alicui</span> 
     </span>
     <span class='ocr_line' id='line_1_12' title="bbox 83 825 1432 884; baseline -0.001 -14"><span class='ocrx_word' id='word_1_79' title='bbox 83 827 311 870; x_wconf 86' lang='lat' dir='ltr'>offensioni</span> <span class='ocrx_word' id='word_1_80' title='bbox 342 842 436 869; x_wconf 90' lang='lat' dir='ltr'>esse</span> <span class='ocrx_word' id='word_1_81' title='bbox 468 827 633 883; x_wconf 85' lang='lat' dir='ltr'>possit,</span> <span class='ocrx_word' id='word_1_82' title='bbox 667 827 832 869; x_wconf 89' lang='lat' dir='ltr'>etiamsi</span> <span class='ocrx_word' id='word_1_83' title='bbox 864 841 973 882; x_wconf 90' lang='lat' dir='ltr'>opus</span> <span class='ocrx_word' id='word_1_84' title='bbox 1007 825 1182 884; x_wconf 86' lang='lat' dir='ltr'>Olymp.</span> <span class='ocrx_word' id='word_1_85' title='bbox 1211 826 1432 871; x_wconf 81' lang='lat' dir='ltr'>XCVIII.</span> 
     </span>
     <span class='ocr_line' id='line_1_13' title="bbox 83 883 1432 940; baseline -0.001 -13"><span class='ocrx_word' id='word_1_86' title='bbox 83 885 142 927; x_wconf 89' lang='lat' dir='ltr'>in.</span> <span class='ocrx_word' id='word_1_87' title='bbox 175 885 383 940; x_wconf 87' lang='lat' dir='ltr'>scriptum</span> <span class='ocrx_word' id='word_1_88' title='bbox 414 899 510 925; x_wconf 92' lang='lat' dir='ltr'>esse</span> <span class='ocrx_word' id='word_1_89' title='bbox 535 883 816 925; x_wconf 83' lang='lat' dir='ltr'>existimetur.</span> <span class='ocrx_word' id='word_1_90' title='bbox 876 884 1030 925; x_wconf 78' lang='lat' dir='ltr'>Restat</span> <span class='ocrx_word' id='word_1_91' title='bbox 1050 884 1183 940; x_wconf 83' lang='lat' dir='ltr'>igitur</span> <span class='ocrx_word' id='word_1_92' title='bbox 1204 884 1432 938; x_wconf 81' lang='lat' dir='ltr'>dubitatio,</span> 
     </span>
     <span class='ocr_line' id='line_1_14' title="bbox 84 940 1434 996; baseline -0.001 -13"><span class='ocrx_word' id='word_1_93' title='bbox 84 957 186 984; x_wconf 88' lang='lat' dir='ltr'>num</span> <span class='ocrx_word' id='word_1_94' title='bbox 217 940 441 983; x_wconf 88' lang='lat' dir='ltr'>commode</span> <span class='ocrx_word' id='word_1_95' title='bbox 471 946 676 995; x_wconf 88' lang='lat' dir='ltr'>recteque</span> <span class='ocrx_word' id='word_1_96' title='bbox 708 940 801 981; x_wconf 90' lang='lat' dir='ltr'>fieri</span> <span class='ocrx_word' id='word_1_97' title='bbox 832 941 1045 996; x_wconf 86' lang='lat' dir='ltr'>potuerit,</span> <span class='ocrx_word' id='word_1_98' title='bbox 1083 947 1132 982; x_wconf 89' lang='lat' dir='ltr'>ut</span> <span class='ocrx_word' id='word_1_99' title='bbox 1171 941 1321 983; x_wconf 89' lang='lat' dir='ltr'>eodem</span> <span class='ocrx_word' id='word_1_100' title='bbox 1361 941 1434 982; x_wconf 91' lang='lat' dir='ltr'>illo</span> 
     </span>
     <span class='ocr_line' id='line_1_15' title="bbox 83 996 1436 1055; baseline -0.001 -15"><span class='ocrx_word' id='word_1_101' title='bbox 83 1004 276 1054; x_wconf 85' lang='lat' dir='ltr'>tempore</span> <span class='ocrx_word' id='word_1_102' title='bbox 307 998 436 1039; x_wconf 90' lang='lat' dir='ltr'>etiam</span> <span class='ocrx_word' id='word_1_103' title='bbox 464 996 518 1038; x_wconf 87' lang='lat' dir='ltr'>de</span> <span class='ocrx_word' id='word_1_104' title='bbox 548 997 687 1054; x_wconf 83' lang='lat' dir='ltr'>Lysia</span> <span class='ocrx_word' id='word_1_105' title='bbox 716 1003 936 1053; x_wconf 80' lang='lat' dir='ltr'>tamquam</span> <span class='ocrx_word' id='word_1_106' title='bbox 982 997 1152 1039; x_wconf 84' lang='lat' dir='ltr'>rhetore</span> <span class='ocrx_word' id='word_1_107' title='bbox 1191 998 1235 1039; x_wconf 90' lang='lat' dir='ltr'>in</span> <span class='ocrx_word' id='word_1_108' title='bbox 1275 1013 1436 1055; x_wconf 80' lang='lat' dir='ltr'>genere</span> 
     </span>
     <span class='ocr_line' id='line_1_16' title="bbox 85 1053 1435 1111; baseline 0 -14"><span class='ocrx_word' id='word_1_109' title='bbox 85 1054 301 1098; x_wconf 86' lang='lat' dir='ltr'>scribendi</span> <span class='ocrx_word' id='word_1_110' title='bbox 332 1069 429 1096; x_wconf 89' lang='lat' dir='ltr'>cum</span> <span class='ocrx_word' id='word_1_111' title='bbox 462 1053 730 1109; x_wconf 83' lang='lat' dir='ltr'>eloquentiae</span> <span class='ocrx_word' id='word_1_112' title='bbox 762 1061 804 1096; x_wconf 88' lang='lat' dir='ltr'>et</span> <span class='ocrx_word' id='word_1_113' title='bbox 833 1055 995 1111; x_wconf 81' lang='lat' dir='ltr'>ingenii</span> <span class='ocrx_word' id='word_1_114' title='bbox 1026 1055 1311 1097; x_wconf 81' lang='lat' dir='ltr'>ostentatione</span> <span class='ocrx_word' id='word_1_115' title='bbox 1333 1070 1435 1097; x_wconf 91' lang='lat' dir='ltr'>con-</span> 
     </span>
     <span class='ocr_line' id='line_1_17' title="bbox 84 1111 1434 1167; baseline -0.001 -13"><span class='ocrx_word' id='word_1_116' title='bbox 84 1113 233 1154; x_wconf 84' lang='lat' dir='ltr'>iuncto</span> <span class='ocrx_word' id='word_1_117' title='bbox 262 1117 462 1154; x_wconf 87' lang='lat' dir='ltr'>versante</span> <span class='ocrx_word' id='word_1_118' title='bbox 493 1112 665 1167; x_wconf 88' lang='lat' dir='ltr'>publice</span> <span class='ocrx_word' id='word_1_119' title='bbox 696 1111 970 1153; x_wconf 85' lang='lat' dir='ltr'>scriberetur.</span> <span class='ocrx_word' id='word_1_120' title='bbox 1030 1111 1083 1153; x_wconf 91' lang='lat' dir='ltr'>Id</span> <span class='ocrx_word' id='word_1_121' title='bbox 1115 1111 1231 1167; x_wconf 89' lang='lat' dir='ltr'>quod</span> <span class='ocrx_word' id='word_1_122' title='bbox 1252 1112 1434 1153; x_wconf 90' lang='lat' dir='ltr'>alterum</span> 
     </span>
     <span class='ocr_line' id='line_1_18' title="bbox 86 1167 1436 1224; baseline 0.001 -14"><span class='ocrx_word' id='word_1_123' title='bbox 86 1175 176 1223; x_wconf 89' lang='lat' dir='ltr'>est,</span> <span class='ocrx_word' id='word_1_124' title='bbox 208 1167 262 1210; x_wconf 88' lang='lat' dir='ltr'>de</span> <span class='ocrx_word' id='word_1_125' title='bbox 294 1183 379 1224; x_wconf 91' lang='lat' dir='ltr'>quo</span> <span class='ocrx_word' id='word_1_126' title='bbox 409 1168 494 1209; x_wconf 89' lang='lat' dir='ltr'>iam</span> <span class='ocrx_word' id='word_1_127' title='bbox 524 1167 760 1224; x_wconf 87' lang='lat' dir='ltr'>disputatio</span> <span class='ocrx_word' id='word_1_128' title='bbox 791 1167 1058 1210; x_wconf 86' lang='lat' dir='ltr'>instituenda</span> <span class='ocrx_word' id='word_1_129' title='bbox 1089 1169 1155 1210; x_wconf 88' lang='lat' dir='ltr'>sit.</span> <span class='ocrx_word' id='word_1_130' title='bbox 1225 1169 1436 1211; x_wconf 88' lang='lat' dir='ltr'>Putamus</span> 
     </span>
     <span class='ocr_line' id='line_1_19' title="bbox 85 1224 1437 1282; baseline 0 -15"><span class='ocrx_word' id='word_1_131' title='bbox 85 1232 228 1268; x_wconf 81' lang='lat' dir='ltr'>autem</span> <span class='ocrx_word' id='word_1_132' title='bbox 266 1241 319 1266; x_wconf 92' lang='lat' dir='ltr'>ne</span> <span class='ocrx_word' id='word_1_133' title='bbox 358 1224 485 1266; x_wconf 90' lang='lat' dir='ltr'>huius</span> <span class='ocrx_word' id='word_1_134' title='bbox 528 1224 702 1279; x_wconf 88' lang='lat' dir='ltr'>quidem</span> <span class='ocrx_word' id='word_1_135' title='bbox 740 1225 802 1266; x_wconf 88' lang='lat' dir='ltr'>rei</span> <span class='ocrx_word' id='word_1_136' title='bbox 842 1225 1137 1279; x_wconf 85' lang='lat' dir='ltr'>quaestionem</span> <span class='ocrx_word' id='word_1_137' title='bbox 1175 1226 1302 1282; x_wconf 87' lang='lat' dir='ltr'>plane</span> <span class='ocrx_word' id='word_1_138' title='bbox 1343 1241 1437 1267; x_wconf 89' lang='lat' dir='ltr'>esse</span> 
     </span>
     <span class='ocr_line' id='line_1_20' title="bbox 83 1281 1435 1339; baseline -0.001 -14"><span class='ocrx_word' id='word_1_139' title='bbox 83 1282 459 1339; x_wconf 80' lang='lat' dir='ltr'>inexplicabilem,</span> <span class='ocrx_word' id='word_1_140' title='bbox 503 1281 735 1324; x_wconf 90' lang='lat' dir='ltr'>dummodo</span> <span class='ocrx_word' id='word_1_141' title='bbox 765 1282 1108 1336; x_wconf 72' lang='lat' dir='ltr'>meminerimus,</span> <span class='ocrx_word' id='word_1_142' title='bbox 1153 1282 1205 1324; x_wconf 93' lang='lat' dir='ltr'>de</span> <span class='ocrx_word' id='word_1_143' title='bbox 1247 1299 1333 1338; x_wconf 91' lang='lat' dir='ltr'>quo</span> <span class='ocrx_word' id='word_1_144' title='bbox 1365 1298 1435 1325; x_wconf 91' lang='lat' dir='ltr'>su-</span> 
     </span>
    </p>

    <p class='ocr_par' dir='ltr' id='par_1_3' title="bbox 83 1338 1438 1568">
     <span class='ocr_line' id='line_1_21' title="bbox 117 1338 1435 1396; baseline 0.001 -16"><span class='ocrx_word' id='word_1_145' title='bbox 117 1355 164 1380; x_wconf 87' lang='lat' dir='ltr'>ra</span> <span class='ocrx_word' id='word_1_146' title='bbox 203 1339 503 1396; x_wconf 78' lang='lat' dir='ltr'>exposuimus,</span> <span class='ocrx_word' id='word_1_147' title='bbox 548 1338 752 1395; x_wconf 87' lang='lat' dir='ltr'>Lysiam,</span> <span class='ocrx_word' id='word_1_148' title='bbox 805 1339 973 1381; x_wconf 87' lang='lat' dir='ltr'>etiamsi</span> <span class='ocrx_word' id='word_1_149' title='bbox 1022 1339 1122 1381; x_wconf 89' lang='lat' dir='ltr'>inde</span> <span class='ocrx_word' id='word_1_150' title='bbox 1166 1340 1218 1381; x_wconf 86' lang='lat' dir='ltr'>ab</span> <span class='ocrx_word' id='word_1_151' title='bbox 1261 1339 1435 1396; x_wconf 86' lang='lat' dir='ltr'>Olymp.</span> 
     </span>
     <span class='ocr_line' id='line_1_22' title="bbox 83 1355 1436 1439; baseline 0 -1"><span class='ocrx_word' id='word_1_152' title='bbox 83 1355 254 1438; x_wconf 44' lang='lat' dir='ltr'>{CIV</span> <span class='ocrx_word' id='word_1_153' title='bbox 285 1395 560 1438; x_wconf 87' lang='lat' dir='ltr'>iudicialibus</span> <span class='ocrx_word' id='word_1_154' title='bbox 591 1396 774 1437; x_wconf 88' lang='lat' dir='ltr'>maxime</span> <span class='ocrx_word' id='word_1_155' title='bbox 805 1396 1073 1438; x_wconf 89' lang='lat' dir='ltr'>orationibus</span> <span class='ocrx_word' id='word_1_156' title='bbox 1104 1397 1344 1439; x_wconf 84' lang='lat' dir='ltr'>scribendis</span> <span class='ocrx_word' id='word_1_157' title='bbox 1371 1398 1436 1438; x_wconf 90' lang='lat' dir='ltr'>in-</span> 
     </span>
     <span class='ocr_line' id='line_1_23' title="bbox 84 1452 1438 1510; baseline 0 -15"><span class='ocrx_word' id='word_1_158' title='bbox 84 1453 300 1507; x_wconf 85' lang='lat' dir='ltr'>claruerit,</span> <span class='ocrx_word' id='word_1_159' title='bbox 329 1458 474 1494; x_wconf 86' lang='lat' dir='ltr'>tamen</span> <span class='ocrx_word' id='word_1_160' title='bbox 505 1467 584 1494; x_wconf 88' lang='lat' dir='ltr'>nec</span> <span class='ocrx_word' id='word_1_161' title='bbox 616 1453 668 1494; x_wconf 87' lang='lat' dir='ltr'>ab</span> <span class='ocrx_word' id='word_1_162' title='bbox 700 1453 782 1495; x_wconf 90' lang='lat' dir='ltr'>hoc</span> <span class='ocrx_word' id='word_1_163' title='bbox 811 1452 911 1494; x_wconf 91' lang='lat' dir='ltr'>inde</span> <span class='ocrx_word' id='word_1_164' title='bbox 942 1459 1132 1509; x_wconf 88' lang='lat' dir='ltr'>tempore</span> <span class='ocrx_word' id='word_1_165' title='bbox 1155 1454 1438 1510; x_wconf 86' lang='lat' dir='ltr'>sophisticum</span> 
     </span>
     <span class='ocr_line' id='line_1_24' title="bbox 84 1509 1436 1568; baseline 0.001 -16"><span class='ocrx_word' id='word_1_166' title='bbox 84 1517 128 1552; x_wconf 90' lang='lat' dir='ltr'>et</span> <span class='ocrx_word' id='word_1_167' title='bbox 144 1510 200 1552; x_wconf 91' lang='lat' dir='ltr'>ad</span> <span class='ocrx_word' id='word_1_168' title='bbox 214 1509 377 1567; x_wconf 85' lang='lat' dir='ltr'>ingenii</span> <span class='ocrx_word' id='word_1_169' title='bbox 394 1509 729 1552; x_wconf 88' lang='lat' dir='ltr'>ostentationem</span> <span class='ocrx_word' id='word_1_170' title='bbox 743 1516 1038 1565; x_wconf 86' lang='lat' dir='ltr'>comparatum</span> <span class='ocrx_word' id='word_1_171' title='bbox 1055 1510 1272 1553; x_wconf 85' lang='lat' dir='ltr'>scribendi</span> <span class='ocrx_word' id='word_1_172' title='bbox 1299 1527 1436 1568; x_wconf 78' lang='lat' dir='ltr'>genus</span> 
     </span>
    </p>

    <p class='ocr_par' dir='ltr' id='par_1_4' title="bbox 74 1565 1441 2759">
     <span class='ocr_line' id='line_1_25' title="bbox 115 1565 1437 1624; baseline 0.001 -16"><span class='ocrx_word' id='word_1_173' title='bbox 115 1568 209 1609; x_wconf 89' lang='lat' dir='ltr'>lane</span> <span class='ocrx_word' id='word_1_174' title='bbox 225 1567 483 1623; x_wconf 88' lang='lat' dir='ltr'>seposuisse.</span> <span class='ocrx_word' id='word_1_175' title='bbox 515 1565 625 1607; x_wconf 86' lang='lat' dir='ltr'>Inde</span> <span class='ocrx_word' id='word_1_176' title='bbox 637 1566 750 1608; x_wconf 91' lang='lat' dir='ltr'>enim</span> <span class='ocrx_word' id='word_1_177' title='bbox 763 1567 881 1608; x_wconf 90' lang='lat' dir='ltr'>nullo</span> <span class='ocrx_word' id='word_1_178' title='bbox 904 1568 1080 1624; x_wconf 82' lang='lat' dir='ltr'>negotio</span> <span class='ocrx_word' id='word_1_179' title='bbox 1103 1569 1363 1624; x_wconf 80' lang='lat' dir='ltr'>perspicitur</span> <span class='ocrx_word' id='word_1_180' title='bbox 1373 1569 1437 1609; x_wconf 91' lang='lat' dir='ltr'>ni-</span> 
     </span>
     <span class='ocr_line' id='line_1_26' title="bbox 83 1583 1434 1680; baseline 0.001 -15"><span class='ocrx_word' id='word_1_181' title='bbox 83 1583 146 1665; x_wconf 73' lang='grc'>1111</span> <span class='ocrx_word' id='word_1_182' title='bbox 162 1639 340 1680; x_wconf 88' lang='lat' dir='ltr'>prorsus</span> <span class='ocrx_word' id='word_1_183' title='bbox 360 1624 520 1666; x_wconf 85' lang='lat' dir='ltr'>habere</span> <span class='ocrx_word' id='word_1_184' title='bbox 542 1622 807 1676; x_wconf 83' lang='lat' dir='ltr'>offensionis,</span> <span class='ocrx_word' id='word_1_185' title='bbox 821 1623 993 1677; x_wconf 87' lang='lat' dir='ltr'>quodin</span> <span class='ocrx_word' id='word_1_186' title='bbox 1005 1624 1205 1666; x_wconf 86' lang='lat' dir='ltr'>Phaedro</span> <span class='ocrx_word' id='word_1_187' title='bbox 1224 1625 1434 1679; x_wconf 87' lang='lat' dir='ltr'>Platonis,</span> 
     </span>
     <span class='ocr_line' id='line_1_27' title="bbox 87 1679 1436 1737; baseline 0.001 -15"><span class='ocrx_word' id='word_1_188' title='bbox 87 1680 281 1736; x_wconf 89' lang='lat' dir='ltr'>quamvis</span> <span class='ocrx_word' id='word_1_189' title='bbox 318 1680 390 1721; x_wconf 91' lang='grc'>1110</span> <span class='ocrx_word' id='word_1_190' title='bbox 431 1679 604 1737; x_wconf 88' lang='lat' dir='ltr'>Olymp.</span> <span class='ocrx_word' id='word_1_191' title='bbox 650 1679 868 1722; x_wconf 90' lang='lat' dir='ltr'>XCVIII.</span> <span class='ocrx_word' id='word_1_192' title='bbox 911 1680 1082 1722; x_wconf 85' lang='lat' dir='ltr'>demum</span> <span class='ocrx_word' id='word_1_193' title='bbox 1129 1682 1284 1724; x_wconf 88' lang='lat' dir='ltr'>litteris</span> <span class='ocrx_word' id='word_1_194' title='bbox 1334 1697 1436 1723; x_wconf 91' lang='lat' dir='ltr'>con—</span> 
     </span>
     <span class='ocr_line' id='line_1_28' title="bbox 74 1736 1438 1794; baseline 0.001 -16"><span class='ocrx_word' id='word_1_195' title='bbox 74 1737 282 1794; x_wconf 78' lang='lat' dir='ltr'>signatus</span> <span class='ocrx_word' id='word_1_196' title='bbox 314 1737 391 1791; x_wconf 84' lang='lat' dir='ltr'>sit,</span> <span class='ocrx_word' id='word_1_197' title='bbox 437 1737 521 1778; x_wconf 90' lang='lat' dir='ltr'>levi</span> <span class='ocrx_word' id='word_1_198' title='bbox 558 1742 727 1779; x_wconf 89' lang='lat' dir='ltr'>tantum</span> <span class='ocrx_word' id='word_1_199' title='bbox 758 1736 972 1779; x_wconf 87' lang='lat' dir='ltr'>iudicialis</span> <span class='ocrx_word' id='word_1_200' title='bbox 1006 1738 1278 1793; x_wconf 86' lang='lat' dir='ltr'>eloquentiae</span> <span class='ocrx_word' id='word_1_201' title='bbox 1318 1755 1438 1780; x_wconf 87' lang='grc'>111011-</span> 
     </span>
     <span class='ocr_line' id='line_1_29' title="bbox 86 1793 1436 1851; baseline 0.001 -16"><span class='ocrx_word' id='word_1_202' title='bbox 86 1794 202 1836; x_wconf 85' lang='lat' dir='ltr'>tione</span> <span class='ocrx_word' id='word_1_203' title='bbox 229 1794 387 1835; x_wconf 89' lang='lat' dir='ltr'>iniecta</span> <span class='ocrx_word' id='word_1_204' title='bbox 416 1793 522 1835; x_wconf 91' lang='lat' dir='ltr'>nihil</span> <span class='ocrx_word' id='word_1_205' title='bbox 552 1794 636 1836; x_wconf 91' lang='lat' dir='ltr'>nisi</span> <span class='ocrx_word' id='word_1_206' title='bbox 666 1809 752 1835; x_wconf 90' lang='lat' dir='ltr'>una</span> <span class='ocrx_word' id='word_1_207' title='bbox 783 1809 850 1836; x_wconf 88' lang='lat' dir='ltr'>ars</span> <span class='ocrx_word' id='word_1_208' title='bbox 876 1794 1039 1851; x_wconf 78' lang='lat' dir='ltr'>Lysiae</span> <span class='ocrx_word' id='word_1_209' title='bbox 1061 1795 1326 1847; x_wconf 72' lang='grc' dir='ltr'>ἐπιῦεικτική</span> <span class='ocrx_word' id='word_1_210' title='bbox 1357 1796 1436 1838; x_wconf 88' lang='lat' dir='ltr'>sub</span> 
     </span>
     <span class='ocr_line' id='line_1_30' title="bbox 87 1851 1437 1894; baseline 0.001 -2"><span class='ocrx_word' id='word_1_211' title='bbox 87 1866 264 1892; x_wconf 84' lang='lat' dir='ltr'>examen</span> <span class='ocrx_word' id='word_1_212' title='bbox 280 1857 473 1892; x_wconf 86' lang='lat' dir='ltr'>vocatur.</span> <span class='ocrx_word' id='word_1_213' title='bbox 519 1851 693 1892; x_wconf 89' lang='lat' dir='ltr'>Etenim</span> <span class='ocrx_word' id='word_1_214' title='bbox 713 1851 969 1893; x_wconf 83' lang='lat' dir='ltr'>versabatur</span> <span class='ocrx_word' id='word_1_215' title='bbox 992 1858 1138 1894; x_wconf 88' lang='lat' dir='ltr'>orator</span> <span class='ocrx_word' id='word_1_216' title='bbox 1157 1868 1290 1894; x_wconf 88' lang='lat' dir='ltr'>senex</span> <span class='ocrx_word' id='word_1_217' title='bbox 1309 1853 1437 1894; x_wconf 87' lang='lat' dir='ltr'>etiam</span> 
     </span>
     <span class='ocr_line' id='line_1_31' title="bbox 85 1907 1435 1965; baseline 0.002 -16"><span class='ocrx_word' id='word_1_218' title='bbox 85 1914 177 1949; x_wconf 90' lang='lat' dir='ltr'>tum</span> <span class='ocrx_word' id='word_1_219' title='bbox 212 1915 422 1964; x_wconf 89' lang='lat' dir='ltr'>perpetuo</span> <span class='ocrx_word' id='word_1_220' title='bbox 468 1908 513 1949; x_wconf 89' lang='lat' dir='ltr'>in</span> <span class='ocrx_word' id='word_1_221' title='bbox 554 1907 793 1950; x_wconf 88' lang='lat' dir='ltr'>scribendis</span> <span class='ocrx_word' id='word_1_222' title='bbox 845 1908 1187 1965; x_wconf 79' lang='lat' dir='ltr'>evulgandisque</span> <span class='ocrx_word' id='word_1_223' title='bbox 1232 1910 1435 1965; x_wconf 91' lang='lat' dir='ltr'>operibus</span> 
     </span>
     <span class='ocr_line' id='line_1_32' title="bbox 88 1964 1437 2020; baseline 0.002 -14"><span class='ocrx_word' id='word_1_224' title='bbox 88 1964 143 2006; x_wconf 82' lang='lat' dir='ltr'>ad</span> <span class='ocrx_word' id='word_1_225' title='bbox 174 1965 508 2007; x_wconf 88' lang='lat' dir='ltr'>ostentationem</span> <span class='ocrx_word' id='word_1_226' title='bbox 540 1965 824 2020; x_wconf 86' lang='lat' dir='ltr'>comparatis,</span> <span class='ocrx_word' id='word_1_227' title='bbox 865 1971 915 2006; x_wconf 88' lang='lat' dir='ltr'>ut</span> <span class='ocrx_word' id='word_1_228' title='bbox 953 1966 1022 2007; x_wconf 86' lang='lat' dir='ltr'>vel</span> <span class='ocrx_word' id='word_1_229' title='bbox 1052 1966 1126 2007; x_wconf 90' lang='lat' dir='ltr'>illa</span> <span class='ocrx_word' id='word_1_230' title='bbox 1155 1973 1297 2008; x_wconf 82' lang='lat' dir='ltr'>aetate</span> <span class='ocrx_word' id='word_1_231' title='bbox 1326 1968 1437 2009; x_wconf 88' lang='lat' dir='ltr'>veri—</span> 
     </span>
     <span class='ocr_line' id='line_1_33' title="bbox 87 2021 1436 2080; baseline 0.002 -18"><span class='ocrx_word' id='word_1_232' title='bbox 87 2022 166 2063; x_wconf 84' lang='lat' dir='ltr'>tati</span> <span class='ocrx_word' id='word_1_233' title='bbox 195 2022 649 2064; x_wconf 87' lang='lat' dir='ltr'>convenientissimum</span> <span class='ocrx_word' id='word_1_234' title='bbox 671 2021 808 2063; x_wconf 89' lang='lat' dir='ltr'>videri</span> <span class='ocrx_word' id='word_1_235' title='bbox 828 2022 1039 2076; x_wconf 87' lang='lat' dir='ltr'>debuerit,</span> <span class='ocrx_word' id='word_1_236' title='bbox 1074 2023 1191 2078; x_wconf 89' lang='lat' dir='ltr'>quod</span> <span class='ocrx_word' id='word_1_237' title='bbox 1217 2024 1301 2080; x_wconf 91' lang='lat' dir='ltr'>ipsi</span> <span class='ocrx_word' id='word_1_238' title='bbox 1322 2040 1436 2065; x_wconf 86' lang='lat' dir='ltr'>ama-</span> 
     </span>
     <span class='ocr_line' id='line_1_34' title="bbox 87 2078 1440 2136; baseline 0.002 -17"><span class='ocrx_word' id='word_1_239' title='bbox 87 2079 199 2120; x_wconf 84' lang='lat' dir='ltr'>toria</span> <span class='ocrx_word' id='word_1_240' title='bbox 227 2078 372 2134; x_wconf 89' lang='lat' dir='ltr'>aliqua</span> <span class='ocrx_word' id='word_1_241' title='bbox 411 2079 666 2121; x_wconf 77' lang='lat' dir='ltr'>declamatio</span> <span class='ocrx_word' id='word_1_242' title='bbox 707 2084 821 2121; x_wconf 82' lang='lat' dir='ltr'>esset</span> <span class='ocrx_word' id='word_1_243' title='bbox 863 2079 1107 2135; x_wconf 86' lang='lat' dir='ltr'>adscripta,</span> <span class='ocrx_word' id='word_1_244' title='bbox 1150 2096 1259 2134; x_wconf 89' lang='lat' dir='ltr'>quae</span> <span class='ocrx_word' id='word_1_245' title='bbox 1299 2081 1440 2136; x_wconf 85' lang='lat' dir='ltr'>speci-</span> 
     </span>
     <span class='ocr_line' id='line_1_35' title="bbox 89 2135 1439 2192; baseline 0.002 -16"><span class='ocrx_word' id='word_1_246' title='bbox 89 2150 187 2177; x_wconf 90' lang='lat' dir='ltr'>men</span> <span class='ocrx_word' id='word_1_247' title='bbox 217 2136 341 2191; x_wconf 88' lang='lat' dir='ltr'>quasi</span> <span class='ocrx_word' id='word_1_248' title='bbox 371 2135 590 2191; x_wconf 89' lang='lat' dir='ltr'>quoddam</span> <span class='ocrx_word' id='word_1_249' title='bbox 621 2136 892 2190; x_wconf 90' lang='lat' dir='ltr'>eloquentiae</span> <span class='ocrx_word' id='word_1_250' title='bbox 913 2137 1050 2192; x_wconf 89' lang='lat' dir='ltr'>ipsius</span> <span class='ocrx_word' id='word_1_251' title='bbox 1081 2137 1315 2179; x_wconf 86' lang='lat' dir='ltr'>exhiberet.</span> <span class='ocrx_word' id='word_1_252' title='bbox 1355 2138 1439 2179; x_wconf 88' lang='lat' dir='ltr'>At-</span> 
     </span>
     <span class='ocr_line' id='line_1_36' title="bbox 92 2192 1439 2252; baseline 0.002 -19"><span class='ocrx_word' id='word_1_253' title='bbox 92 2206 174 2245; x_wconf 91' lang='lat' dir='ltr'>que</span> <span class='ocrx_word' id='word_1_254' title='bbox 205 2192 313 2234; x_wconf 90' lang='lat' dir='ltr'>haec</span> <span class='ocrx_word' id='word_1_255' title='bbox 343 2192 518 2248; x_wconf 89' lang='lat' dir='ltr'>quidem</span> <span class='ocrx_word' id='word_1_256' title='bbox 545 2193 688 2234; x_wconf 89' lang='lat' dir='ltr'>omnia</span> <span class='ocrx_word' id='word_1_257' title='bbox 731 2209 863 2248; x_wconf 90' lang='lat' dir='ltr'>quum</span> <span class='ocrx_word' id='word_1_258' title='bbox 906 2193 1010 2235; x_wconf 87' lang='lat' dir='ltr'>satis</span> <span class='ocrx_word' id='word_1_259' title='bbox 1051 2194 1225 2252; x_wconf 71' lang='lat' dir='ltr'>valeant</span> <span class='ocrx_word' id='word_1_260' title='bbox 1258 2193 1313 2235; x_wconf 92' lang='lat' dir='ltr'>ad</span> <span class='ocrx_word' id='word_1_261' title='bbox 1354 2194 1439 2236; x_wconf 90' lang='lat' dir='ltr'>ele-</span> 
     </span>
     <span class='ocr_line' id='line_1_37' title="bbox 93 2248 1440 2305; baseline 0.003 -17"><span class='ocrx_word' id='word_1_262' title='bbox 93 2248 280 2291; x_wconf 88' lang='lat' dir='ltr'>vandum</span> <span class='ocrx_word' id='word_1_263' title='bbox 309 2250 499 2291; x_wconf 89' lang='lat' dir='ltr'>virorum</span> <span class='ocrx_word' id='word_1_264' title='bbox 539 2249 885 2291; x_wconf 87' lang='lat' dir='ltr'>doctissimorum</span> <span class='ocrx_word' id='word_1_265' title='bbox 928 2249 1157 2304; x_wconf 86' lang='lat' dir='ltr'>iudicium,</span> <span class='ocrx_word' id='word_1_266' title='bbox 1201 2250 1318 2305; x_wconf 88' lang='lat' dir='ltr'>quod</span> <span class='ocrx_word' id='word_1_267' title='bbox 1355 2251 1440 2292; x_wconf 89' lang='lat' dir='ltr'>iam</span> 
     </span>
     <span class='ocr_line' id='line_1_38' title="bbox 94 2306 1439 2359; baseline 0.004 -15"><span class='ocrx_word' id='word_1_268' title='bbox 94 2306 422 2359; x_wconf 85' lang='lat' dir='ltr'>expendendum</span> <span class='ocrx_word' id='word_1_269' title='bbox 452 2307 706 2357; x_wconf 82' lang='lat' dir='ltr'>sumsimus3</span> <span class='ocrx_word' id='word_1_270' title='bbox 754 2312 846 2347; x_wconf 89' lang='lat' dir='ltr'>tum</span> <span class='ocrx_word' id='word_1_271' title='bbox 875 2321 961 2347; x_wconf 90' lang='lat' dir='ltr'>non</span> <span class='ocrx_word' id='word_1_272' title='bbox 1000 2306 1148 2348; x_wconf 91' lang='lat' dir='ltr'>inutile</span> <span class='ocrx_word' id='word_1_273' title='bbox 1189 2307 1270 2349; x_wconf 88' lang='lat' dir='ltr'>erit</span> <span class='ocrx_word' id='word_1_274' title='bbox 1312 2308 1439 2349; x_wconf 91' lang='lat' dir='ltr'>etiam</span> 
     </span>
     <span class='ocr_line' id='line_1_39' title="bbox 95 2362 1441 2420; baseline 0.004 -19"><span class='ocrx_word' id='word_1_275' title='bbox 95 2374 246 2403; x_wconf 83' lang='lat' dir='ltr'>causas</span> <span class='ocrx_word' id='word_1_276' title='bbox 277 2362 519 2417; x_wconf 84' lang='lat' dir='ltr'>addidisse,</span> <span class='ocrx_word' id='word_1_277' title='bbox 553 2378 663 2418; x_wconf 91' lang='lat' dir='ltr'>quae</span> <span class='ocrx_word' id='word_1_278' title='bbox 694 2363 1003 2418; x_wconf 86' lang='lat' dir='ltr'>philosophum</span> <span class='ocrx_word' id='word_1_279' title='bbox 1032 2365 1349 2420; x_wconf 89' lang='lat' dir='ltr'>permoverint,</span> <span class='ocrx_word' id='word_1_280' title='bbox 1392 2371 1441 2407; x_wconf 90' lang='lat' dir='ltr'>ut</span> 
     </span>
     <span class='ocr_line' id='line_1_40' title="bbox 93 2419 1440 2477; baseline 0.004 -19"><span class='ocrx_word' id='word_1_281' title='bbox 93 2432 221 2458; x_wconf 88' lang='lat' dir='ltr'>unam</span> <span class='ocrx_word' id='word_1_282' title='bbox 251 2420 386 2461; x_wconf 88' lang='lat' dir='ltr'>solam</span> <span class='ocrx_word' id='word_1_283' title='bbox 416 2419 706 2472; x_wconf 61' lang='lat' dir='ltr'>tmoemrzmjv</span> <span class='ocrx_word' id='word_1_284' title='bbox 726 2420 887 2476; x_wconf 75' lang='lat' dir='ltr'>Lysiae</span> <span class='ocrx_word' id='word_1_285' title='bbox 912 2420 1202 2474; x_wconf 89' lang='lat' dir='ltr'>eloquentiam</span> <span class='ocrx_word' id='word_1_286' title='bbox 1222 2427 1440 2477; x_wconf 85' lang='lat' dir='ltr'>tamquam</span> 
     </span>
     <span class='ocr_line' id='line_1_41' title="bbox 94 2475 1441 2535; baseline 0.005 -21"><span class='ocrx_word' id='word_1_287' title='bbox 94 2475 374 2529; x_wconf 85' lang='lat' dir='ltr'>spectandam</span> <span class='ocrx_word' id='word_1_288' title='bbox 402 2482 679 2533; x_wconf 88' lang='lat' dir='ltr'>proponeret.</span> <span class='ocrx_word' id='word_1_289' title='bbox 742 2476 855 2519; x_wconf 85' lang='lat' dir='ltr'>Sunt</span> <span class='ocrx_word' id='word_1_290' title='bbox 885 2482 1041 2531; x_wconf 86' lang='lat' dir='ltr'>autem,</span> <span class='ocrx_word' id='word_1_291' title='bbox 1074 2478 1157 2520; x_wconf 90' lang='lat' dir='ltr'>nisi</span> <span class='ocrx_word' id='word_1_292' title='bbox 1187 2479 1327 2533; x_wconf 79' lang='lat' dir='ltr'>fallor,</span> <span class='ocrx_word' id='word_1_293' title='bbox 1362 2495 1441 2535; x_wconf 90' lang='lat' dir='ltr'>po-</span> 
     </span>
     <span class='ocr_line' id='line_1_42' title="bbox 93 2531 1441 2588; baseline 0.004 -17"><span class='ocrx_word' id='word_1_294' title='bbox 93 2531 307 2572; x_wconf 88' lang='lat' dir='ltr'>tissimum</span> <span class='ocrx_word' id='word_1_295' title='bbox 346 2532 468 2575; x_wconf 86' lang='lat' dir='ltr'>duae.</span> <span class='ocrx_word' id='word_1_296' title='bbox 545 2534 660 2576; x_wconf 79' lang='lat' dir='ltr'>Nam</span> <span class='ocrx_word' id='word_1_297' title='bbox 701 2534 884 2588; x_wconf 85' lang='lat' dir='ltr'>primum</span> <span class='ocrx_word' id='word_1_298' title='bbox 926 2533 1100 2588; x_wconf 88' lang='lat' dir='ltr'>quidem</span> <span class='ocrx_word' id='word_1_299' title='bbox 1141 2535 1268 2577; x_wconf 86' lang='lat' dir='ltr'>Plato</span> <span class='ocrx_word' id='word_1_300' title='bbox 1315 2536 1441 2578; x_wconf 87' lang='lat' dir='ltr'>facile</span> 
     </span>
     <span class='ocr_line' id='line_1_43' title="bbox 93 2587 1441 2646; baseline 0.004 -18"><span class='ocrx_word' id='word_1_301' title='bbox 93 2587 298 2642; x_wconf 86' lang='lat' dir='ltr'>pervidit,</span> <span class='ocrx_word' id='word_1_302' title='bbox 333 2590 551 2632; x_wconf 88' lang='lat' dir='ltr'>scribendi</span> <span class='ocrx_word' id='word_1_303' title='bbox 584 2591 826 2642; x_wconf 84' lang='lat' dir='ltr'>consilium,</span> <span class='ocrx_word' id='word_1_304' title='bbox 860 2590 976 2644; x_wconf 89' lang='lat' dir='ltr'>quod</span> <span class='ocrx_word' id='word_1_305' title='bbox 1005 2591 1186 2646; x_wconf 87' lang='lat' dir='ltr'>iniisset,</span> <span class='ocrx_word' id='word_1_306' title='bbox 1211 2606 1305 2634; x_wconf 90' lang='lat' dir='ltr'>esse</span> <span class='ocrx_word' id='word_1_307' title='bbox 1328 2593 1441 2634; x_wconf 86' lang='lat' dir='ltr'>eius-</span> 
     </span>
     <span class='ocr_line' id='line_1_44' title="bbox 93 2643 1441 2705; baseline 0.004 -21"><span class='ocrx_word' id='word_1_308' title='bbox 93 2643 235 2698; x_wconf 90' lang='lat' dir='ltr'>modi,</span> <span class='ocrx_word' id='word_1_309' title='bbox 267 2644 384 2700; x_wconf 88' lang='lat' dir='ltr'>quod</span> <span class='ocrx_word' id='word_1_310' title='bbox 414 2662 500 2689; x_wconf 91' lang='lat' dir='ltr'>non</span> <span class='ocrx_word' id='word_1_311' title='bbox 543 2649 675 2689; x_wconf 87' lang='lat' dir='ltr'>ferret</span> <span class='ocrx_word' id='word_1_312' title='bbox 711 2647 925 2689; x_wconf 85' lang='lat' dir='ltr'>iudicialis</span> <span class='ocrx_word' id='word_1_313' title='bbox 962 2647 1125 2704; x_wconf 83' lang='lat' dir='ltr'>Lysiae</span> <span class='ocrx_word' id='word_1_314' title='bbox 1169 2648 1441 2705; x_wconf 84' lang='lat' dir='ltr'>eloquentiae</span> 
     </span>
     <span class='ocr_line' id='line_1_45' title="bbox 92 2701 1441 2759; baseline 0.003 -17"><span class='ocrx_word' id='word_1_315' title='bbox 92 2701 182 2743; x_wconf 80' lang='lat' dir='ltr'>sive</span> <span class='ocrx_word' id='word_1_316' title='bbox 204 2704 607 2746; x_wconf 84' lang='lat' dir='ltr'>commentationem</span> <span class='ocrx_word' id='word_1_317' title='bbox 630 2705 721 2746; x_wconf 85' lang='lat' dir='ltr'>sive</span> <span class='ocrx_word' id='word_1_318' title='bbox 744 2704 1094 2759; x_wconf 86' lang='lat' dir='ltr'>explorationem.</span> <span class='ocrx_word' id='word_1_319' title='bbox 1148 2705 1320 2748; x_wconf 88' lang='lat' dir='ltr'>Deinde</span> <span class='ocrx_word' id='word_1_320' title='bbox 1340 2721 1441 2747; x_wconf 90' lang='lat' dir='ltr'>vero</span> 
     </span>
    </p>
   </div>
  </div>
 </body>
</html>
