1687 2969
451 206 690 244 GORGIAS.
721 207 764 244 P.
795 205 886 243 473.
918 206 976 243 ed.
1009 207 1064 243 St.
1356 207 1431 241 169

178 316 284 374 Cap.
316 315 488 359 XXIX.
559 317 654 357 Σῼ.
705 316 1006 368 Μορμολύττει
1057 310 1136 363 αὖ,
1185 309 1218 355 ὦ
1265 317 1433 366 γενναῖε

93 386 240 434 Hane,
283 383 353 424 καὶ
391 383 470 424 οὐκ
499 380 697 434 ἐλέγχεις·
738 383 832 432 ἄρτι
872 380 915 421 δὲ
956 379 1208 433 ἐμαρτύρου.
1247 378 1360 432 ὅμως
1389 379 1432 420 δὲ

91 449 341 503 ὑπόμνησόν
369 463 418 502 με
447 448 649 501 σμικρόν·
681 445 754 487 ἐὰν
783 446 937 494 ἀδίκως
965 445 1255 498 ἐπιβουλεύων
1282 460 1431 498 τυραν-

92 515 189 565 νίδι,
219 511 352 563 eines-3
407 514 549 553 ΠῼΛ.
577 508 763 565 ’Ἐγωγε
815 513 911 552 ΣΩ.
942 509 1332 563 Εὐδαιμονέστερος
1359 510 1435 563 μὲν

91 581 241 621 τοίνυν
269 577 471 621 οὐδέποτε
500 575 615 618 ἔσται
642 574 863 629 οὐδέτερος
891 572 1058 626 αὐτῶν,
1100 578 1196 616 οὔτε
1225 575 1248 617 ὁ
1277 590 1434 628 κατειρ-

91 644 300 698 γασμένος
339 643 417 698 τὴν
453 643 687 696 τυραννίδα
726 643 881 690 ἀδίκως
923 645 1019 683 οὔτε
1056 641 1079 682 ὁ
1108 641 1229 694 δίκην
1268 642 1432 690 διδούς·

90 711 216 752 δυοῖν
255 709 337 763 γὰρ
375 709 545 751 ἀθλίοιν
595 705 966 762 εὐδαιμονέστερος
1012 705 1089 760 μὲν
1127 703 1208 748 οὐκ
1255 706 1308 748 ἂν
1348 707 1434 760 εἴη·

89 776 347 829 ἀθλιώτερος
385 772 530 827 μέντοι
567 775 590 816 ὁ
626 774 851 827 διαφυγὼν
897 772 964 814 καὶ
1006 772 1307 826 τυραννεύσας.
1386 773 1436 813 Τί

91 911 213 953 ληφθῇ
239 907 421 951 τυραννίδι
445 906 686 950 ἐπιβουλεύων
719 920 747 941 κ.
773 920 799 940 τ.
825 909 870 945 λ.,
907 906 1051 949 abrupte
1076 917 1096 939 a
1119 907 1258 939 Socrate
1282 910 1435 949 repetan-

90 960 155 996 tur,
180 955 239 988 sed
263 966 295 987 v.
320 966 398 988 ann.
580 984 589 991 ,

160 998 255 1033 οὔτε
286 998 305 1031 ὁ
339 999 466 1042 δίκην
504 996 670 1041 διδούς]
712 997 812 1041 δίκην
851 1009 915 1031 om.
948 997 1064 1030 Clark.
1103 998 1180 1029 Vat.
1213 996 1317 1029 Coisl.
1351 998 1436 1029 Ven.

97 1046 176 1079 ΞΣ.
200 1045 300 1078 Vind.
327 1044 358 1077 1.
382 1043 414 1077 2.
439 1043 470 1077 6.
496 1043 525 1077 7.
550 1045 626 1076 Par.
651 1044 840 1076 BCEIW.
873 1047 906 1075 ct
929 1054 978 1085 pr.
1002 1044 1039 1076 F.
1064 1043 1154 1075 Flor.
1181 1054 1210 1074 a.
1235 1043 1266 1074 b.
1293 1052 1321 1074 c.
1346 1043 1367 1074 f.
1393 1055 1435 1076 m.

95 1104 124 1124 ο.
150 1102 176 1123 S.
200 1092 290 1134 Aug.
314 1090 411 1123 Bodl.
434 1091 572 1122 Meerm.
620 1090 660 1121 In
685 1089 774 1122 Flor.
801 1101 833 1121 x.
866 1092 899 1121 et
922 1100 1005 1121 corr.
1030 1090 1067 1121 F.
1098 1092 1150 1120 est
1181 1085 1199 1119 ὁ
1233 1086 1351 1121 διδοὺς
1386 1088 1434 1120 δι’·

93 1149 167 1179 κην.
215 1137 313 1169 Unus
336 1136 428 1168 Flor.
454 1135 485 1167 d.
510 1132 530 1166 ὁ
556 1135 656 1177 δίκην
682 1132 809 1168 διδούς.
852 1135 1000 1167 Omissio
1025 1134 1119 1166 vocis
1142 1136 1278 1175 propter
1301 1133 1435 1165 initium

93 1182 272 1214 consimile
296 1180 457 1214 vocabuli
489 1181 701 1222 insequentis
731 1181 840 1220 facta,
889 1180 956 1211 nisi
986 1180 1071 1211 forte
1102 1190 1184 1211 vera
1215 1178 1317 1211 lectio
1344 1183 1395 1211 cst
1419 1177 1437 1210 ὁ

96 1227 196 1269 δίκην
221 1225 321 1264 δούς,
355 1226 444 1268 quod
469 1225 575 1258 latere
599 1226 735 1258 videtur
765 1226 799 1257 in
824 1225 1047 1267 plurimorum
1072 1225 1235 1257 librorum
1260 1225 1437 1266 scriptura.

95 1272 404 1305 Winckelmannus
437 1272 514 1304 Act.
538 1272 661 1304 Societ.
698 1272 754 1304 Gr.
780 1271 872 1313 Lips.
899 1271 977 1303 Vol.
1000 1271 1043 1301 II.
1076 1271 1174 1303 Fasc.
1199 1270 1225 1301 I.
1257 1281 1288 1311 p.
1314 1269 1368 1302 19.
1391 1270 1435 1302 Ιο-

92 1318 241 1361 gendum
266 1319 358 1350 coni.
388 1315 510 1354 ἁλούς,
543 1321 582 1349 ut
615 1316 776 1349 audacter
809 1317 943 1359 scripsit
975 1317 1089 1348 Herm.
1127 1317 1171 1347 Et
1201 1319 1342 1347 tuentur
1364 1316 1437 1347 vul-

92 1367 208 1406 gatam
231 1362 293 1394 illa
316 1374 347 1405 p.
373 1360 449 1395 478.
474 1363 512 1393 E.

159 1409 198 1440 Ε.
238 1405 256 1439 ὁ
293 1405 527 1450 διαφυγών
567 1407 634 1439 καὶ
670 1419 713 1439 τυ
727 1406 770 1450 ρ.]
819 1407 933 1439 Clark.
967 1407 1043 1438 Vat.
1075 1406 1179 1438 Coisl.
1210 1405 1312 1437 vind.
1345 1405 1375 1437 1.
1406 1406 1437 1438 2.

91 1454 168 1486 Par.
209 1453 439 1485 BCEFIW.
491 1453 683 1485 Florentini
725 1451 928 1495 διαφεύγων
973 1453 1143 1494 frequenti
1178 1452 1437 1495 permutatione.

91 1500 258 1532 Praesens
282 1499 412 1541 recepit
434 1499 551 1531 Herm.
575 1498 711 1530 iniuria.

800 1608 876 1652 ἴτρτι
915 1610 953 1642 δὲ
998 1609 1213 1652 ἐμαρτύρου,
1258 1609 1438 1642 adduntur.

801 1656 949 1688 Gravius
998 1656 1087 1688 enim
1131 1656 1441 1688 commonefaciunt

95 1599 247 1654 pdicium,
272 1611 363 1653 quod
385 1613 516 1643 veteres
540 1611 730 1642 tunicam

94 1669 126 1689 m
137 1668 156 1689 o
166 1657 177 1688 l
186 1669 204 1689 e
214 1661 277 1689 sta
286 1668 320 1688 m
344 1655 609 1698 nuncupabant,
634 1657 731 1688 cuius

94 1704 322 1735 meminerunt
336 1703 424 1734 inter
439 1702 526 1733 alios
551 1702 689 1733 Iuven
699 1713 731 1733 a-
801 1702 987 1742 legentium
1013 1702 1143 1734 animos
1168 1701 1208 1733 de
1232 1701 1337 1733 variis
1362 1702 1439 1732 arti-

94 1749 151 1780 lis
183 1749 252 1780 Sat.
278 1748 374 1779 VIII.
404 1758 436 1778 ν.
461 1745 536 1780 235.
568 1750 602 1779 et
630 1748 732 1779 Mar-

95 1793 184 1825 tial.
211 1793 325 1835 Epigr.
350 1793 392 1833 X,
417 1791 470 1824 25.
514 1793 610 1824 Haee
634 1793 733 1824 nimi-

94 1849 170 1870 rum
208 1839 374 1881 ignium
416 1838 645 1869 alimentis
683 1838 731 1869 il-

95 1884 178 1916 lita
209 1889 248 1916 et
280 1885 476 1923 intexta,
513 1887 552 1914 ut
583 1884 731 1916 Senec.

94 1929 203 1971 Epist.
228 1928 281 1961 14.
310 1932 470 1961 testatum
500 1928 655 1970 reliquit,
687 1940 733 1961 ac

96 1986 188 2006 mox
231 1985 443 2006 succensa
483 1973 573 2005 dire
608 1974 733 2006 obvo-

96 2020 215 2052 lutos
240 2020 412 2059 noxios,
443 2020 515 2061 qui
546 2020 732 2052 sceleris

95 2065 318 2107 gravioris
343 2065 551 2106 comperti
575 2065 732 2106 forent,

96 2109 304 2141 incendio
345 2109 627 2141 absumebat.⁷'
664 2110 731 2142 vid.

96 2154 333 2187 Gallonius
364 2154 405 2186 de
436 2155 626 2196 Martyrum
652 2156 733 2188 Cru-

96 2200 243 2234 ciatibus
267 2211 299 2242 p.
322 2199 398 2233 360.
424 2211 449 2231 c.
474 2200 568 2232 VIII.

142 2246 210 2277 καὶ
260 2249 338 2278 τῶν
392 2242 531 2276 ἄλλων
579 2245 732 2288 ξένων]

97 2294 225 2332 atque
268 2294 501 2333 praeterea
548 2301 574 2323 s.
605 2295 734 2332 atque

97 2337 230 2367 etiam
271 2347 291 2368 a
328 2336 586 2378 peregrinis.
628 2347 660 2367 v.
692 2336 733 2368 ad

96 2381 243 2424 Apolog.
267 2381 393 2413 Socrat.
419 2392 450 2423 p.
474 2379 528 2413 36.
553 2382 591 2413 Β.
617 2382 733 2423 Symp.

97 2437 128 2468 p.
154 2425 228 2458 191.
253 2427 291 2458 B.
317 2426 360 2458 al.

144 2472 238 2515 ΟειΡ.μ
251 2471 377 2503 XXIX.
402 2471 446 2503 D.
479 2471 544 2503 Mo
558 2469 732 2512 ρμολύτ-

100 2528 161 2548 zea
187 2515 310 2558 αὐ-]
344 2516 735 2549 Terriculamenta

101 2571 213 2593 nune
245 2562 405 2594 obiicis
431 2580 474 2584 —-
499 2573 639 2603 neque
674 2573 733 2594 me

100 2607 326 2648 coarguis,
374 2607 733 2648 quemadmodum

99 2652 249 2694 paullo
294 2656 397 2684 ante
435 2653 625 2684 testibus
671 2652 735 2684 ad-

100 2696 261 2728 hibitis
306 2708 365 2728 me
415 2698 612 2729 refutare
653 2701 733 2729 stu-

100 2741 243 2774 debas.
284 2742 361 2775 Non
386 2742 459 2775 sine
483 2753 608 2775 caussa
630 2743 731 2776 haec:

801 1747 883 1787 bus,
915 1758 1000 1788 quas
1026 1747 1179 1788 sophista
1202 1746 1243 1778 ad
1268 1747 1438 1779 Socratem

802 1792 1056 1834 coarguendum
1069 1793 1193 1824 frustra
1205 1791 1353 1824 adhibet.
1376 1794 1439 1824 Ita-

802 1848 866 1879 que
891 1838 998 1869 nolim
1022 1839 1108 1869 haec
1129 1838 1171 1869 ab
1196 1838 1320 1870 Astio
1345 1838 1441 1869 unci-

802 1884 855 1915 nis
879 1882 921 1915 ab
954 1884 1084 1925 reliquo
1117 1893 1271 1915 sermone
1308 1883 1441 1915 seclusa

803 1932 926 1960 essent.
973 1929 1092 1970 Neque
1123 1929 1291 1961 assentior
1314 1929 1440 1961 Hein—

802 1975 961 2014 dorfio,
1010 1975 1068 2016 qui
1108 1974 1305 2015 requirebat
1348 1974 1440 2006 hunc

802 2021 980 2052 verborum
1015 2019 1186 2063 ordinem}
1223 2017 1298 2060 ἄρτι
1336 2019 1439 2061 ἐμαρ-

803 2063 929 2107 τύρου,
973 2068 1037 2097 νῦν
1071 2063 1099 2097 δ’
1133 2065 1177 2097 αὑ
1208 2062 1439 2106 μορμολύττει.

802 2112 855 2142 De
879 2112 983 2142 verbo
1015 2109 1311 2150 μορμολύττεσθαι
1341 2121 1373 2142 v.
1397 2110 1439 2142 ad

803 2156 932 2188 Criton.
955 2166 986 2197 p.
1012 2155 1087 2187 116.

850 2198 1116 2243 ὑπόμνησόν
1154 2212 1201 2239 με
1236 2198 1438 2242 σμικρόν·

804 2243 882 2277 ἐὰν
913 2243 974 2277 cib.
1008 2264 1051 2268 ——
1085 2241 1248 2288 εἶπες;]
1294 2256 1439 2278 verum

803 2295 942 2322 tamen
987 2291 1234 2333 paullulum
1274 2301 1333 2322 me
1377 2291 1439 2323 ad-

802 2346 943 2368 mone:
969 2346 1085 2375 „num
1109 2336 1287 2377 dixisti,
1324 2337 1359 2369 si
1384 2337 1441 2368 in-

803 2383 917 2413 iuste
986 2381 1270 2424 tyrannidem
1335 2382 1441 2414 affe-

804 2426 933 2458 ctet‘?”
979 2427 1030 2459 Ita
1054 2428 1138 2459 haec
1168 2431 1258 2460 recte
1283 2427 1441 2460 distinxit

802 2472 1047 2513 Bckkerus,
1093 2483 1202 2514 neque
1249 2483 1333 2514 opus
1378 2478 1439 2513 est,

803 2521 840 2549 ut
864 2521 942 2549 ante
968 2515 1030 2549 ἐάν
1053 2518 1224 2550 inseratur
1247 2518 1303 2556 εί,
1336 2529 1440 2560 quum

802 2563 1034 2605 interrogandi
1063 2563 1187 2596 vocula
1214 2568 1305 2595 recte
1330 2563 1440 2595 omitti

802 2610 959 2649 potuerit.
1004 2607 1057 2640 Ad
1081 2608 1186 2641 verba
1225 2607 1287 2640 ἐὰν
1312 2606 1439 2642 άδίκωε·

804 2652 955 2694 ἐπιβουλ.
982 2654 1161 2695 τυραννίδι
1174 2666 1191 2686 e
1207 2653 1440 2696 superioribus

802 2702 913 2730 mente
942 2700 1179 2741 repetendum:
1212 2703 1314 2731 ταῦτα
1347 2702 1438 2741 ποιῇ,

805 2741 952 2786 ζηλωτὸς
984 2745 1076 2779 ἔσται
1112 2745 1169 2778 καὶ
1199 2742 1439 2787 εὐδαιμονιζό-

1468 770 1502 811 Ε
