1687 2969
183 124 199 158 1
209 126 230 158 9
237 124 258 157 6
731 120 988 159 PLATONIS

179 229 460 281 ἀγανακτοῖεν
502 230 582 276 ἄν,
623 228 661 268 εἴ
696 242 757 276 τις
793 229 850 282 μὴ
889 228 1018 281 φαίη·
1059 227 1127 268 διὰ
1164 226 1216 280 δὴ
1256 226 1414 280 ταύτην
1450 225 1530 279 τὴν

181 295 414 347 ὁμολογίαν
442 293 770 346 ἀναγκασθῆναι
799 291 969 333 ἐναντία
999 292 1131 332 αὐτὸν
1162 291 1275 344 αὐτῷ
1304 291 1455 340 εἰπεῖν,
1486 290 1530 331 σὲ

182 357 226 399 δὲ
269 358 372 399 αὐτὸ
413 365 540 399 τοῦτο
581 358 763 411 ἀγαπᾶν.
803 358 872 398 καί
910 367 990 398 σου
1026 355 1251 409 κατεγέλα,
1293 353 1349 403 ὥς
1386 354 1432 408 γὲ
1461 371 1533 408 μοι

181 424 348 473 δοκεῖν,
388 424 532 475 ὀρθῶς
559 424 664 464 τότε.
706 429 789 463 νῦν
819 420 862 462 δὲ
902 422 1029 462 πάλιν
1059 421 1187 469 αὐτὸς
1216 420 1373 460 ταύτὸν
1400 427 1527 461 τοῦτο

183 486 338 536 ἔπαθε,
378 488 448 529 καὶ
475 486 604 541 ἔγωγε
643 488 731 529 κατ’
773 487 877 527 αὐτὸ
908 493 1033 527 τοῦτο
1065 487 1142 526 οὐκ
1172 489 1331 540 ἄγαμαι
1362 488 1531 533 Πῶλον,

184 553 245 593 ὅτι
287 563 354 593 σοι
398 555 663 606 συνεχώρησε
702 553 748 592 τὸ
790 552 949 592 αῗδικεῑν
993 551 1157 603 αἴσχιον
1193 547 1301 592 εἶναι
1340 558 1417 592 τοῦ
1446 552 1532 591 ἄδι-

184 621 372 659 κεῖσθαι·
414 616 458 658 ἐκ
495 618 648 670 ταύτης
686 616 768 669 γὰρ
809 613 863 656 αὖ
901 622 974 669 τῆς
1013 615 1242 668 ὁμολογίας
1282 616 1410 664 αὐτὸς
1448 616 1534 657 ὑπὸ

185 690 263 724 σοὺ
293 682 598 733 συμποδισθεὶς
640 681 685 722 ἐν
712 685 800 729 τοῖς
829 681 972 733 λόγοις
1013 679 1319 734 ἐπεστομίσθη,
1363 681 1531 734 αἰσχυν-

184 747 278 796 θεὶς
307 749 333 787 ἃ
363 747 472 788 ἐνόει
501 748 644 787 εἰπεῖν.
686 747 739 786 σὶ)
767 745 848 799 γὰρ
876 748 934 801 τῷ
964 748 1085 796 ὄντι,
1126 741 1158 786 ὦ
1187 749 1438 799 Σώκρατες,
1478 746 1535 794 εἰς

184 819 357 854 τοιαῦτα
386 815 501 865 α’γεις
523 811 705 864 φορτικὰ
727 811 793 851 καὶ
819 811 1095 864 δημηγορικοὶ,
1126 811 1305 863 φάσκων
1328 810 1407 864 τὴν
1435 811 1533 864 ἀλή-

254 954 327 983 καί
360 962 405 983 σο
420 963 437 982 υ
473 950 699 993 κατεγέλα]
742 951 796 982 Sic
827 949 928 981 Vind.
962 949 992 982 2.
1024 951 1101 981 Par.
1133 950 1176 981 V.
1207 951 1297 982 Vett.
1333 949 1426 982 editt.
1461 961 1535 982 cum

185 997 326 1038 reliquis
357 996 453 1028 codd.
486 1008 568 1028 mss.
599 997 801 1036 καταγελᾶν,
836 995 927 1037 quod
958 1001 1048 1027 reete
1072 995 1273 1027 mutandum
1298 996 1383 1027 vidit
1409 995 1535 1028 Corna-

186 1044 269 1074 rius.
295 1042 530 1073 Defenderunt
554 1047 668 1073 tamen
694 1052 802 1082 nuper
826 1041 1038 1081 Bernhardy.
1065 1041 1208 1082 Syntax.
1235 1051 1266 1082 p.
1281 1039 1357 1073 464.
1382 1049 1415 1072 et
1439 1041 1536 1073 Win-

186 1088 381 1119 ekehuann.
412 1087 454 1119 ad
478 1087 680 1128 Euthydem.
713 1097 745 1127 p.
770 1085 841 1126 38.,
874 1086 932 1127 qui
964 1086 1173 1117 infinitivum
1205 1086 1325 1117 volunt
1349 1097 1392 1118 ex
1416 1097 1535 1128 paren-

186 1133 274 1165 thesi
306 1131 351 1165 ὥς
376 1132 414 1174 γε’
439 1143 492 1170 μοι
525 1132 642 1163 δοκεῖ]-
674 1131 838 1172 pendere,
871 1132 911 1163 de
945 1142 1011 1172 quo
1043 1142 1167 1173 genere
1200 1136 1390 1163 structurae
1423 1142 1455 1165 V.
1494 1132 1535 1163 ad

187 1189 218 1219 p.
242 1176 318 1210 453.
342 1178 381 1208 B.
441 1177 507 1208 Sed
539 1188 642 1218 quum
675 1175 720 1209 ὥς
752 1176 789 1218 γέ
821 1188 875 1215 μοι
902 1176 1018 1208 δοκεῖν
1054 1187 1186 1218 semper
1218 1176 1348 1208 dicatur
1381 1177 1535 1208 absolute

187 1233 297 1264 neque
329 1233 406 1254 eum
437 1222 608 1254 infinitivo
642 1222 797 1253 iunctum
832 1232 977 1263 usquam
1014 1223 1222 1264 reperiatur,
1262 1221 1357 1253 illam
1394 1221 1536 1253 duarum

188 1268 478 1299 eonstructionum
504 1268 738 1299 confusionem
770 1267 824 1298 hic
849 1278 916 1299 non
942 1277 1039 1308 posse
1064 1267 1177 1299 locum
1201 1267 1325 1298 habere
1349 1267 1452 1308 plane
1476 1277 1536 1298 no-

189 1314 240 1344 bis
264 1313 505 1354 persuasimus.

256 1359 291 1389 P.
318 1356 394 1390 483.
427 1356 529 1389 κατὰ
565 1355 707 1397 φύσιν
742 1354 886 1399 lineo]
920 1357 961 1388 V.
995 1354 1031 1387 τὰ
1056 1355 1137 1387 κατὰ
1165 1368 1200 1396 φ.
1229 1354 1284 1388 ὑπ.
1344 1357 1537 1388 Articulum

235 1477 314 1511 κατ’
341 1478 446 1511 αὐτὸ
473 1483 598 1511 τοῦτο
626 1477 702 1510 οὐκ
736 1477 829 1521 ἄγα·

190 1538 258 1564 μαι
284 1524 402 1567 [Ion]
436 1525 481 1557 H.
505 1535 533 1556 e.
559 1526 601 1556 in
626 1525 706 1555 hoe
730 1525 829 1565 ipso

189 1582 272 1602 non
297 1570 428 1601 laudo
454 1570 615 1601 Polum.
665 1570 720 1600 Sic
746 1567 830 1601 αὐτό

189 1616 327 1657 ponitul
350 1615 467 1657 Lysid.
494 1626 525 1656 p.
549 1614 626 1647 220.
651 1615 697 1645 B:
723 1616 828 1654 φίλον

191 1661 229 1693 δὲ
249 1664 291 1692 τῶ
311 1658 381 1691 ὄντι
403 1659 599 1692 κινδυιεύει
618 1659 729 1691 ἐκεῖιο
745 1657 788 1690 αι’
795 1657 828 1691 τὸ

190 1708 297 1743 εἶναι,
335 1705 386 1738 εἰς
417 1703 434 1736 ὃ
461 1708 565 1736 πᾶσαι
593 1706 690 1735 mitat
715 1717 747 1735 αι
776 1706 827 1735 λε-

190 1750 331 1793 γόηειαι
357 1752 465 1790 φιλιαι
490 1751 687 1786 texendae,
714 1749 827 1781 illud

189 1796 259 1828 vel
306 1796 486 1827 maxime
535 1805 677 1826 earum
733 1805 827 1826 esse

189 1841 364 1872 videtur
411 1844 473 1872 ete.
540 1840 646 1871 Plura
691 1840 825 1872 notavit

190 1886 446 1917 Valckenar.
489 1884 531 1916 ad
566 1884 728 1916 Herodot.
767 1885 827 1923 111,

191 1930 243 1962 71.
276 1935 309 1961 et
339 1930 382 1961 ad
413 1930 644 1971 Chrysostom.
678 1930 770 1961 Orat.
803 1930 827 1960 I.

190 1977 225 2007 in
263 1975 499 2007 Hemsterhus.
546 1975 655 2006 Oratt.
699 1986 731 2016 p.
773 1975 827 2005 VI.

192 2021 289 2052 Conf.
315 2021 404 2052 infra
427 2031 458 2062 p.
483 2018 560 2051 488.
577 2021 619 2051 D.
644 2031 675 2061 p.
699 2018 776 2052 509.
789 2020 828 2051 Ε.

235 2067 273 2097 Ε.
303 2063 382 2097 ὑπὸ
410 2068 487 2096 σοῦ
515 2075 638 2102 σνμπ.
666 2083 708 2088 -
734 2064 826 2096 ἐπε-

194 2110 429 2152 σῑομίσθη]
462 2110 506 2141 H.
537 2120 565 2141 e.
601 2120 621 2140 a
652 2114 690 2141 te
725 2111 829 2141 irre—

191 2157 304 2187 titus
334 2156 376 2186 in
402 2165 598 2187 sermone
631 2165 676 2186 eo
709 2155 829 2186 reda-

192 2206 286 2231 ctus
323 2204 405 2239 est,
445 2204 490 2231 nt
524 2210 607 2231 non
643 2200 829 2232 haberet

193 2245 302 2286 quod
340 2245 424 2276 tibi
463 2249 713 2286 opponeret.
777 2245 830 2276 Ad

196 2290 449 2328 σνμποδισθείς
531 2289 830 2331 Olympiodor.

193 2346 271 2365 ms.:
313 2331 379 2365 ἀπὸ
418 2338 616 2374 μεταφορᾶς
654 2338 721 2366 τῶν
752 2332 828 2365 ἀλό-

191 2392 266 2421 γωιν
290 2379 392 2418 ζώων
424 2382 491 2410 τῶν
523 2378 831 2420 ονμποδιζομὲνων

194 2423 249 2455 ἐπὶ
272 2421 306 2455 τὸ
326 2427 508 2465 σφαγῆνμιι
526 2423 829 2466 Theaetet.p.165.

193 2470 237 2500 Ε;
272 2466 457 2507 θαιμάοα
485 2481 544 2510 τηι
570 2472 701 2513 σοφίαν
728 2480 828 2501 συνε-

193 2513 367 2554 ποδισθης
403 2510 455 2544 [π’
490 2511 597 2544 αἰτοῖ
650 2515 692 2545 οὐ
726 2513 767 2555 δή
792 2524 830 2546 σε

192 2555 444 2599 laomodpevo's*
484 2569 515 2588 τε
554 2559 608 2589 καὶ
652 2558 830 2601 σιἰδήσας

195 2602 259 2645 ἤδη
286 2600 329 2634 ἂν
356 2602 427 2634 τότε
451 2601 594 2643 ἐλι’τροι
621 2616 647 2634 κ.
675 2616 699 2634 τ.
725 2606 751 2635 λ.
777 2605 829 2635 De

195 2647 441 2688 ἐπιστομίζειν,
483 2648 571 2689 qnod
610 2650 744 2690 p1‹·]p1ie
778 2654 829 2680 est

900 1490 946 1511 os
971 1479 1070 1520 equi
1103 1480 1224 1511 freno
1250 1488 1537 1520 compescere,

900 1525 933 1556 H
945 1524 1201 1556 emsterhus.
1240 1524 1282 1555 ad
1316 1524 1536 1565 Aristophan.

898 1570 986 1601 Plut.
1005 1580 1036 1611 p.
1052 1568 1126 1601 193.
1151 1570 1320 1611 exposuit.
1331 1588 1371 1593 —
1390 1581 1413 1608 φ
1425 1581 1443 1600 o
1456 1581 1472 1610 ρ
1486 1581 1534 1599 τι-

898 1613 945 1646 mi
969 1619 1048 1646 sunt
1082 1615 1239 1656 gravia
1270 1620 1310 1646 et
1338 1614 1534 1653 molesta,

896 1671 927 1693 v.
964 1659 1006 1691 ad
1038 1660 1137 1701 Apol.
1172 1660 1301 1691 socrat.
1334 1671 1365 1702 p.
1396 1658 1450 1691 32.
1484 1660 1537 1698 A„

899 1705 915 1736 δ
930 1716 1064 1747 ημηγο
1079 1716 1095 1745 ρ
1109 1703 1176 1736 cuci
1216 1710 1327 1736 autem
1366 1705 1413 1736 ad
1451 1714 1537 1746 spe-

898 1750 1001 1781 ciem
1045 1754 1085 1780 et
1128 1751 1315 1792 gratiam
1363 1749 1537 1782 audien—

897 1796 1019 1833 tium,
1052 1805 1135 1826 non
1168 1795 1219 1826 ad
1252 1805 1396 1826 verum
1429 1805 1535 1826 eom-

897 1844 1062 1881 parata.
1086 1857 1130 1862 —
1157 1837 1209 1873 αἷς
1246 1837 1289 1871 τὰ
1322 1837 1455 1870 πολλά
1487 1849 1536 1870 re-

897 1884 1040 1926 spondet
1071 1885 1144 1917 Lat.
1181 1888 1226 1916 ut
1267 1883 1535 1926 plerumque,

897 1934 935 1960 ut
973 1930 1078 1971 Legg.
1113 1929 1189 1960 XII.
1227 1940 1258 1970 p.
1293 1928 1369 1961 952.
1412 1930 1453 1960 D.
1493 1929 1537 1961 al.

897 1975 989 2006 Male
1014 1975 1041 2006 F
1051 1975 1091 2005 in
1100 1974 1120 2005 d
1132 1975 1194 2006 eis
1206 1984 1223 2006 e
1232 1985 1264 2008 n.
1298 1975 1537 2016 interpretatur

898 2030 1020 2061 quam
1045 2020 1321 2061 saepissime.
1363 2020 1454 2051 Satis
1478 2030 1537 2051 au-

898 2071 965 2096 tem
1001 2068 1134 2096 constat
1170 2064 1358 2106 sophistas,
1399 2065 1536 2095 virtutis

897 2111 967 2141 vim
999 2114 1031 2141 et
1062 2110 1227 2142 rationem
1262 2110 1438 2149 tollentes,
1480 2109 1536 2141 dov

898 2156 1010 2187 cuisse
1035 2165 1086 2194 ea,
1110 2165 1198 2197 qnae
1222 2155 1313 2186 iusta
1337 2159 1370 2185 et
1393 2154 1536 2186 honesta

898 2200 1113 2237 haberentur,
1138 2210 1205 2231 non
1231 2210 1291 2241 per
1308 2210 1343 2231 se
1359 2218 1400 2221 —
1419 2199 1536 2239 (φύσει,

898 2250 1021 2277 natura
1045 2263 1087 2268 ——
1110 2246 1202 2276 iusta
1225 2248 1257 2275 et
1282 2244 1425 2276 honesta
1450 2255 1535 2284 esse,

899 2290 957 2322 sed
972 2290 1047 2332 lege
1067 2293 1100 2320 et
1115 2290 1352 2321 conventione.
1378 2301 1408 2320 v.
1430 2289 1535 2331 Legg.

898 2336 940 2369 X.
974 2346 1006 2376 p.
1031 2333 1106 2367 889.
1131 2335 1171 2365 E.
1202 2345 1234 2375 p.
1268 2333 1346 2366 890.
1370 2335 1410 2365 A.
1457 2335 1536 2366 Pro-

900 2385 1005 2422 tagor.
1029 2390 1061 2420 p.
1077 2377 1154 2411 337.
1171 2379 1214 2410 D.
1240 2379 1381 2411 Theaet.
1406 2390 1437 2420 p.
1461 2378 1536 2411 172.

898 2426 939 2456 A.
1000 2425 1118 2465 Itaque
1159 2423 1321 2456 Callicles
1359 2424 1538 2478 distinguit

901 2469 938 2501 τὰ
963 2466 1044 2500 κατὰ
1072 2467 1180 2504 ‹tzion-
1206 2473 1239 2500 et
1263 2467 1300 2500 τὰ
1316 2467 1397 2501 κατὰ
1417 2467 1535 2507 ιόμοι.

945 2515 980 2545 Ρ.
1004 2512 1081 2546 483.
1112 2512 1129 2545 ὃ
1155 2511 1203 2555 δὴ
1234 2515 1301 2545 καὶ
1338 2524 1385 2545 συ
1413 2517 1537 2545 τοῦτο

900 2556 941 2590 τὸ
971 2556 1111 2598 σοφύι
1136 2558 1177 2601 κ.]
1202 2558 1335 2591 Acerba
1358 2569 1435 2590 cum
1466 2559 1539 2589 irri-

900 2605 995 2636 sione
1019 2603 1111 2634 istud
1137 2607 1236 2635 νοῦτο
1261 2602 1295 2635 τὸ
1322 2602 1439 2643 σοφόν
1463 2613 1549 2644 pro-⁷

899 2649 1029 2681 nomini
1068 2647 1087 2679 ὅ
1127 2649 1315 2681 subiectum
1358 2654 1421 2680 est.
1485 2649 1536 2679 De
