1687 2969
478 182 703 222 GORGIAS
732 184 774 222 P.
806 184 898 223 447.
929 184 986 222 ed.
1017 183 1072 223 St.
1401 186 1452 222 79

104 291 243 345 ἀγορᾷ·
259 292 502 345 ἀναγκάσας
524 293 634 347 ἡμᾶς
657 293 727 333 δια
742 296 899 346 τρῖψαι.
932 296 1049 334 ΧΑΙ.
1063 293 1201 334 Οὐδὲν
1222 298 1407 345 πρᾶγμα,
1424 286 1457 331 ὦ
1499 293 1536 335 Β

104 419 276 461 insignem
302 424 335 451 et
367 421 587 462 conspicuum
599 445 607 460 ,
645 420 745 452 multi

103 470 185 496 sunt
198 465 372 505 aemulati,
393 465 544 507 adeoque
559 467 631 507 ipse
645 466 743 497 Plato

104 509 303 552 γοργιάζειν
322 521 341 542 a
365 511 543 543 nonnullis
572 510 743 542 iudicatus

105 560 164 586 est.
191 565 222 586 v.
240 557 422 587 Demetr.
448 555 617 588 Phalcr.
644 556 674 594 ἓ.
689 554 743 587 28.

103 604 137 631 et
168 598 222 631 29.
260 601 444 642 Dionys.
481 601 573 631 Hal.
615 600 651 631 ll.
693 611 742 632 cc.

105 644 148 675 al.
195 645 272 686 Ipse
296 650 409 677 autem
434 645 568 677 dicendi
593 645 743 687 discipli—

105 699 184 720 nam
209 690 295 721 tanti
318 691 409 731 feeit,
433 695 470 722 ut
495 702 530 722 se
554 690 662 722 nollet
692 701 744 722 so·
775 710 777 712 v

102 734 248 775 phistae,
257 735 315 767 sed
329 737 440 777 potius
451 736 595 767 rhetoris
606 737 743 768 nomine

103 780 273 821 insigniri,
298 791 329 812 v.
355 781 462 811 Plat.
490 781 593 823 Gorg.
618 791 648 822 p.
666 779 742 812 449.

104 825 144 855 A.
155 825 230 856 coll.
242 825 316 857 451.
330 827 381 865 l).‚
401 836 603 867 quamquam
619 830 743 857 utram-

105 879 170 910 que
195 869 408 912 disciplinam
426 870 552 912 ubique
572 871 686 902 iunxit
710 876 743 902 et

105 916 327 949 commiscuit.
354 916 479 948 Verum
498 916 581 947 satis
606 916 646 947 de
660 916 743 948 Gor-

102 960 170 1000 gia,
195 971 294 1001 quem
314 962 396 993 artis
412 962 578 993 oratoriae
594 962 742 994 novitiae

103 1005 376 1047 coniunctaeque
407 1016 483 1038 cum
511 1017 550 1037 ca
581 1007 663 1038 artis
696 1007 742 1038 ci-

101 1049 181 1081 vilis
220 1051 292 1082 sive
325 1051 486 1093 politicae
520 1051 611 1083 bello
645 1052 742 1083 Pelo-

101 1096 310 1136 ponnesiaco
351 1101 526 1138 tamquam
566 1102 740 1138 parentem

100 1140 271 1172 exstitisse
304 1141 347 1172 ad
378 1142 543 1173 sermonis
568 1142 740 1174 Platonici

99 1186 314 1228 cognominis
345 1186 608 1229 intelligentiam
646 1193 741 1218 tenu-

100 1231 168 1262 isse
201 1241 387 1272 sanequam
420 1232 603 1273 plurimum
628 1233 739 1264 refert.

100 1276 180 1307 Alia
205 1275 245 1307 de
271 1277 343 1308 eius
368 1278 498 1309 ratione
523 1288 560 1308 ac
585 1277 740 1309 doctrina

99 1321 336 1363 philosophiae
367 1322 462 1354 nullo
495 1323 633 1364 negotio
672 1323 740 1364 peti

101 1370 261 1407 poterunt
298 1366 341 1398 ab
383 1368 605 1409 scriptoribus
636 1368 740 1399 histo-

102 1411 174 1442 riae
204 1411 453 1453 philosophiae.
478 1431 520 1436 ——
545 1413 597 1444 De
622 1413 739 1452 Polo,

99 1456 173 1488 eius
183 1455 361 1498 discipulo,
369 1457 519 1489 diximus
528 1458 615 1489 infra
624 1462 738 1489 annot.

97 1511 127 1542 p.
152 1500 228 1534 448.
255 1503 295 1533 A.
325 1505 359 1533 et
382 1503 539 1545 Prolegg.
573 1503 654 1545 Cap.
681 1503 738 1535 IV.

99 1551 184 1578 extr.
208 1564 250 1570 —-
276 1547 499 1579 Callicles
524 1549 600 1589 quis
626 1549 738 1588 fuerit,

99 1591 141 1622 ab
166 1592 239 1633 ipso
264 1592 408 1624 Platone
432 1593 625 1625 edocemur.
660 1594 740 1625 Fuit

98 1637 189 1668 enim
214 1637 300 1669 civis
318 1637 552 1678 Atheniensis,
577 1638 635 1679 qui
652 1639 739 1670 infra

96 1692 128 1723 p.
153 1680 231 1714 495.
256 1683 294 1713 B.
324 1688 466 1715 vocatur
496 1683 740 1723 Acharnensis,

97 1726 198 1758 homo
221 1728 269 1759 rei
292 1726 451 1769 publicae
478 1728 658 1760 ambitiose
685 1739 739 1760 cu-

96 1771 208 1803 riosus
262 1782 303 1803 ae
355 1773 507 1804 novitiae
552 1773 739 1806 rhetoricae

96 1817 228 1858 artique
242 1817 338 1849 civili
353 1818 559 1860 sophisticae
570 1819 739 1860 pravitate

98 1862 245 1894 infectae
270 1863 371 1904 plane
397 1863 531 1895 deditus
557 1868 659 1905 atque
683 1864 738 1895 de-

96 1908 281 1939 mocratiae
328 1907 548 1940 immoderate
602 1909 735 1940 favens.

97 1952 264 1992 Quocirca
308 1957 478 1985 contemta
527 1954 658 1986 iustitia
706 1958 739 1986 et

97 1997 273 2029 honestate
288 2008 443 2030 caussam
454 1999 524 2041 agit
535 1998 738 2041 disciplinae

96 2043 246 2074 novitiae
288 2042 432 2084 ideoque
465 2044 581 2075 omnia
617 2044 739 2075 tribuit

94 2087 233 2126 honori,
265 2089 479 2128 auctoritati,
503 2090 677 2130 potentiae
702 2090 737 2120 in

94 2131 272 2174 republica
303 2134 579 2175 consequendae,
621 2135 669 2166 ita
700 2138 739 2165 ut

96 2187 159 2209 nec
182 2178 465 2231 intemperantiae
498 2179 618 2211 laudes
643 2190 737 2221 prae-

95 2221 206 2255 dicare
240 2214 495 2255 verecundetur
541 2228 574 2255 et
618 2228 737 2266 poten-

95 2267 215 2299 tiorem
238 2268 404 2310 imperare
429 2268 616 2301 secundum
641 2274 737 2301 natu-

96 2322 168 2344 ram
199 2313 324 2345 iustum
356 2324 430 2346 esse
463 2313 661 2346 contendat:
695 2314 736 2346 de

95 2357 219 2398 quibus
255 2358 474 2399 opinionibus
516 2360 625 2401 ipsius
664 2359 732 2392 vid

93 2400 211 2443 p482.
237 2402 274 2434 C.
284 2402 412 2436 -488.
428 2405 470 2435 D.
496 2408 529 2435 et
554 2414 587 2445 p.
604 2402 680 2436 491.
697 2404 734 2436 C

93 2447 212 2488 Itaque
233 2447 320 2479 ridet
339 2449 440 2480 etiam
453 2449 734 2491 philosophorum

95 2492 277 2523 stultitiam
302 2493 436 2525 scilicet
467 2498 500 2525 et
532 2493 735 2535 simplicita-

92 2541 170 2575 tem,
193 2538 251 2578 qui
276 2538 394 2569 virtuti
418 2542 451 2570 et
476 2539 665 2580 sapientiae
698 2539 735 2569 in

92 2582 164 2613 vita
188 2582 285 2613 civili
309 2582 439 2623 aliquid
464 2582 627 2615 tribuant.
675 2584 735 2614 Ni-

92 2627 214 2658 mirum
234 2637 370 2668 prorsus
391 2627 525 2659 imbibit
548 2629 648 2660 homo
667 2632 735 2659 tur-

90 2671 232 2712 pissima
246 2672 307 2703 illa
325 2672 470 2712 decreta,
494 2672 618 2714 quibus
641 2672 735 2704 labe-

88 2716 180 2748 facta
209 2720 261 2748 est
297 2717 386 2749 vitae
419 2717 577 2759 publicae
608 2718 734 2760 pariter

813 425 914 463 atque
940 423 1092 464 privatae
1117 421 1316 463 disciplina,
1346 430 1453 462 eoque

813 468 950 499 nomine
982 478 1051 499 una
1083 478 1161 499 cuin
1195 466 1272 498 aliis
1298 466 1454 497 similiter

813 512 1042 544 sentientibus
1067 513 1202 554 egregie
1235 522 1352 552 sapere
1388 511 1452 542 sibi

813 558 907 588 visus
933 562 993 589 est.

864 603 913 634 To
929 601 949 634 v'
962 614 1012 633 τω
1025 615 1041 632 ν
1067 613 1086 640 μ
1102 600 1116 631 ἑ
1132 613 1225 632 ι’τυι
1250 599 1304 642 -]
1340 600 1452 632 Intell.

814 650 871 678 τοῦ
904 646 1048 679 κατόπιν
1079 646 1200 687 ἑορτῆς
1236 644 1339 688 ἥκειν.
1388 647 1452 677 Ita-

812 703 877 733 que
897 693 1061 724 Coraes
1088 689 1208 722 τούτου
1232 691 1451 722 scribendum

812 738 1014 779 suspicatur.
1072 737 1148 776 Qua
1171 737 1358 767 mutatione
1384 746 1451 767 non

812 793 906 824 opus.
967 783 1086 814 Solent
1117 782 1207 813 enim
1239 782 1452 823 pronomina,

812 828 945 859 etiamsi
969 828 1010 859 de
1035 837 1105 858 una
1128 831 1260 858 tantum
1282 837 1317 858 re
1342 837 1451 857 sermo

811 874 871 912 sit,
904 874 938 904 in
964 883 1104 904 numero
1129 871 1253 913 plurali
1279 871 1452 911 collocari,

811 918 840 949 si
864 918 945 959 quid
976 918 1089 949 minus
1119 917 1258 948 definite
1281 916 1452 959 significa-

811 968 880 1001 tur;
917 974 948 994 v.
974 962 1016 994 ad
1042 962 1186 1004 Apolog.
1213 962 1306 993 Socr.
1339 972 1370 1003 p.
1398 962 1451 993 19.

811 1009 853 1039 D.
881 1009 930 1039 De
955 1009 1038 1049 Rep.
1064 1008 1121 1038 VI.
1142 1018 1172 1049 p.
1188 1006 1264 1040 504.
1278 1007 1320 1038 D.
1344 1008 1451 1049 Legg.

811 1054 878 1092 111,
917 1052 991 1086 659.
1019 1054 1054 1084 Β.
1087 1053 1170 1091 VII,
1202 1051 1278 1084 816.
1310 1052 1360 1091 E„
1391 1053 1451 1083 ubi

810 1104 886 1139 post
911 1096 1041 1129 τούτων
1066 1097 1168 1129 ἕνεκα
1189 1095 1305 1128 αὐτῶν
1328 1097 1449 1128 deinde

812 1146 871 1174 τοῦ
903 1154 981 1174 cum
1020 1142 1190 1174 infinitivo
1230 1141 1449 1173 subiunctum

810 1189 954 1230 legitur,
993 1188 1092 1219 sicuti
1133 1188 1222 1219 infra
1253 1188 1288 1218 in
1322 1188 1451 1229 Gorgia

810 1244 840 1274 p.
865 1232 942 1265 474.
974 1234 1030 1272 E„
1065 1243 1164 1274 quem
1197 1233 1310 1264 locum
1342 1243 1451 1274 nuper

810 1279 919 1309 critici
959 1279 1066 1310 eiecto
1116 1280 1174 1308 τοῦ
1211 1278 1449 1319 depravarunt.

810 1342 852 1346 —
884 1323 1174 1364 Chaerephon
1216 1323 1448 1361 Atheniensis,

810 1369 943 1400 Socrati
979 1368 1063 1400 adeo
1103 1367 1257 1406 deditus,
1299 1372 1337 1399 ut
1375 1369 1449 1399 cius

809 1424 901 1445 more
917 1419 1093 1455 tamquam
1108 1423 1205 1445 sacro
1231 1414 1343 1445 furore
1368 1424 1450 1454 quo-

809 1459 884 1490 dam
912 1458 1052 1490 arderet.
1101 1459 1205 1490 Plura
1235 1458 1275 1489 de
1300 1469 1339 1490 eo
1363 1459 1450 1490 dixi-

808 1515 883 1536 mus
907 1504 950 1535 ad
969 1504 1114 1546 Apolog.
1131 1504 1260 1535 socrat.
1285 1514 1316 1545 p.
1336 1502 1391 1536 20.
1408 1504 1447 1536 E.

852 1550 890 1580 B.
922 1547 1070 1580 Οὐδὲν
1095 1552 1233 1591 πρᾶγμ
1250 1548 1345 1591 st—]
1374 1549 1449 1580 Das

809 1593 868 1625 hat
878 1594 984 1626 nichts
997 1605 1037 1625 zu
1050 1604 1163 1635 seyen,
1193 1594 1255 1625 das
1269 1593 1329 1625 liat
1341 1594 1448 1626 uiolas

810 1640 877 1681 auf
902 1639 982 1672 sich.
1015 1650 1045 1670 v.
1071 1639 1262 1680 Eut-hyphr.
1295 1649 1325 1680 p.
1351 1637 1382 1672 3.
1410 1639 1448 1671 C.

808 1684 914 1726 Legg.
926 1685 1003 1715 VII.
1018 1694 1049 1726 p.
1067 1682 1142 1716 794.
1160 1685 1199 1715 E.
1224 1685 1448 1725 Aristoph.

807 1730 917 1761 Rann.
942 1740 974 1761 v.
999 1727 1104 1761 1226:
1129 1726 1196 1760 ἀλλ’
1223 1726 1333 1760 οῦδὲν
1358 1729 1447 1760 ἔσται

810 1778 907 1817 πρᾶ)
905 1786 957 1805 ιια.
974 1774 1200 1815 Deproximis
1211 1774 1447 1815 recteOlym-

808 1820 1038 1873 piodorus.
1064 1817 1082 1849 ὁ
1110 1819 1308 1859 Χαιρεσωτ·
1329 1830 1446 1872 φησιν,

809 1863 856 1895 ὅτι
895 1861 1003 1895 ()ι’δὲι
1034 1863 1195 1906 γέγοιει··
1227 1863 1294 1906 ἐγω
1326 1864 1391 1906 γὰρ
1427 1861 1445 1895 ὁ

807 1909 915 1941 αἰτιο
954 1908 1143 1951 γειόμειος
1185 1907 1334 1948 [ciconas.
1395 1910 1447 1941 Ita

808 1955 898 1986 enim
924 1960 1076 1996 apparet,
1102 1964 1261 1995 quorsum
1282 1954 1369 1986 illud
1392 1956 1451 1986 καί

807 1999 1021 2031 referendum
1056 2000 1109 2031 sit
1174 1999 1345 2032 Videlicet
1381 1999 1446 2031 hoc

806 2044 890 2076 dicit
933 2044 1177 2086 Chaerephon:
1226 2055 1319 2086 ego,
1370 2045 1446 2086 qui

806 2089 938 2121 huius
968 2090 1073 2121 mali
1102 2093 1252 2121 auctor
1279 2090 1445 2128 exstiti,

807 2145 929 2176 quum
948 2134 1119 2166 diutius
1144 2140 1183 2166 te
1204 2135 1246 2165 in
1268 2135 1358 2166 foro
1384 2135 1445 2166 de-

802 2181 1031 2219 tinuerim
1072 2179 1199 2211 etiam
1230 2180 1445 2211 resarcire

806 2224 1000 2256 damnum
1025 2224 1222 2277 studebo.
1256 2226 1373 2266 Pergit
1397 2225 1445 2256 in-

806 2274 934 2311 terpres
972 2271 1039 2301 ita:
1081 2268 1116 2300 τὸ
1155 2268 1220 2311 γὰρ
1260 2268 1303 2311 ἐγ
1312 2269 1337 2301 ὠ
1376 2270 1443 2301 καὶ

807 2313 984 2352 ιάσομαι
1033 2325 1198 2354 παροιμια
1238 2313 1334 2346 ἐστὶ)
1378 2312 1446 2346 ἀπὸ

808 2362 866 2390 τοῦ
897 2358 1054 2398 Ινλέᾳοι
1084 2360 1138 2390 καὶ
1167 2363 1225 2392 τοῦ
1251 2358 1446 2415 τρώσαντᾳς

805 2401 910 2435 αυτὸν
931 2389 1113 2445 ξΑχιλλέως
1140 2408 1197 2436 τοῦ
1222 2405 1276 2436 καὶ
1304 2404 1445 2444 ιασαμέ-

808 2460 887 2486 rou,
930 2450 1092 2490 λεχθεῖσα
1125 2448 1174 2480 ὅτι
1215 2447 1233 2481 ὁ
1270 2448 1445 2491 τρώσας

806 2494 875 2525 καὶ
913 2492 1096 2525 ἰάσεται,
1158 2495 1210 2526 De
1250 2495 1375 2536 quibus
1412 2506 1445 2527 v.

804 2549 889 2579 quos
951 2538 1106 2574 laudavit
1157 2540 1191 2570 H
1208 2541 1247 2571 ei
1261 2551 1281 2571 n
1304 2540 1324 2571 d
1341 2551 1360 2572 ο
1377 2551 1393 2571 r
1410 2541 1444 2579 f.‚

803 2584 1105 2615 Henisterhus.
1129 2584 1363 2617 adLucian.
1388 2586 1443 2616 Ni-

802 2629 889 2669 grin.
915 2633 1055 2660 extrem.
1080 2633 1113 2660 et
1132 2629 1376 2661 Casaubon.
1401 2629 1443 2661 ad

803 2674 941 2704 Sueton.
981 2673 1101 2706 Claud.
1133 2685 1160 2706 (¹.
1192 2673 1246 2706 43.
1313 2673 1442 2706 Eadem

803 2718 892 2758 sere,
940 2729 1026 2760 quae
1082 2719 1442 2762 Olympiodorus,
