1687 2969
794 202 835 206 -
907 181 973 220 ων
1054 203 1093 206 ⁷-

276 294 394 335 rulus
425 293 670 347 quindecim
692 309 901 336 annorum
932 293 1107 350 Olymp.
1125 293 1393 336 LXXXIV.
1428 296 1620 335 1.-444.

276 366 312 394 a.
343 348 445 391 Chr.
485 365 526 391 n.
565 350 795 392 comitante
827 351 958 392 fratre
986 357 1092 392 natu
1122 350 1283 391 maiore
1312 351 1612 403 Polemarcho,

277 406 398 448 cuius
436 406 561 450 Plato
598 407 644 448 in
683 407 883 450 Phaedro
923 424 964 464 p.
1006 408 1084 449 257
1126 407 1179 448 B.
1220 414 1399 463 propter
1430 407 1622 449 studium

275 462 590 520 philosophiae,
622 463 692 505 cui
722 463 893 505 deditus
925 470 1028 517 erat,
1062 463 1344 505 honorificam
1367 464 1472 506 facit
1502 479 1621 505 men-

275 519 462 571 tionem,
494 535 581 561 una
610 535 707 562 cum
739 521 831 562 aliis
864 521 1028 562 colonis
1058 520 1402 562 Atheniensibus
1433 520 1623 562 Thurios

276 575 490 632 migravit,
522 576 566 617 in
596 592 681 631 qua
708 577 815 619 urbe
829 592 966 633 nuper
985 577 1157 618 demum
1176 575 1357 618 fundata
1381 579 1441 632 (v.
1463 576 1622 621 Diod.

277 630 381 674 Sic.
414 633 524 674 XII.
558 635 622 675 10.
653 633 799 688 ibique
824 633 1036 688 W'essel.)
1076 632 1296 690 Cephalus
1325 640 1462 689 pater,
1493 633 1624 675 homo

276 688 398 730 dives
430 696 473 730 et
503 690 747 745 opulentus,
779 690 852 745 qui
883 689 1046 732 dudum
1074 690 1249 731 hortatu
1279 690 1487 743 Periclis,
1521 690 1623 731 hos-

306 745 380 787 itis
405 746 498 800 sui,
530 748 800 788 fortunarum
829 763 1002 789 suarum
1032 747 1179 788 sedem
1207 746 1406 788 Athenas
1433 752 1624 788 transtu-

275 762 404 856 ferat,
450 802 621 844 videtur
650 807 890 859 κληροῦχος
919 804 1054 845 fuisse
1087 810 1217 858 atque
1243 803 1398 845 collata
1437 803 1625 859 pecunia

275 865 443 915 partem
472 875 673 916 agrorum
700 860 961 916 possedisse.
1020 860 1176 915 Itaque
1208 860 1393 917 Lysias,
1426 859 1626 915 quamvis

277 916 404 957 etiam
425 922 516 957 tum
537 915 789 958 adolescens
810 932 860 959 ac
878 932 1013 973 prope
1033 917 1240 973 puerulus
1262 924 1391 970 esset,
1412 932 1500 958 una
1524 932 1625 958 cum

274 972 560 1014 Polemarcho
598 973 728 1014 fratre
767 973 954 1015 Thurios
996 982 1060 1015 est
1098 974 1349 1029 profectus,
1398 979 1449 1014 ut
1496 973 1624 1014 ambo

275 1029 460 1070 locatam
502 1029 563 1071 ibi
609 1045 635 1070 a
674 1035 797 1085 patre
836 1031 1048 1072 bonorum
1077 1030 1321 1085 portionem
1350 1035 1626 1085 capesserent

277 1091 320 1126 et
348 1085 533 1128 fortasse
563 1086 691 1127 etiam
733 1102 889 1128 novam
935 1087 1027 1144 agri
1058 1086 1242 1128 Thuri-ni
1280 1093 1446 1143 partem
1477 1087 1624 1141 acqui-

274 1148 431 1183 rerent.
491 1142 561 1184 Ex
592 1157 676 1198 quo
707 1150 834 1186 natus
854 1149 919 1185 est
939 1159 1058 1185 error
1075 1144 1295 1200 personati
1323 1142 1624 1185 Plutarchi

274 1213 316 1255 p.
347 1200 414 1241 37.
454 1198 521 1241 ed.
553 1199 698 1242 WVest.
730 1200 803 1254 qui
833 1215 1032 1242 caussam
1062 1200 1227 1242 itineris
1261 1201 1314 1242 ab
1349 1200 1402 1242 iis
1434 1199 1624 1241 Thurios

274 1256 466 1311 suscepti
508 1254 691 1312 Cephali
719 1257 910 1313 parentis
944 1257 1108 1299 obitum
1136 1257 1270 1299 fuisse
1302 1256 1464 1311 scribit,
1497 1271 1625 1311 quem

273 1319 417 1354 tamen
445 1313 580 1355 multo
610 1320 712 1369 post
755 1313 896 1356 adhuc
934 1314 979 1354 in
1009 1314 1118 1355 vivis
1149 1314 1283 1356 tuisse
1312 1319 1496 1355 constat.
1555 1312 1625 1354 Ibi

276 1384 377 1411 vero
407 1369 568 1426 Lysias
600 1370 756 1412 deinde
787 1371 947 1412 mansit
965 1377 1176 1426 perpetuo
1201 1386 1342 1425 usque
1373 1369 1429 1411 ad
1447 1369 1623 1426 Olymp.

274 1424 423 1468 XCII.
459 1429 494 1468 1.
527 1452 580 1457 —
610 1429 705 1470 412.
736 1443 772 1468 a.
805 1426 907 1471 Chr.
941 1443 982 1468 n.
1015 1443 1099 1482 quo
1131 1426 1303 1482 quidem
1335 1427 1515 1483 triginta
1545 1426 1624 1468 du-

277 1498 398 1524 orum
439 1484 575 1525 ferme
613 1500 822 1526 annorum
853 1484 995 1540 spatio
1022 1500 1109 1525 non
1139 1483 1268 1525 modo
1300 1484 1363 1525 rei
1402 1483 1624 1525 familiaris

277 1540 424 1596 copias
460 1541 746 1597 amplissimas
789 1541 1019 1595 contraxit,
1051 1540 1128 1583 sed
1157 1541 1285 1582 etiam
1326 1540 1550 1583 doctrinae
1581 1547 1625 1582 et

411 1731 433 1753 o
462 1720 688 1761 Phaedre,
715 1722 940 1754 Isocrates
965 1724 1049 1760 est3
1076 1721 1152 1753 sed
1179 1721 1283 1762 quid
1311 1720 1364 1753 de
1389 1731 1442 1753 eo
1480 1729 1624 1761 augu-

412 1764 504 1805 rer,
532 1767 664 1799 lubet
697 1766 864 1806 dicere3
891 1767 1056 1799 maiore
1087 1768 1196 1799 enim
1225 1766 1326 1798 mihi
1353 1766 1532 1798 videtur
1557 1768 1623 1798 in-

411 1813 548 1854 genio
584 1823 709 1853 esse,
740 1823 866 1854 quam
907 1817 955 1844 ut
993 1822 1080 1845 cum
1127 1813 1419 1844 orationihus
1459 1812 1623 1852 Lysiae

412 1857 734 1900 comparandus
770 1858 838 1891 sit.
896 1858 947 1890 De
978 1857 1200 1890 adolescente
1235 1858 1339 1896 igitur
1367 1858 1465 1889 Plato
1493 1858 1624 1889 Socra-

409 1909 479 1936 tem
506 1914 569 1946 pro
594 1903 707 1935 futuro
732 1904 829 1935 iussit
855 1904 1010 1944 augurari
1032 1904 1182 1936 meliora.
1233 1903 1324 1941 Quid
1352 1902 1483 1945 igitur?
1518 1912 1620 1944 quum

411 1949 535 1992 Lysias
566 1949 699 1980 dicatur
724 1949 972 1990 exspectationi
999 1949 1108 1980 minus
1135 1949 1364 1990 respondisse,
1390 1959 1499 1980 nonne
1524 1958 1624 1990 aper-

412 2000 483 2027 tum
511 1999 564 2027 est
587 1995 699 2037 ipsum
734 1999 771 2026 ut
804 1999 917 2026 aetate
942 1995 1194 2036 provectiorem
1223 1994 1444 2036 reprehendi,
1479 1994 1535 2035 qui
1561 1993 1624 2025 ad-

414 2039 478 2072 huc
517 2051 614 2082 spem
651 2040 830 2079 fefellerit,
866 2044 903 2071 ut
937 2041 1038 2072 etiam
1075 2040 1118 2072 ad
1151 2040 1404 2081 suscipiendum
1437 2039 1620 2081 aliquando

409 2085 643 2128 philosophiae
682 2085 829 2117 studium
864 2084 1094 2117 cohortandus
1130 2086 1199 2117 sit'.2
1247 2086 1412 2118 Nimirum
1444 2086 1566 2127 Lysias
1596 2085 1624 2116 si

411 2131 474 2163 fuit
510 2132 663 2164 Isocrate
689 2135 768 2162 natu
803 2132 923 2171 minor,
950 2135 1046 2163 certe
1073 2141 1137 2163 non
1166 2131 1260 2163 huius
1287 2132 1531 2171 adolescentia,
1559 2130 1621 2161 sed

410 2178 520 2210 maior
561 2177 682 2209 aetatis
731 2177 908 2208 maturitas
942 2178 1124 2210 memorari
1159 2176 1286 2210 debuit.
1351 2177 1423 2210 Nec
1459 2187 1542 2208 vero
1580 2186 1623 2208 ex

411 2224 488 2256 loco
517 2221 684 2256 Plutarch.
715 2220 796 2255 vitt.
819 2222 860 2254 X.
888 2223 1000 2255 Oratt.
1036 2233 1068 2265 p.
1095 2223 1171 2257 310.
1199 2223 1251 2255 ed.
1271 2223 1391 2256 Reisk.
1418 2233 1462 2253 Ξ
1487 2222 1542 2256 34.
1566 2222 1620 2255 ed.

413 2269 596 2302 Westerm.
637 2268 792 2310 sequitur
825 2267 916 2309 quod
948 2267 1026 2300 inde
1063 2269 1225 2310 consequi
1258 2273 1476 2301 censuerunt.
1535 2266 1621 2299 Nam

412 2320 449 2346 ut
479 2316 625 2356 scriptor
666 2313 710 2346 de
743 2313 928 2346 Andocidis
971 2315 1138 2346 natalibus
1171 2315 1276 2346 falsus
1313 2314 1376 2353 sit,
1411 2313 1502 2355 quod
1537 2323 1621 2345 sane

412 2360 672 2393 concedendum
709 2359 862 2398 videtur,
895 2364 1008 2391 tamen
1045 2371 1086 2392 ex
1123 2361 1180 2392 illo
1217 2370 1334 2391 errore
1366 2370 1432 2391 non
1466 2358 1621 2397 efficitur,

412 2410 449 2437 ut
482 2407 585 2438 etiam
623 2406 666 2437 de
690 2405 814 2447 Lysiae
838 2405 1055 2446 temporibus
1081 2407 1180 2437 aliter
1208 2415 1307 2446 quam
1331 2406 1432 2446 vulgo
1458 2404 1620 2437 traditum

413 2455 466 2483 est
502 2451 764 2484 existimandum
799 2451 853 2484 sit.
915 2450 1047 2492 Nempe
1090 2450 1295 2483 Plutarchus
1339 2461 1414 2483 cnm
1449 2462 1488 2483 ea
1519 2459 1620 2492 quam

415 2507 475 2537 per
503 2507 654 2529 errorem
694 2498 907 2539 suscepisset
939 2496 982 2528 de
1016 2496 1200 2528 Andocidis
1234 2500 1390 2537 tempore
1416 2497 1515 2528 natali
1543 2506 1621 2527 sen-

413 2542 517 2574 tentia
551 2543 764 2583 comparavit
788 2548 942 2584 tempus,
966 2552 1032 2583 quo
1063 2542 1182 2583 Lysias
1207 2547 1306 2573 natus
1335 2541 1416 2582 fuit,
1450 2547 1485 2573 ut
1511 2542 1541 2572 in
1570 2542 1620 2572 al-

415 2593 491 2619 tero
528 2598 663 2627 errare,
698 2588 727 2618 iu
767 2591 874 2620 altero
908 2598 1019 2620 verum
1059 2588 1205 2629 prodere
1240 2588 1401 2628 potuerit.
1468 2588 1517 2619 De
1547 2587 1621 2617 aliis

417 2644 499 2665 xero
537 2634 762 2673 argumentis,
806 2634 929 2675 quibus
961 2634 1141 2675 probatum
1180 2634 1314 2665 inerunt
1345 2634 1455 2665 natale
1487 2637 1621 2673 tempus

418 2680 545 2722 Lysiae
571 2680 660 2711 ultra
687 2679 802 2720 viginti
828 2690 888 2712 sex
915 2683 1092 2721 septenne
1117 2689 1222 2710 annos
1250 2678 1503 2720 prorogandum
1531 2688 1618 2710 esse.

417 2726 557 2758 multum
585 2734 743 2756 veremur
769 2735 808 2757 ue
836 2737 873 2758 ea
900 2725 1055 2767 speciosa
1082 2725 1190 2766 magis
1216 2734 1317 2766 quam
1345 2735 1423 2757 vera
1455 2724 1530 2756 sint.
