1687 2969
624 117 667 122 —-
738 96 790 134 111
870 117 902 119 --

90 212 236 255 omnia
254 211 492 254 certissime
516 215 718 266 arguunt,
751 215 886 250 totam
917 208 1033 249 illam
1052 208 1212 265 Lysiae
1232 208 1434 266 scriptio-

88 285 185 312 nem
223 269 285 310 ita
322 283 418 315 esse
457 272 763 323 comparatam,
801 271 874 318 ut,
916 265 1008 306 sive
1039 265 1176 306 forma
1214 264 1306 309 eius
1346 267 1436 308 sive

90 331 392 383 argumentum
441 329 675 380 spectetur,
716 337 769 364 ne
818 322 1051 378 vestigium
1091 321 1265 376 quidem
1302 323 1437 365 ullum

88 383 326 426 subtilioris
347 380 647 438 philosophiae
667 380 710 421 in
741 379 836 435 ipsa
855 385 1001 420 extare
1024 377 1207 420 iudicari
1225 386 1436 435 oporteat.

202 440 351 494 Atque
371 439 452 480 hoc
485 437 659 492 quidem
692 443 757 478 est
778 436 947 477 initium
965 436 1078 489 libri,
1113 435 1231 490 quod
1249 437 1439 492 pertinet

88 512 227 551 usque
257 496 313 538 ad
342 512 384 552 p.
415 496 510 537 236.
530 494 582 536 B.
642 493 886 535 Audiamus
905 493 990 534 iam
1010 492 1232 546 continuo,
1269 508 1355 548 qua
1371 510 1437 536 ra-

88 555 206 596 tione
235 569 303 595 res
333 567 462 609 porro
493 558 658 608 agatur.

203 611 403 666 Accepta
450 609 582 665 igitur
619 607 803 650 rhetoris
854 606 1181 649 celebratissimi
1224 606 1438 650 declama-

88 667 206 708 tione
237 665 439 709 Socrates
472 680 497 707 ει
526 664 725 707 Phaedro
755 670 1047 721 permovetur,
1079 669 1128 704 ut
1155 662 1219 704 illi
1246 664 1439 707 vicissim

90 739 212 765 suam
251 723 439 778 aliquam
482 728 676 779 opponat
716 722 970 763 orationem.
1036 719 1253 773 Quoniam
1294 728 1439 763 autem

90 781 134 822 in
165 781 361 838 Lysiana
390 780 625 836 scriptione
655 778 923 820 iudicaverat
952 792 1093 832 neque
1127 779 1292 832 omnia,
1327 792 1438 833 quae

90 837 177 880 dici
205 837 466 894 potuissent,
499 836 715 892 explicata
735 850 846 889 esse,
868 849 948 876 nec
969 849 1019 876 eo
1038 835 1253 877 illustrata
1271 835 1438 889 ordine,

90 910 220 950 quem
249 910 318 937 res
350 901 393 936 et
422 894 532 935 ratio
562 893 829 950 postularetg
863 899 961 933 ante
992 892 1136 933 omnia
1165 891 1354 934 instituit
1386 892 1438 934 de

91 952 165 993 illo
196 951 293 1007 ipso
326 956 594 1008 argumento,
625 949 745 1005 quod
770 954 1034 991 tractaverat
1064 947 1247 1005 Lysias,
1280 949 1440 991 oratio·-

92 1023 188 1049 nem
226 1008 414 1063 aliquam
463 1007 751 1049 declamitare.
820 1004 964 1059 Quam
1011 1004 1066 1048 ob
1115 1020 1290 1048 causam
1339 1007 1442 1062 quia

91 1064 275 1106 retinere
330 1070 506 1107 coactus
547 1070 613 1105 est
652 1064 875 1120 vulgarem
911 1063 1054 1116 illam,
1107 1077 1234 1117 quarn
1282 1063 1441 1120 Lysias

91 1136 195 1163 suae
234 1121 480 1163 subiecerat
518 1120 821 1176 disputationi,
873 1118 1029 1161 amoris
1072 1119 1322 1174 notionem,
1363 1122 1439 1163 ob-—

90 1177 240 1220 voluto
272 1179 414 1235 capite
449 1193 494 1220 se
526 1177 742 1219 dicturum
770 1176 1015 1232 profitetur,
1051 1192 1104 1218 ne
1128 1176 1295 1232 pudore
1314 1192 1440 1233 prae-

90 1234 265 1291 peditus
295 1234 340 1276 in
372 1233 616 1291 perorando
657 1240 754 1276 ruat
785 1240 859 1275 aut
890 1233 1075 1275 vacillet.
1135 1234 1350 1276 Nimirum
1379 1235 1441 1276 ita

90 1307 138 1334 se
182 1291 401 1349 significat
438 1307 519 1334 nec
560 1292 652 1333 sine
698 1290 961 1333 verecundia
995 1290 1047 1331 de
1078 1291 1208 1333 rebus
1241 1298 1329 1332 tam
1361 1292 1441 1333 hu-

92 1348 265 1391 milibus
292 1349 427 1392 verba
457 1349 672 1391 facturum
704 1356 748 1390 et
776 1348 957 1389 invitum
989 1346 1044 1388 ad
1075 1363 1168 1389 eam
1198 1363 1289 1390 rem
1319 1364 1441 1391 acce-

93 1405 209 1448 dere.
277 1405 425 1448 Docet
463 1406 596 1463 igitur
634 1406 752 1458 item,
793 1404 909 1459 quod
939 1404 1100 1461 Lysias
1140 1405 1312 1447 efficere
1352 1417 1443 1447 stu-

94 1462 271 1517 duerat,
312 1463 374 1517 ei,
409 1463 483 1518 qui
520 1478 606 1504 non
639 1469 766 1515 amet,
798 1463 944 1518 potius
984 1476 1078 1503 esse
1109 1462 1443 1518 gratificandum

93 1535 223 1574 quam
253 1520 426 1562 amanti.
487 1519 576 1563 Sed
605 1526 670 1562 est
700 1519 792 1561 eius
827 1519 964 1561 oratio
997 1519 1195 1561 omnibus
1227 1520 1279 1562 iis
1307 1520 1443 1577 insig—

93 1577 161 1619 nis
203 1577 458 1625 virtutibus,
490 1592 600 1632 quae
633 1577 750 1618 vitiis
779 1576 823 1618 in
856 1576 992 1632 Lysia
1022 1576 1178 1618 notatis
1210 1583 1311 1619 sunt
1340 1592 1443 1619 con-

94 1633 267 1676 trariae.
326 1633 469 1675 Adest
501 1633 700 1676 subtilior
728 1633 804 1687 rei,
838 1631 890 1673 de
916 1647 1001 1687 qua.
1033 1633 1189 1689 agitur,
1223 1633 1441 1683 definiti03

94 1691 336 1732 sententiae
376 1690 497 1747 ipsae
535 1690 750 1732 dilucidae
792 1701 835 1731 et
863 1689 1141 1745 perspicuae,
1174 1705 1253 1732 nec
1283 1700 1444 1732 temere

96 1746 310 1789 disiectae'
341 1754 417 1789 aut
445 1748 744 1803 perturbatae3
784 1747 924 1788 facilis
956 1746 1187 1788 verborum
1226 1748 1444 1804 copulatio

95 1810 141 1845 et
168 1804 392 1855 iunctura3
434 1804 621 1859 denique
661 1803 805 1845 onmia
845 1804 905 1844 ita
932 1803 1154 1857 instituta,
1194 1810 1243 1845 ut
1274 1805 1446 1861 singula

96 1868 303 1917 appareat
331 1861 535 1918 prudenti
564 1860 743 1903 consilio
776 1859 830 1901 ad
855 1875 1029 1902 causam
1059 1860 1338 1903 obtinendam
1371 1861 1445 1903 de-

97 1917 210 1960 lecta
250 1924 294 1960 et
331 1918 542 1961 adornata
572 1934 680 1961 esse.
740 1917 916 1959 Etenim
947 1932 1125 1959 exorsus
1156 1917 1357 1961 Socrates
1389 1919 1442 1960 ab

98 1972 256 2017 amoris
287 1974 554 2030 definitione,
587 1990 716 2030 quem
746 1975 840 2016 vult
868 1989 963 2016 esse
994 1974 1299 2030 cupiditatem,
1332 1991 1442 2030 quae

98 2031 189 2073 sine
227 2033 393 2074 ratione
433 2039 561 2087 atque
594 2039 734 2074 mente
764 2031 938 2073 incitate
968 2032 1131 2073 feratur
1159 2031 1215 2072 ad
1243 2033 1443 2089 volupta⁶

98 2094 186 2129 tem
217 2104 239 2130 e
270 2089 462 2145 corporis
492 2088 783 2145 pulcritudine
814 2087 1152 2142 redundantem,
1184 2086 1339 2130 deinde
1372 2105 1443 2131 us-

99 2160 184 2200 que
207 2145 262 2187 ad
278 2162 320 2203 p.
342 2147 437 2188 241.
461 2146 518 2188 D.
544 2145 750 2199 ostendit,
793 2152 1001 2200 quantum
1032 2144 1102 2186 ille
1124 2152 1215 2186 tum
1246 2146 1443 2187 animis

100 2202 336 2245 amicorum
366 2204 428 2259 (p.
462 2204 556 2245 239.
589 2204 641 2245 B.
662 2201 734 2258 C.)
765 2208 857 2244 tum
889 2202 1228 2257 corporibus
1260 2203 1323 2259 (p.
1346 2202 1442 2245 239.

103 2257 154 2300 C.
173 2259 252 2314 D.)
278 2266 370 2301 tum
389 2260 517 2302 etiam
537 2260 726 2302 externis
755 2260 868 2301 vitae
890 2257 1228 2313 conditionibus,
1259 2260 1342 2302 hoc
1363 2268 1444 2313 est,

102 2315 297 2358 fortunae
337 2318 410 2373 (p.
443 2317 538 2359 239.
578 2317 632 2359 Ε.
665 2316 760 2360 240.
812 2317 890 2371 A.)
923 2322 963 2356 et
982 2315 1131 2357 vitae
1172 2317 1446 2359 suavitati

105 2377 234 2425 atque
271 2373 625 2416 iucunditati
664 2374 726 2430 (p.
756 2374 850 2416 240.
883 2372 934 2414 B.
967 2398 1021 2402 —
1053 2373 1149 2415 241.
1183 2370 1257 2428 C.)
1288 2389 1444 2416 nocere

104 2428 256 2470 soleat.

216 2483 310 2526 Iam
329 2501 429 2529 vero
450 2486 669 2541 Socrates,
695 2487 896 2529 absoluta
920 2485 1187 2527 oratiuncula
1206 2486 1292 2541 illa,
1318 2504 1446 2543 quam

107 2540 162 2582 ad
201 2541 417 2598 Lysianae
447 2544 653 2586 orationis
692 2543 1016 2586 similitudinem
1046 2551 1336 2599 comparatam
1366 2561 1445 2601 pro

106 2597 257 2639 eadem
309 2613 461 2643 caussa
509 2601 668 2643 habere
724 2600 992 2653 instituerat,
1041 2599 1238 2655 tandem,
1284 2613 1332 2643 ut
1372 2603 1445 2655 ait,

106 2654 351 2698 admonitus
382 2672 406 2699 a
437 2657 660 2700 daemonio
693 2673 794 2712 suo,
826 2663 873 2699 ut
904 2656 1108 2700 stolidum
1137 2657 1268 2700 istum
1298 2665 1342 2702 et
1370 2659 1446 2700 im—

1105 2725 1176 2766 A.
