1687 2969
767 148 807 153 -—
883 126 1036 164 cxxxvi
1128 149 1146 152 ψ

285 256 378 282 rum
408 241 476 282 vel
491 246 713 297 poetarum
731 240 981 282 fictionibus
999 239 1067 281 vel
1099 240 1226 280 etiam
1249 239 1507 297 imaginibus
1530 256 1628 297 pro-

284 297 389 353 priis
409 304 452 339 et
473 296 651 339 consilio
673 296 900 338 scribentis
913 295 1235 339 accommodate
1251 297 1454 352 inventis,
1487 298 1628 352 iisque

282 354 527 395 coniunctis
559 353 755 395 omnibus
793 369 952 394 novum
980 352 1186 407 quiddam
1228 353 1410 410 effingat
1442 360 1631 396 assumta

284 410 414 452 etiam
443 410 695 466 augustiore
727 409 915 463 quadam
942 409 1171 466 religiosae
1192 411 1435 452 sanctitatis
1469 411 1627 466 specie.

283 466 377 508 Iam
415 482 517 508 vero
569 466 666 508 talis
707 472 847 507 status
886 481 1026 507 rerum
1072 465 1274 521 quoniam
1315 466 1441 522 plane
1480 467 1628 509 similis

284 531 350 566 est
387 529 518 578 atque
556 521 791 578 respondet
829 522 904 572 iis,
948 538 1057 576 quae
1094 524 1137 564 in
1184 524 1298 565 facto
1343 530 1444 565 sunt
1485 524 1629 579 posita

282 586 412 635 atque
442 580 641 623 sensibus
674 579 884 631 subiecta,
914 580 1107 634 profecto
1138 594 1225 621 non
1244 580 1381 637 magis
1403 579 1628 622 dialectice

281 637 449 691 exquiri
491 643 565 679 aut
608 635 848 678 disserendi
897 636 1134 678 subtilitate
1182 636 1289 693 fingi
1343 642 1386 678 et
1444 637 1627 679 inveniri

281 700 448 752 potest,
499 707 626 748 quam
677 707 745 735 res
789 692 1105 749 adspectabiles
1146 700 1191 735 et
1227 694 1339 735 vitae
1391 694 1627 736 communis

282 750 573 807 experientiae
619 748 845 792 obnoxiae.
924 749 996 791 Ex
1034 765 1121 805 quo
1161 757 1315 806 sponte
1356 750 1627 808 intelligitur,

281 824 358 851 cur
396 807 523 849 Plato
570 821 656 861 quo
697 806 794 848 loco
835 806 1023 849 divinam
1073 807 1313 849 animorum
1360 808 1492 849 vitam
1527 807 1629 849 olim

281 879 379 907 cum
418 862 499 905 diis
538 863 850 905 immortalibus
890 869 1029 905 actam
1068 863 1344 918 nativamque
1388 878 1536 905 eorum
1565 864 1628 905 in-

280 920 423 963 dolem
454 935 503 962 ac
533 926 729 962 naturam
761 919 992 972 describit,
1023 920 1222 962 fabulosa
1251 920 1494 962 narratione
1524 935 1628 962 usus

280 977 349 1029 sit7
393 991 520 1031 quam
557 976 756 1031 profecto
786 991 874 1018 non
905 982 1084 1033 propter
1114 976 1327 1018 inscitiam
1359 976 1628 1019 dialecticam

280 1033 503 1086 adhibuit,
551 1033 628 1075 sed
668 1033 812 1089 potius
842 1039 1097 1090 propterea,
1146 1032 1263 1088 quod
1294 1039 1451 1075 statum
1482 1049 1628 1076 eorum

279 1090 466 1146 aliquem
511 1089 797 1143 deformavit,
838 1090 954 1132 unde
994 1090 1127 1132 fuisse
1158 1089 1376 1144 quondam
1407 1091 1628 1132 meliorem

280 1147 670 1205 perfectioremque
722 1147 915 1203 ipsorum
961 1153 1112 1202 utpote
1167 1146 1359 1188 nondum
1404 1162 1502 1188 cum
1541 1147 1624 1189 hoc

280 1204 451 1246 mortali
481 1218 662 1259 corpore
693 1203 995 1261 colligatorum
1026 1204 1243 1245 fortunam
1274 1209 1317 1244 et
1337 1203 1628 1246 conditionem

278 1261 600 1318 intelligeretur.
661 1259 816 1315 Itaque
853 1267 1020 1302 tantum
1051 1260 1189 1313 abest,
1220 1266 1269 1301 ut
1299 1259 1397 1301 inde
1429 1260 1627 1303 iuvenilis

278 1317 529 1375 philosophi
552 1317 765 1373 imperitia
788 1323 1009 1374 appareat,
1031 1322 1079 1358 ut
1098 1316 1198 1358 hinc
1236 1332 1410 1371 quoque
1441 1332 1627 1374 cognos-

278 1381 413 1428 catur,
438 1374 572 1416 fuisse
598 1374 829 1416 Platonem
860 1389 945 1429 quo
974 1379 1167 1430 tempore
1197 1374 1281 1416 ista
1303 1374 1525 1431 scripserit
1543 1374 1627 1416 iam

278 1431 555 1474 interioribus
593 1430 891 1487 philosophiae
940 1431 1074 1472 sacris
1120 1429 1358 1484 initiatum⁷
1409 1438 1458 1473 ut
1497 1431 1626 1472 etiam

279 1487 504 1531 celsiorem
544 1487 799 1544 sapientiam
848 1488 900 1529 ab
953 1486 1061 1529 ideis
1109 1487 1336 1542 repetitam
1389 1486 1626 1544 grandibus

278 1561 421 1587 rerum
460 1544 719 1601 imaginibus
763 1544 984 1586 declarare
1014 1544 1281 1585 sustinuerit.
1342 1544 1489 1599 Atque
1519 1544 1626 1586 haec

281 1601 457 1658 quidem
488 1602 630 1643 omnia
660 1600 739 1643 etsi
768 1601 957 1643 breviter
987 1606 1156 1642 tantum
1187 1600 1383 1656 exposita
1413 1607 1530 1654 sunt,
1560 1606 1625 1642 ta-

278 1674 377 1702 men
409 1659 539 1710 satis‚
573 1658 750 1713 opinor,
783 1657 1013 1711 docebunt,
1047 1673 1100 1699 ne
1132 1656 1420 1700 elocutionem
1452 1657 1626 1712 quidem

280 1722 412 1771 atque
452 1715 724 1757 dialecticam
754 1713 799 1756 in
837 1713 1040 1756 Phaedro
1078 1720 1329 1768 usurpatam
1360 1714 1404 1756 id
1434 1714 1622 1767 efficere,

280 1779 330 1814 ut
372 1773 481 1814 liber
519 1787 544 1813 a
594 1772 777 1813 Platone
827 1771 1100 1813 adolescente
1142 1770 1297 1813 litteris
1347 1772 1624 1828 consignatus

280 1836 411 1885 atque
441 1828 689 1885 publicatus
719 1842 814 1870 esse
844 1828 988 1884 putari
1018 1827 1185 1869 debeat.

395 1929 485 1973 Sed
506 1930 609 1972 satis
641 1929 746 1971 haec
769 1928 821 1971 de
852 1936 1108 1986 argumento
1148 1936 1191 1971 et
1233 1929 1430 1983 consilio,
1462 1930 1515 1972 de
1534 1937 1624 1972 arte

281 1994 325 2029 et
371 1987 707 2043 compositione,
768 1985 955 2040 denique
1015 1985 1066 2028 de
1114 1986 1380 2042 temporibus
1418 1986 1621 2029 Phaedri.

281 2042 407 2098 Quae
447 2043 621 2099 quidem
662 2042 805 2086 omnia
835 2042 1096 2085 videbantur
1125 2042 1224 2085 ideo
1255 2044 1471 2100 copiosius
1504 2050 1546 2085 et
1574 2060 1623 2085 u-

281 2101 426 2143 berius
460 2098 716 2156 exponenda
754 2114 871 2153 esse,
913 2099 1116 2154 quoniam
1156 2099 1307 2142 harum
1338 2114 1479 2142 rerum
1510 2100 1622 2142 noti-

280 2157 383 2200 tiam
422 2173 509 2200 non
551 2156 679 2199 modo
719 2156 774 2198 ad
805 2155 931 2198 huius
962 2156 1060 2199 libri
1088 2156 1442 2213 intelligentiam,
1473 2172 1622 2198 verum

279 2215 404 2256 etiam
444 2214 744 2256 universorum
786 2213 983 2255 Platonis
1024 2229 1200 2269 operum
1232 2213 1519 2270 cognitionem
1552 2229 1622 2255 ac-

279 2271 536 2313 curatiorem
555 2270 784 2327 plurimum
804 2270 948 2311 valere
990 2270 1114 2312 nobis
1146 2270 1454 2326 persuasimus.
1513 2271 1620 2312 Per-

278 2327 419 2384 gimus
451 2327 506 2369 ad
534 2326 764 2369 indicanda
780 2326 1017 2368 litterarum
1048 2325 1256 2380 subsidia,
1290 2327 1447 2381 quibus
1478 2328 1520 2369 in
1540 2327 1622 2369 hac

279 2383 465 2427 editione
497 2383 751 2426 adornanda
781 2383 845 2425 uti
873 2383 1005 2425 licuit.
