1687 2969
815 191 856 194 μ
930 170 1029 208 LXIV
1105 191 1144 196 —-

299 283 555 325 sententiam
584 282 779 324 Platonis
819 282 873 324 de
912 282 1213 339 philosophiae
1245 289 1399 323 natura
1429 289 1472 324 et
1500 281 1644 323 indole

298 341 411 382 hane
449 339 608 392 fuisse,
657 346 706 380 ut
747 341 889 381 fontes
929 340 1021 381 eius
1061 340 1302 395 primitivos
1343 346 1387 380 et
1425 346 1646 394 tamquam

298 397 501 453 primaria
558 396 767 437 elementa
819 397 901 438 sibi
957 397 1220 452 persuaserit
1271 396 1341 437 vel
1400 396 1445 437 in
1498 396 1645 437 divino

300 468 443 495 amore
480 452 550 495 vel
587 453 631 494 in
674 453 777 495 artis
823 453 1074 494 dialecticae
1103 453 1308 494 facultate
1340 453 1487 507 quaeri
1519 467 1646 508 opor-

299 518 414 561 tere3
461 509 645 565 <lenique
686 510 955 564 eloquentiae
988 509 1153 563 studia.7
1194 524 1305 564 quae
1335 518 1427 550 tum
1456 509 1646 551 Athenis

299 567 539 623 viguerint,
592 582 616 607 a
657 567 935 623 philosophia
989 567 1124 607 fuisse
1177 566 1410 618 alieniora7
1460 565 1645 620 ideoque

304 624 531 665 Platonem
551 624 699 678 utique
722 639 970 679 permovere
992 624 1201 679 potuissQ
1233 633 1281 664 ut
1302 622 1406 677 quid
1425 622 1477 664 de
1500 638 1646 664 eorum

299 682 438 736 pretio
484 688 527 722 et
570 681 779 736 dignitate
822 681 1020 734 sentiret,
1061 681 1302 737 copiosiore
1353 679 1646 736 disputatione

301 738 555 782 declararet.
627 737 834 792 Sequitur
869 753 1006 791 nunc,
1040 743 1089 779 ut
1128 737 1316 779 universi
1355 737 1497 793 operis
1535 736 1646 777 ratio

439 929 517 962 nihil
550 929 735 970 quidquam
769 929 956 971 proficitur.
1017 928 1103 961 'Nam
1142 941 1208 962 uno
1242 929 1386 961 Hermia
1418 933 1564 970 excepto
1601 931 1647 962 illi

441 986 561 1007 omnes
590 976 793 1007 seutentiam
821 985 916 1006 suain
943 985 1008 1006 uon
1030 976 1121 1008 clare
1146 975 1393 1017 patefecerunt,
1419 975 1648 1018 videnturque

440 1022 567 1063 Lysiae
601 1023 787 1062 orationem
822 1022 959 1052 omnino
993 1031 1066 1052 eam
1099 1022 1242 1060 dixisses
1280 1031 1367 1062 quae
1398 1020 1489 1061 apud
1528 1022 1649 1054 Plato-

442 1078 517 1100 nem
545 1067 674 1099 oratori
701 1073 794 1099 esset
809 1067 992 1108 adscripta,
1017 1067 1305 1108 quemadmodum
1332 1066 1500 1099 interdum
1517 1067 1643 1100 Socra-

436 1119 489 1145 tes
514 1120 552 1146 ut
578 1118 697 1146 auctor
723 1124 839 1145 eorum
868 1118 1093 1153 memoratur,
1126 1124 1213 1155 quae
1239 1112 1329 1155 apud
1366 1113 1543 1145 Platonem
1575 1114 1646 1145 dis-

438 1161 578 1201 putavit.
635 1158 705 1190 sed
732 1164 769 1191 ut
794 1160 839 1191 illi
864 1159 895 1190 in
922 1169 962 1191 ea
988 1159 1115 1191 suerint
1140 1162 1325 1199 sententia,
1357 1163 1395 1190 ut
1429 1160 1552 1200 Lysiae
1583 1169 1645 1191 au-

442 1207 528 1237 ctori
571 1206 758 1237 orationem
798 1204 1012 1237 tribuendam
1050 1205 1244 1245 iudicarint„
1282 1204 1362 1246 quid
1400 1206 1478 1238 inde
1516 1205 1648 1246 porro?

440 1252 606 1284 Nimirum
642 1252 732 1283 ualet
763 1251 815 1283 hic
847 1262 995 1292 quoque,
1025 1253 1115 1292 quod
1154 1252 1183 1283 iu
1222 1252 1319 1284 simili
1358 1250 1570 1283 dubitatione
1606 1251 1649 1284 de

441 1299 568 1329 criticis
596 1298 769 1329 xeteribns
795 1299 923 1329 centies
951 1303 1003 1328 est
1029 1298 1234 1336 iudicatum„
1268 1297 1460 1330 istiusmodi
1493 1302 1649 1330 veterum

440 1344 573 1376 iudiciis
599 1344 792 1376 cautissime
819 1354 894 1375 esse
921 1343 1170 1375 confidendum.
1217 1344 1287 1376 Sed
1313 1343 1459 1375 afferunt
1483 1343 1529 1374 illi
1544 1345 1647 1375 etiam

440 1389 530 1422 aliud
558 1390 659 1431 quid„
684 1390 773 1430 quod
800 1390 907 1431 primo
934 1391 1052 1421 saltem
1081 1389 1247 1431 adspectu
1274 1389 1444 1430 aliquanto
1472 1391 1547 1430 plus
1572 1400 1650 1421 mo-

442 1437 546 1468 menti
571 1436 695 1467 habere
720 1437 886 1468 videatur.
948 1436 1070 1466 Dicunt
1099 1438 1184 1467 enim
1212 1435 1302 1478 apud
1336 1437 1444 1478 ipsum
1471 1437 1648 1467 Platonem

445 1492 510 1513 non
541 1482 690 1513 obscure
717 1483 909 1513 orationem
937 1487 1106 1522 tamquam
1140 1493 1157 1513 a
1188 1482 1291 1523 Lysia
1324 1483 1555 1523 compositam
1586 1491 1649 1513 no-

443 1529 524 1566 tari3
550 1537 711 1568 quorsum
737 1528 888 1560 referunt
913 1528 1087 1569 imprimis9
1113 1528 1204 1568 quod
1233 1539 1271 1559 ea
1291 1533 1444 1560 narretur
1465 1527 1507 1559 de
1521 1528 1648 1569 scripto

441 1575 583 1606 recitata
615 1584 711 1612 esse,
754 1572 844 1614 quod
879 1573 1049 1605 Phaedrus
1082 1584 1154 1605 eam
1195 1574 1325 1606 dicatur
1355 1575 1397 1606 ab
1434 1575 1511 1615 ipso
1547 1574 1649 1614 Lysia

443 1621 605 1660 scriptam
632 1620 825 1661 accepisse,
859 1619 1006 1660 denique
1032 1619 1122 1660 quod
1153 1621 1291 1652 omnino
1319 1621 1368 1652 via
1395 1624 1428 1651 et
1453 1619 1557 1659 ratio.
1581 1629 1649 1659 qua

447 1667 542 1697 Plato
568 1667 599 1696 in
626 1665 700 1697 aliis
726 1666 941 1698 sermonibus
966 1675 1024 1696 sua
1052 1666 1172 1705 cuique
1206 1666 1354 1698 tribuere
1383 1666 1510 1705 soleat,
1543 1665 1647 1706 pluri-

446 1721 540 1744 mum
566 1712 608 1743 ab
635 1722 674 1742 ea
699 1712 830 1743 ratione
857 1711 990 1743 diversa
1015 1711 1076 1750 sit,
1103 1721 1168 1752 qua
1195 1713 1225 1743 in
1255 1711 1405 1744 Phaedro
1432 1710 1514 1743 haec
1536 1711 1648 1742 oratio

441 1758 612 1790 tribuatur
644 1757 780 1797 Lysiae.
846 1763 891 1789 At
922 1758 1008 1789 enim
1042 1767 1122 1789 vero
1154 1757 1234 1789 licet
1264 1757 1347 1789 haec
1379 1757 1488 1789 onmia
1521 1766 1581 1799 per
1611 1766 1649 1787 se

443 1803 621 1835 verissime
647 1802 713 1834 sint
738 1803 992 1842 animadversa,
1026 1808 1139 1835 tamen
1164 1803 1242 1835 inde
1267 1803 1404 1835 minime
1429 1802 1650 1842 consequitur

443 1849 535 1891 quod
561 1850 754 1882 voluerunt.
810 1849 899 1882 Sunt
926 1850 1013 1881 euim
1040 1860 1080 1881 ea
1106 1859 1229 1880 scenae
1255 1849 1379 1889 dialogi
1406 1849 1649 1880 convenienter

443 1896 490 1927 ita
515 1895 689 1933 institut&
721 1899 759 1926 ut
785 1896 885 1927 aliter
911 1894 1040 1927 institui
1067 1895 1158 1926 nullo
1187 1899 1288 1936 pacto
1321 1895 1505 1936 potuerint.
1559 1893 1648 1925 Nam

443 1940 534 1982 quod
564 1940 738 1972 Phaedrus
762 1942 850 1973 illam
878 1941 1068 1972 orationem
1100 1939 1224 1972 dicitur
1254 1951 1371 1973 secum
1393 1941 1564 1982 ‘scriptam
1595 1946 1648 1971 at-

445 1988 564 2019 tulisse
587 1986 750 2028 quodque
778 1988 850 2028 ipsa
876 1991 1031 2018 narratur
1057 1985 1179 2017 deinde
1209 1988 1353 2019 recitata
1385 1998 1424 2018 ac.
1451 1986 1494 2018 de
1521 1985 1648 2028 scripto

449 2033 625 2074 explorata
651 2043 746 2071 esse3
771 2033 843 2065 fieri
870 2031 933 2064 hoc
958 2036 1100 2074 propter
1125 2031 1388 2072 disputationem
1405 2032 1447 2063 de
1473 2032 1580 2073 ipsius
1594 2032 1647 2063 vi-

449 2078 503 2110 tiis
527 2077 712 2110 institutam
738 2088 805 2110 non
831 2078 941 2120 potuit
966 2079 1076 2115 aliter,
1103 2077 1270 2118 siquidem
1298 2079 1417 2111 debuit
1437 2078 1547 2119 ipsum
1563 2088 1648 2119 opus

448 2124 480 2156 in
507 2128 643 2165 promtu
670 2134 747 2156 esse
771 2125 862 2166 fingi,
889 2133 955 2164 quo
990 2124 1097 2155 maior
1129 2124 1294 2156 existeret
1319 2125 1453 2167 species
1482 2124 1648 2156 verisimi-

449 2169 608 2203 titudinis.
664 2170 784 2211 Neque
808 2180 889 2202 vero
916 2170 1107 2207 rationem,
1139 2179 1204 2210 qua
1231 2170 1312 2202 haec
1340 2171 1450 2202 oratio
1487 2170 1649 2201 tribuitur

450 2215 585 2257 Lysiae,
610 2217 803 2248 inusitatam
829 2220 888 2247 aut
913 2215 1033 2247 miram
1061 2215 1175 2246 dicere
1191 2217 1315 2248 licebit.
1343 2216 1510 2257 siquidem
1538 2226 1576 2247 ea
1597 2219 1650 2247 est

450 2262 686 2293 sollertissime
711 2262 843 2294 inventa
870 2265 904 2293 et
930 2261 1053 2302 dialogi
1079 2262 1203 2293 actioni
1223 2262 1550 2294 convenientissima.
1579 2262 1649 2292 De-

450 2307 550 2348 nique
576 2309 676 2340 etiarn
707 2308 766 2339 viri
792 2307 976 2340 acutissimi
1003 2308 1051 2348 (v.
1084 2307 1294 2339 Haenisch
1327 2308 1378 2339 bc.
1410 2319 1442 2349 p.
1473 2307 1528 2340 20,
1561 2306 1647 2348 sqq.)

447 2355 623 2385 Platonem
655 2358 862 2386 censuerunt
892 2353 1102 2394 ineptissime
1137 2352 1305 2386 facturum
1344 2354 1470 2394 fuisse,
1507 2354 1534 2384 si
1573 2353 1649 2394 ipse

450 2408 543 2429 suam
568 2400 710 2440 aliquam
737 2400 859 2441 Lysiae
884 2399 1059 2431 tribuisset
1083 2400 1270 2432 orationem
1297 2400 1335 2431 iis
1362 2400 1448 2431 vitiis
1476 2400 1648 2437 affectam,

449 2453 536 2484 quae
567 2444 689 2478 deiude
720 2456 761 2476 ue
784 2444 1062 2487 reprehendisset
1091 2446 1224 2486 quidem
1262 2449 1364 2486 atque
1401 2445 1646 2487 castigavisset.

453 2493 495 2520 At
526 2489 680 2523 nimirum
713 2502 780 2524 non
813 2491 923 2523 omnia
962 2490 1094 2531 quidem
1130 2496 1231 2531 atque
1266 2492 1393 2529 singula
1430 2489 1649 2533 philosophus

451 2537 580 2566 notavit
605 2537 686 2568 vitia
713 2538 876 2579 peculiari
904 2546 1020 2567 eorum
1057 2537 1210 2568 instituta
1243 2539 1495 2578 exploratione,
1526 2546 1648 2577 quam-

450 2590 551 2621 quam
578 2581 664 2615 bene
694 2585 792 2615 multa
819 2581 1034 2625 reprehendit
1059 2587 1093 2613 et
1118 2583 1316 2622 castigavit3
1351 2583 1411 2615 sed
1446 2583 1509 2615 hoc
1533 2587 1648 2613 tamen

451 2626 701 2660 demonstravit
736 2630 938 2667 clarissime,
980 2627 1138 2669 quidnam
1178 2629 1314 2661 omuino
1351 2629 1430 2661 illud
1466 2630 1577 2666 esset,
1616 2627 1648 2658 in

452 2681 534 2712 quo,
561 2676 630 2706 tam
658 2676 820 2707 materiae
845 2685 944 2716 quam
971 2674 1100 2707 formae
1117 2673 1227 2706 habita
1247 2676 1387 2715 ratione,
1414 2675 1559 2716 vulgaris
1575 2672 1648 2706 rhe-

452 2718 581 2751 toricae
605 2720 697 2753 labes
723 2720 887 2755 haereret.

1685 2296 1687 2349 l

1685 2355 1687 2388 l

1684 2397 1687 2438 l

1684 2440 1687 2496 i

1682 2673 1687 2702 i

1682 2707 1687 2740 ἓ

1682 2746 1687 2773 Ε

1681 2778 1687 2802 l

1681 2802 1687 2846 [l

1682 2841 1687 2870 l

1681 2870 1687 2887 »i

1683 2890 1687 2917 l

1684 2929 1687 2949 l

1684 2953 1687 2969 l
