1687 2969
93 415 176 455 514

206 177 284 210 300
744 172 1003 210 PLATONIS

204 280 447 332 βελτίστους
483 276 640 327 αὐτοὺς
675 274 778 327 τοὺς
815 280 988 327 πολίτας
1029 285 1280 327 ποιοῦνταςς
1326 281 1430 319 ἄνευ
1469 278 1551 332 γὰρ

205 344 256 398 δὴ
293 346 472 392 τούτου,
524 344 580 392 ὠς
619 343 664 384 ἐν
700 347 789 392 τοῖς
829 342 1071 397 ἔμπροσθεν
1111 343 1382 396 εὑρίσκομεν,
1425 339 1552 384 οὐδὲν

206 412 360 461 ὄφελος
388 412 520 462 ἄλλην
549 405 793 463 εὐεργεσίαν
821 404 1024 462 οὐδεμίαν
1065 406 1342 460 προςφὲρειν,
1384 406 1458 448 ἐὰν
1495 407 1552 460 μὴ

204 473 311 527 καλὴ
350 474 522 527 κάγαθὴ
560 475 588 528 ἡ
625 475 792 515 διάνοια
836 471 858 526 ᾗ
897 477 984 514 τῶν
1021 474 1260 525 μελλόντων
1299 472 1324 525 ἢ
1363 473 1553 526 χρήματα

205 539 340 581 πολλὰ
368 539 601 592 λαμβάνειν
639 539 665 591 ἢ
695 539 829 592 ἀρχήν
857 554 986 580 τινων
1015 539 1040 592 ἢ
1070 541 1202 591 ἄλλην
1230 538 1414 590 δύναμιν
1441 537 1552 590 ἡντι-

205 610 324 645 νοῦν.
354 607 501 657 θῶμεν
530 603 663 651 οὕτως
692 601 819 656 ἕχεινς
851 605 988 644 ΚΑΛ.
1025 604 1153 643 Πάνυ
1181 617 1239 655 γε,
1269 603 1308 643 εἴ
1327 612 1392 643 σοι
1415 602 1551 656 ἥδιον.

207 670 309 710 Σῼ.
351 669 405 709 Εἰ
444 665 524 709 οὖν
563 671 884 722 παρεκαλοῦμεν
932 669 1161 722 ἀλλήλους,
1215 662 1247 708 ὦ
1290 668 1551 715 Καλλίκλεις,

206 734 386 788 δημοσία
423 734 656 785 πράξαντες
689 735 776 774 τῶν
815 735 1044 774 πολιτικῶν
1085 733 1368 786 πραγμάτων,
1409 731 1473 773 ἐπὶ
1503 732 1554 772 τὰ

206 800 465 852 οἰκοδομικά,
498 799 520 852 ἢ
550 801 697 851 τειχῶν
726 798 751 851 ἢ
781 799 971 851 νεωρίων
998 798 1024 852 ἢ
1054 798 1179 850 ἱερῶν
1209 796 1275 839 ἐπὶ
1303 798 1353 839 τὰ
1382 797 1555 851 μέγιστα

206 865 542 917 οἰκοδομήματα,
583 864 765 915 πότερον
804 861 881 904 ἔδει
925 863 979 904 ἂν
1015 863 1125 917 ἡμᾶς
1163 862 1404 912 σκέψασθαι
1444 863 1555 916 ἡμᾶς

274 1004 310 1034 P.
336 1002 413 1035 514.
441 1003 632 1044 δημοσίᾳ
657 1001 926 1043 πράξαντες]
954 1003 995 1034 V.
1021 1000 1224 1043 πράξοντες,
1251 1001 1340 1043 quod
1367 1002 1553 1036 Hermann.

207 1048 308 1080 unice
339 1047 470 1090 probat.
542 1047 607 1079 Sed
652 1059 776 1089 magno
816 1058 987 1079 consensu
1024 1048 1127 1079 vind.
1168 1048 1198 1080 6.
1239 1048 1316 1078 Par.
1346 1048 1556 1079 BCEFW.

208 1093 297 1127 Flor.
331 1104 360 1124 a.
403 1097 435 1124 et
471 1104 520 1134 pr.
562 1093 679 1124 Clark.
719 1094 796 1124 Vat.
836 1093 940 1125 Coisl.
981 1091 1173 1133 πράξαντες
1212 1094 1375 1124 aoristum
1408 1097 1555 1124 tuentur.

208 1149 238 1169 V.
263 1138 422 1180 explicat.
468 1139 507 1169 In
532 1138 622 1169 Flor.
648 1138 678 1169 d.
704 1139 865 1179 scriptum
899 1138 1046 1180 δημοσίᾳ
1072 1151 1097 1169 τι
1122 1139 1248 1178 πρᾶξαι
1274 1142 1339 1169 ττῦν
1365 1139 1556 1170 πολιτικῶν.

208 1184 247 1215 In
272 1184 404 1226 aliquot
427 1183 524 1215 codd.
549 1183 674 1215 desunt
697 1184 802 1215 verba
827 1186 895 1215 τῶι·
920 1184 1095 1215 πολιτικῶν
1120 1181 1340 1226 πραγμάτων.

207 1316 405 1354 regerentur
438 1322 458 1344 a
488 1309 712 1352 θεραπεύειν.
759 1312 848 1343 Nam

209 1357 399 1389 infinitivus
412 1357 652 1399 explicationis
666 1358 777 1399 gratia
792 1356 848 1388 ad-

208 1402 297 1434 ditur
321 1403 433 1434 hisce:
460 1401 688 1443 ἐπιχειρητέον
713 1401 784 1433 ἐστὶ
813 1404 848 1442 τῇ

210 1444 302 1479 πόλει
328 1447 382 1478 καὶ
411 1452 480 1480 τοῖς
506 1448 676 1484 πολίταις,
709 1451 747 1478 ut
777 1447 847 1488 ple-

917 1315 987 1343 not.
1033 1312 1152 1353 Neque
1185 1311 1382 1353 discrepant
1414 1310 1457 1343 ab
1489 1311 1556 1343 hoc

917 1367 982 1388 usu
1020 1357 1191 1399 participii
1234 1357 1334 1388 talia:
1383 1357 1556 1388 Phaedon.

917 1413 948 1444 p.
974 1401 1048 1434 102.
1074 1403 1125 1433 D:
1152 1401 1235 1444 λέγω
1263 1402 1301 1433 δὲ
1327 1399 1417 1433 τοῦδ’
1444 1402 1556 1437 ἕνεκα,

917 1445 1130 1488 βουλόμενος
1156 1446 1250 1487 δόξαι
1278 1447 1331 1478 σοὶ
1357 1445 1442 1487 ὅπερ
1470 1446 1555 1485 ἐμοί.

209 1504 251 1524 ne
276 1492 344 1524 diei
364 1493 511 1533 potuerit
528 1493 630 1523 etiam
646 1493 711 1524 hoc
729 1492 827 1523 modo
842 1504 849 1522 z

209 1536 291 1571 ιῦςτε
323 1535 449 1570 αὖτοὺς
486 1535 704 1577 θεραπεύειν.
752 1538 848 1569 Ρ1·01·-

209 1593 266 1614 sus
291 1582 410 1614 eadem
436 1587 487 1614 est
504 1582 685 1614 verborum
705 1586 848 1614 structu-

209 1638 246 1659 ra
288 1629 339 1659 De
372 1627 514 1669 Republ.
540 1628 602 1660 ΙΙΙ,
634 1638 665 1668 p.
697 1626 772 1659 416.
799 1628 843 1658 A:

209 1672 419 1715 ἐπιχειρῆσαι
459 1677 527 1705 τοῖς
566 1670 754 1713 προβάτοις
789 1684 848 1703 κα-

210 1722 384 1760 κουργεῖν.
411 1718 540 1749 Criton.
565 1728 596 1758 p.
621 1716 675 1748 52.
702 1718 747 1748 B:
772 1715 846 1748 οὐδ’

210 1761 379 1801 ἐπιθυμία
416 1772 452 1793 σε
484 1760 583 1803 ἄλλης
618 1759 748 1795 πόλεως
774 1759 846 1793 οὐδ’

209 1806 319 1839 ἄλλων
336 1807 453 1846 νόμων
468 1807 592 1848 ἔλαβεν
605 1806 746 1843 εἰδέναι,
772 1807 804 1837 h.
820 1817 847 1837 e.

209 1850 336 1885 αὐτοὺς
360 1852 502 1884 εἰδέναι.
547 1852 690 1883 Phaedr.
716 1863 746 1893 p.
771 1851 847 1885 271.

211 1898 248 1929 C.
272 1898 378 1939 Legg.
403 1897 464 1928 ΙΙΙ.
489 1908 520 1938 p.
546 1895 620 1928 700.
647 1897 682 1928 C.
715 1897 790 1928 VII.
816 1907 847 1937 p.

211 1941 285 1974 790.
312 1943 353 1973 D.
380 1942 437 1972 XI.
463 1952 494 1983 p.
521 1940 595 1972 941.
622 1942 663 1972 D.
690 1942 741 1973 De
767 1942 846 1982 Rep.

211 1987 272 2018 ΙΙΙ.
304 1998 335 2028 p.
366 1985 441 2018 407.
470 1986 506 2017 C.
551 1986 638 2018 Tim.
664 1997 694 2027 p.
719 1985 772 2018 33.
798 1986 848 2025 C.‚

208 2032 269 2064 ubi
301 2031 462 2063 consulas
502 2035 617 2062 annot.
649 2036 752 2064 nostr.
790 2031 849 2062 Vi-

209 2077 331 2109 delicet
355 2077 457 2108 etiam
482 2076 516 2106 in
535 2076 663 2107 talibus
685 2077 848 2107 confusae

209 2126 288 2153 sunt
320 2121 405 2153 duae
438 2122 720 2153 constructiones.
761 2122 848 2153 Nam

210 2171 268 2199 aut
296 2167 487 2198 infinitivus
526 2166 733 2197 omittendus
765 2170 846 2205 erat,

210 2217 268 2243 aut
298 2211 479 2243 dicendum
519 2209 749 2252 ἐπιχειρητέον
788 2210 849 2253 τὴν

211 2255 310 2288 πόλιν
347 2257 401 2288 καὶ
446 2253 523 2289 τοὺς
563 2258 698 2288 πολίτας
740 2257 847 2296 θερα-

212 2299 340 2332 πεύειν.
367 2301 432 2332 Sed
458 2306 590 2332 servato
607 2301 721 2332 dativo
745 2301 848 2332 etiam

211 2346 401 2377 infinitivus
427 2345 597 2377 adiicitur.
636 2346 755 2386 Itaque
780 2357 847 2377 non

210 2392 315 2432 probo
340 2390 650 2421 Heindorfium
686 2395 762 2431 post
787 2402 847 2421 πο-

211 2437 314 2468 λίταις
358 2442 525 2467 commate
572 2435 851 2477 distinguentem.

211 2481 389 2512 Proxima:
416 2477 461 2512 ὥς
486 2480 683 2520 βελτίστους
708 2499 750 2502 -
777 2492 850 2512 ποι-

211 2529 355 2562 οῦντας,
388 2524 504 2556 addita
528 2530 608 2556 sunt
631 2525 701 2565 sic,
734 2529 771 2556 ut
795 2525 849 2556 de-

212 2571 344 2602 clarent
366 2570 435 2600 vim
460 2570 555 2600 vocis
580 2568 698 2602 oiizms.
744 2570 850 2601 Phae-

213 2615 289 2647 don.
322 2626 353 2656 p.
378 2614 430 2647 59.
464 2615 513 2645 A:
550 2612 672 2655 σχεδόν
705 2627 731 2646 τι
762 2613 849 2646 οὕτω

215 2661 430 2698 διεκείμεθα,
474 2657 530 2690 ὁτὲ
572 2659 637 2698 μὲν
674 2660 851 2700 γελῶντες,

214 2704 325 2737 ἑιίὀτε
352 2705 391 2737 δὲ
416 2701 638 2745 δακρύοντες,
663 2703 724 2735 ubi
743 2715 774 2736 v.
793 2716 851 2737 an-

917 1492 1107 1523 Parmenid.
1141 1493 1205 1523 in.:
1246 1491 1389 1532 πάρειμί
1426 1504 1463 1534 γε
1504 1489 1555 1523 ἐπ’

918 1534 1001 1568 αὐτὸ
1018 1540 1128 1574 τοῦτο,
1156 1535 1366 1578 δεησόμενος
1382 1534 1480 1575 ὑμῶν
1493 1539 1556 1568 κτλ.

918 1583 970 1614 De
1011 1583 1208 1613 accusativo
1255 1586 1434 1615 ποιοῦντας
1481 1586 1557 1623 post

918 1627 1072 1658 dativum
1109 1627 1205 1659 illato
1230 1638 1261 1658 v.
1292 1627 1333 1658 ad
1360 1638 1392 1669 p.
1417 1626 1492 1660 492.
1518 1628 1556 1660 Β.

918 1676 950 1703 et
976 1683 1007 1713 p.
1032 1671 1107 1704 512.
1133 1673 1174 1703 D.

964 1718 1001 1748 P.
1032 1715 1107 1749 514.
1157 1715 1234 1748 ἐὰν
1272 1715 1322 1759 μὴ
1354 1714 1455 1759 καλὴ
1492 1713 1556 1748 κά-

921 1760 1037 1803 γαθὴ
1084 1759 1103 1803 ἡ
1157 1760 1198 1803 δ.]
1266 1763 1428 1793 Poterant
1474 1761 1558 1793 haec

918 1806 1093 1839 commode
1126 1807 1253 1845 omitti,
1291 1817 1394 1848 quum
1425 1817 1558 1848 praece-

918 1852 975 1883 dat
1011 1850 1096 1883 ἄνευ
1127 1850 1192 1893 γὰρ
1227 1849 1269 1893 δὴ
1305 1852 1437 1883 τούτου.
1492 1851 1557 1883 Sed

919 1902 1033 1928 amant
1081 1897 1203 1928 Graeci
1250 1897 1339 1928 hanc
1391 1897 1557 1927 sermonis

917 1941 1117 1973 ubertatem.
1153 1941 1219 1975 vid.
1245 1941 1393 1972 Matth.
1428 1942 1456 1980 ἓ.
1481 1940 1558 1973 636.

964 1987 1004 2017 εἴ
1036 1996 1104 2017 σοι
1137 1984 1286 2028 ἥδιον]
1337 1986 1440 2017 Addit
1471 1986 1557 2018 hacc

918 2042 993 2064 eum
1035 2031 1192 2063 irrisione
1230 2031 1484 2073 significaturus
1523 2042 1558 2062 se

918 2088 986 2107 non
1016 2087 1059 2107 ex
1092 2077 1199 2107 animi
1234 2077 1402 2107 sententia
1439 2087 1557 2108 eonce-

918 2121 994 2153 dere
1020 2122 1167 2161 Socrati,
1204 2121 1262 2152 sed
1295 2125 1334 2153 ut
1368 2122 1399 2152 ei
1422 2125 1556 2163 gratum

917 2167 1035 2198 faciat.

965 2212 1155 2253 δημοσίᾳ
1187 2210 1436 2251 πράξαντες
1476 2214 1558 2242 τῶν

920 2255 1150 2287 πολιτικῶν
1175 2254 1458 2297 πραγμάτιον]
1493 2257 1556 2287 Ge-

918 2302 1047 2332 nitivus
1072 2306 1201 2342 partem
1231 2301 1418 2342 significat3
1452 2301 1556 2343 vulgo

918 2346 1117 2388 intelligunt
1156 2357 1190 2376 τι.
1260 2346 1412 2376 Plurima
1452 2345 1555 2377 huius

918 2391 1052 2433 generis
1075 2389 1231 2431 exempla
1255 2390 1393 2432 collegit
1413 2391 1556 2424 Fisch,

919 2436 961 2467 ad
986 2435 1124 2468 Weller.
1151 2435 1191 2466 T.
1218 2435 1277 2465 111.
1304 2436 1341 2466 P.
1368 2435 1391 2465 1.
1425 2436 1456 2476 p.
1481 2434 1558 2467 263.

919 2486 952 2513 et
977 2481 1040 2511 viri
1062 2480 1162 2519 docti,
1187 2490 1273 2520 quos
1288 2479 1454 2519 laudavit,
1485 2480 1557 2521 qui-

919 2527 983 2557 bus
1021 2524 1105 2556 adde
1145 2535 1231 2565 quae
1279 2526 1558 2556 commemoravit

920 2570 1187 2602 Schaeferus
1218 2569 1259 2600 ad
1283 2569 1455 2602 Lanibert.
1480 2571 1578 2601 Bos.'

920 2615 1040 2657 Ellips.
1072 2626 1104 2656 p.
1136 2613 1202 2646 475
1233 2625 1302 2656 seq.
1351 2619 1451 2656 atque
1495 2625 1557 2646 nos

919 2661 985 2702 ipsi
1009 2659 1052 2691 ad
1075 2659 1171 2701 Reip.
1195 2660 1252 2690 IV.
1277 2670 1308 2701 p.
1334 2657 1409 2692 445.
1434 2660 1473 2693 E.
1499 2660 1599 2691 VIA

919 2716 952 2748 p.
975 2703 1051 2738 485.
1078 2705 1116 2737 B.
1142 2706 1372 2747 exposuimus.
1397 2705 1463 2737 Pro
1484 2704 1557 2736 vul-
