1687 2969
254 92 305 131 72
736 84 1121 127 PLATONIS

249 205 376 262 μεῖόν
420 219 495 259 μοι
540 204 775 258 γίγνεσθαι
810 207 977 258 ἐγένετο
1015 226 1082 233 -—
1112 200 1180 244 ἀεὶ
1227 206 1269 244 δέ
1305 219 1357 257 με
1393 206 1554 257 ἐπίσχει
1589 200 1613 244 ὃ

177 275 214 318 C
253 270 312 316 ἂν
346 273 484 328 μέλλω
522 268 730 327 πράττειν
764 295 842 321 —-,
879 272 952 312 καί
985 285 1088 311 τινα
1123 266 1277 327 φωνὴν
1312 268 1435 320 ἔδοξα
1472 266 1618 310 αὐτό-

252 342 341 383 θεν
376 337 579 388 ἀκοῦσαι,
615 336 640 390 ἥ
677 353 728 392 με
764 336 844 379 οὐκ
874 339 925 391 ἐᾷ
960 334 1150 386 ἀπιέναι,
1188 338 1291 391 πρὶν
1324 332 1383 378 ἂν
1407 333 1618 393 ἀφοσιώ-

253 421 419 462 σωμαι,
476 402 535 455 ὥς
566 420 607 446 τι
643 402 929 459 ἡμαρτηκότα
960 407 1019 452 εἰς
1053 400 1103 446 τὸ
1141 404 1284 446 θεῖον.
1322 404 1405 455 εἰμὶ
1443 399 1494 454 δὴ
1535 395 1618 445 οὖν

250 473 409 530 μάντις
436 476 524 528 μέν,
561 470 613 514 οὐ
653 469 773 513 πάνυ
811 473 854 513 δὲ
893 472 1146 519 σπουδαῖος,
1181 468 1281 512 ἀλλ’

1324 466 1464 525 ὥςπερ
1490 472 1531 512 οἱ
1559 466 1612 510 τὰ

252 539 493 599 γράμματα
538 541 729 598 φαῦλοι,
778 536 887 581 ὅσον
930 541 1011 593 μὲν
1057 539 1230 592 ἐμαυτῷ
1273 536 1416 593 μόνον
1453 534 1621 586 ἱκανός.

347 692 386 725 C.
437 690 538 724 ὅσον
566 693 643 735 μὲν
668 693 841 735 ἐμαυτῷ
867 688 1019 733 μόνον]
1045 692 1103 733 μὲν
1129 689 1276 721 accessit
1302 700 1343 722 ex
1369 690 1484 722 multis
1510 689 1620 730 iisque

256 739 400 782 optimis
427 737 622 777 codicibus,
650 739 680 770 in
709 747 852 779 quorum
879 746 1022 768 numero
1049 736 1151 768 etiam
1179 735 1278 769 Bodl.
1309 739 1372 768 est.
1399 745 1429 769 v,
1461 736 1620 778 explicat.

256 785 344 818 Dein
372 782 474 817 Bodl.
504 783 576 819 vat.
606 784 688 818 Ven.
716 783 753 816 11
781 783 860 816 Par.
888 781 1004 814 GHN
1030 781 1160 818 ἱκανῶς.

258 898 322 931 etsi
346 896 484 950 proprie
510 897 564 928 est
587 892 815 933 adiectivum
856 898 908 926 ta-

257 954 336 976 men
361 944 403 974 ab
428 943 503 984 ipso
530 940 676 972 Platone
708 939 739 970 vi
766 940 909 972 nominis

259 988 464 1021 substantixi
503 986 665 1038 ponitur,
702 989 739 1016 ut
778 986 909 1028 Euthy-

258 1035 377 1078 phron.
405 1045 436 1076 p.
462 1032 493 1067 3.
523 1032 562 1065 B.
591 1030 630 1062 σὺ
658 1030 697 1062 τὸ
727 1031 910 1074 ὃτιιμόιιον

259 1094 324 1124 φῃς
368 1079 481 1123 amlingi
520 1076 680 1110 ἑκάστοτε
715 1078 908 1118 γίγνεσθαι.

259 1127 397 1169 Apolog
401 1125 516 1159 ,Socr.
528 1134 560 1165 p.
570 1122 623 1156 41)
638 1125 676 1154 Α.
706 1121 723 1163 ἡ
750 1122 816 1165 γὰρ
836 1124 909 1154 εἰω-

259 1170 350 1205 outa
387 1183 449 1214 μοι
481 1167 628 1212 μαντικὴ
665 1165 682 1208 ›7‘
710 1173 790 1200 τοῦ
816 1169 908 1200 dat—

259 1218 431 1261 μονίου.
491 1214 623 1248 Deinde
670 1214 779 1246 rarior
826 1224 908 1246 usus

260 1264 458 1297 vocularum
483 1274 522 1293 τε
546 1261 603 1292 καί
621 1259 722 1292 facile
739 1260 909 1293 librarium

262 1320 304 1342 eo
331 1309 443 1351 potuit
467 1306 649 1344 deducere
676 1310 715 1337 ut
738 1305 777 1337 τὸ
806 1307 910 1338 omit-

261 1355 402 1387 tendum
430 1356 576 1395 putaret.
626 1350 696 1383 Sed
723 1361 780 1383 eas
805 1352 910 1384 iuter-

262 1401 344 1433 dum
379 1400 425 1432 ibi
459 1408 596 1440 quoque
620 1397 719 1440 poni,
755 1398 812 1429 ubi
843 1406 909 1429 non

264 1446 399 1479 diversa
445 1449 645 1481 nectuntur⁷
694 1444 824 1474 monuit
864 1443 908 1476 G.

262 1492 498 1525 Hermann.
525 1490 567 1522 ad
594 1487 756 1530 Sopliocl.
781 1489 908 1522 Electr.

261 1537 340 1572 873.
366 1537 399 1570 ἐξ
425 1538 510 1578 ἐμοῦ
538 1546 573 1566 τε
598 1533 679 1566 κούκ
703 1534 820 1566 ἄλλου,
851 1534 911 1565 Sic

263 1582 440 1616 Phaedon.
469 1593 501 1624 p.
530 1580 584 1615 68.
615 1580 653 1613 B.
684 1578 909 1621 ἀγανακτήσει

262 1641 299 1661 ’τε
325 1627 555 1668 ἀποθνήσκων
583 1625 638 1657 καὶ
672 1625 733 1657 οὐκ
764 1625 912 1667 ἄσμενος

263 1687 290 1707 ε
282 1675 349 1707 σιν
393 1673 541 1713 αὐτόσε,
599 1672 658 1703 ubi
707 1671 910 1714 propediem

262 1722 359 1764 plura
397 1720 579 1752 dabimus!
618 1718 668 1749 De
693 1717 840 1759 Republ,
866 1716 910 1749 X.

264 1765 383 1810 Ρ.602.
399 1766 436 1797 B.
462 1769 534 1802 τοῖς
559 1762 695 1798 πολλοῖς
720 1775 756 1794 τε
776 1763 830 1794 καὶ
846 1775 911 1805 μη-

265 1813 320 1843 ὁὲν
344 1810 484 1845 εἰδόσιι.
512 1811 620 1850 Gorg.
643 1819 673 1850 p.
693 1807 771 1843 460.
790 1809 830 1842 D.
855 1807 913 1839 ἐὰν

266 1872 284 1890 ο
319 1856 448 1898 πυκτῆς
479 1869 520 1897 τῃ
551 1857 696 1898 nunnus]
721 1853 767 1896 μὴ
807 1854 913 1890 καλῶς

263 1904 394 1945 χρῆταί
417 1914 453 1934 τε
478 1914 536 1933 και
563 1899 678 1942 ἀδικῇ,
705 1900 760 1931 ubi
785 1910 816 1933 v.
835 1909 910 1932 ann.

266 1948 393 1983 Quidni
416 1948 520 1989 igitur
549 1946 614 1977 iarn
643 1949 737 1977 reete
763 1945 911 1977 dicatur:

266 1994 550 2027 Daemonium
577 1991 720 2037 atque
740 1991 911 2032 signum

265 2039 368 2074 mihi
413 2039 652 2078 obtingere
699 2035 911 2068 solitum?

266 2086 331 2120 Fr.
380 2090 495 2117 tamen
544 2083 819 2115 Hermannus
869 2080 909 2112 τὸ

267 2137 346 2164 ante
371 2129 501 2167 εἰωθὸς
526 2134 687 2169 tanquam
712 2131 911 2169 suspectum

267 2178 364 2209 uncis
399 2176 559 2215 seclusit,
593 2174 753 2215 quoniam
787 2173 843 2204 ubi
868 2172 909 2204 τὸ

267 2221 437 2264 ὃαιμόνον
460 2224 610 2263 ponatur
632 2219 801 2258 absolute,
821 2229 912 2250 sem-

268 2278 330 2311 per
363 2271 499 2310 οημεῖον
537 2269 653 2298 mente
685 2263 913 2317 supplendum

269 2315 488 2354 relinquatur.
545 2313 580 2344 ln
614 2321 683 2352 quo
714 2312 786 2342 siro
812 2320 915 2351 prae-

271 2359 487 2391 stantissimo
524 2358 662 2390 mininie
688 2357 915 2395 assentimur-3

270 2405 347 2437 talis
378 2405 465 2436 euim
508 2403 636 2445 ellipsis
680 2404 771 2434 nullo
815 2404 915 2444 pacto

269 2449 410 2482 ferenda
435 2449 549 2482 fuerit.

316 2494 383 2526 ἀεὶ
428 2495 472 2526 δέ
508 2506 556 2535 με
596 2493 773 2532 ἐπίσχει
811 2490 830 2523 δ’
868 2491 917 2524 ἂν

269 2541 408 2583 μέλλω
438 2539 659 2580 πράττειν
695 2539 761 2581 -]
801 2539 914 2572 Quum

270 2587 434 2619 Socrates
461 2585 552 2627 apud
571 2585 754 2617 Platonem
782 2584 917 2626 saepius

272 2632 474 2674 profiteatur
518 2641 556 2664 se
585 2641 603 2661 a
636 2629 816 2662 daemonio
851 2640 914 2662 suo

272 2688 292 2710 a
331 2677 536 2711 facinoribus
585 2675 722 2709 retineri
770 2680 915 2715 tantum,

975 904 1147 935 nunquam
1190 892 1232 925 ad
1274 892 1399 934 aliquid
1431 892 1624 935 suscipien-

975 940 1052 973 dum
1084 940 1231 982 impelli,
1276 939 1377 971 veluti
1409 938 1553 972 Tlneaet.
1590 949 1622 980 p.

977 986 1051 1020 151.
1072 987 1116 1018 A.
1144 985 1244 1020 ἐνίοις
1267 987 1326 1025 μὲν
1354 984 1393 1016 τὸ
1422 983 1625 1026 γιγνόμενόν

973 1043 1034 1074 μοι
1059 1029 1243 1073 δαιμόνιον
1260 1029 1450 1062 ἀποκωλύει
1468 1031 1624 1070 ξυνεῖναι,

975 1078 1076 1113 ἐνίοις
1113 1078 1145 1109 δὲ
1178 1078 1216 1121 ἐᾷ
1248 1075 1444 1118 (videlicet,
1486 1075 1625 1117 quando

976 1128 1089 1164 tacet,
1116 1127 1153 1155 ut
1178 1126 1273 1155 certe
1302 1132 1368 1154 non
1396 1122 1438 1154 de
1463 1121 1625 1154 cohorta-

976 1170 1070 1201 tione
1102 1174 1160 1200 aut
1185 1168 1407 1209 instigatione
1439 1168 1551 1208 aliqua
1576 1169 1621 1199 sit

977 1214 1235 1256 cogitandum),
1270 1215 1415 1255 Apolog.
1441 1224 1474 1255 p.
1501 1213 1555 1248 31.
1584 1213 1624 1247 D.

977 1259 1109 1302 Theag.
1136 1271 1169 1302 p.
1199 1258 1272 1293 128.
1300 1260 1347 1300 D,
1384 1259 1457 1301 ipsa
1483 1264 1625 1292 senten-

977 1307 1023 1338 tia
1058 1316 1119 1347 per
1151 1316 1189 1338 se
1224 1305 1301 1337 nihil
1328 1305 1453 1337 habere
1478 1305 1624 1345 videtur,

977 1352 1067 1393 quod
1102 1351 1169 1383 vitii
1211 1351 1439 1393 suspicionem
1474 1355 1624 1383 moveat.

977 1397 1061 1430 lllud
1096 1407 1179 1429 vero
1208 1407 1312 1439 aegre
1345 1398 1495 1428 tulerunt
1532 1396 1626 1429 docti

977 1444 1056 1484 viri,
1082 1442 1172 1485 quod
1199 1454 1238 1475 ea
1269 1443 1378 1474 minus
1404 1442 1541 1475 definite
1570 1453 1628 1475 es-

978 1494 1032 1521 set
1073 1489 1259 1521 enuntiata.
1322 1488 1410 1521 Nam
1451 1487 1546 1529 quod
1580 1488 1628 1520 ait

979 1535 1164 1575 Socrates,
1197 1544 1334 1576 semper
1368 1544 1406 1566 se
1446 1534 1503 1566 illo
1528 1535 1627 1575 signo

980 1580 1166 1620 deterreri,
1201 1579 1364 1622 quidquid
1390 1579 1543 1611 facturus
1568 1579 1626 1615 sit,

979 1627 1079 1658 facile
1127 1626 1247 1667 aliquis
1297 1630 1556 1667 argumentetur
1597 1625 1627 1657 ei

979 1672 1161 1704 daemonio
1187 1672 1390 1713 obsequenti
1420 1671 1495 1703 nihil
1527 1672 1628 1713 plane

979 1718 1092 1750 facere
1125 1718 1270 1751 licuisse.
1330 1720 1440 1758 Atque
1479 1727 1518 1749 ea
1553 1717 1627 1758 ipsa

979 1773 1098 1795 caussa
1125 1762 1200 1802 fuit,
1228 1758 1290 1795 chr
1314 1761 1546 1796 Heindorf.
1571 1766 1627 1794 to-

979 1813 1051 1841 tum
1078 1808 1140 1840 hoc
1156 1808 1439 1848 additamentum,
1467 1812 1627 1849 tauquam

980 1865 1022 1887 ex
1047 1854 1196 1896 Apolog.
1222 1866 1255 1896 p.
1281 1854 1336 1888 31.
1365 1854 1402 1885 D.
1434 1852 1498 1885 huc
1513 1858 1626 1885 trans-

979 1901 1102 1939 latum,
1130 1899 1310 1933 delendum
1336 1899 1511 1933 iudicaret.
1561 1900 1627 1931 At·

982 1946 1157 1978 enimvero
1198 1956 1264 1978 non
1296 1950 1364 1978 tam
1401 1945 1513 1986 inepta
1548 1954 1628 1976 zen-

981 1992 1087 2024 tentia
1109 1995 1173 2031 est,
1199 2002 1301 2033 quam
1332 1991 1443 2033 primo
1462 1990 1628 2032 adspectu

981 2037 1125 2070 videtur.
1182 2037 1270 2070 Nam
1301 2036 1357 2068 ἀεί
1390 2040 1546 2075 constat,
1592 2040 1629 2068 ut

982 2082 1059 2117 Lat.
1098 2093 1298 2126 semper,
1337 2082 1438 2114 etiam
1489 2081 1630 2114 relative

982 2128 1071 2168 dici,
1104 2132 1142 2160 ut
1172 2127 1381 2170 respondeat
1412 2131 1530 2159 nostro
1569 2127 1628 2168 je-

980 2173 1164 2213 desmal,·
1202 2174 1235 2207 id
1270 2172 1363 2215 quod
1397 2173 1461 2204 iam
1497 2173 1631 2204 monuit

985 2220 1284 2252 Buttmannus.
1336 2218 1388 2250 Ex
1413 2228 1480 2260 quo
1507 2228 1628 2250 conse-

982 2276 1088 2307 quens
1122 2270 1192 2305 est,
1224 2270 1261 2297 ut
1290 2274 1353 2307 per
1385 2274 1422 2296 se
1454 2264 1554 2296 facile
1579 2264 1630 2296 in-

983 2312 1157 2351 telligatur
1194 2309 1279 2342 ὁ’ταν
1320 2312 1465 2352 γένηται.
1525 2308 1629 2343 Quod

983 2361 1100 2388 autem
1127 2356 1272 2397 additur,
1300 2354 1320 2387 b*
1338 2356 1379 2386 ἅν
1394 2355 1503 2398 μέλλω
1519 2354 1631 2395 πράτ-

983 2414 1066 2440 τειν,
1093 2401 1219 2434 dictum
1246 2407 1299 2434 est
1323 2401 1387 2434 hoc
1411 2402 1525 2443 paullo
1551 2411 1630 2441 gra-

984 2449 1061 2479 vius
1086 2458 1146 2488 pro
1177 2447 1232 2478 ἐάν
1257 2461 1291 2479 τι,
1318 2447 1424 2490 μέλλω
1450 2445 1629 2487 πράττειν,

984 2503 1048 2524 usu
1080 2492 1166 2525 haud
1195 2493 1418 2534 infrequenti,
1445 2502 1549 2533 quem
1575 2496 1628 2522 te-

983 2539 1120 2580 tigimus
1147 2539 1188 2571 ad
1217 2538 1448 2580 Eutliyphron.
1479 2536 1560 2578 p.3.
1589 2536 1629 2569 C.

983 2584 1100 2625 ltaque
1132 2589 1261 2616 tantum
1295 2585 1410 2623 abest,
1450 2587 1487 2614 ut
1523 2582 1629 2614 verba

984 2630 1081 2662 nimis
1116 2630 1287 2663 indefinita
1314 2629 1399 2668 sint,
1424 2632 1461 2660 ut
1486 2631 1629 2670 propter

983 2676 1085 2718 ipsam
1112 2676 1159 2709 rei
1185 2680 1340 2709 naturam
1359 2673 1552 2707 necessario
1578 2673 1628 2704 sic
