1687 2969
202 252 238 294 (2

282 143 332 181 1ss
766 138 1145 183 PLATONIS

376 255 484 299 ΣΩ.
543 239 658 312 Οὔκ,
694 255 805 300 ἀλλὰ
839 255 1046 302 κάτωθεν
1083 256 1192 302 ὅσον
1229 256 1294 301 δύ’
1333 256 1360 313 ἢ
1397 264 1496 320 τρία
1521 259 1627 305 στοὶ·

277 327 366 381 δια,
402 318 428 385 ἧ
465 320 576 380 πρὸς
610 321 660 368 τὸ
697 326 774 378 τῆς
795 321 960 382 ’‘Aypocg·
993 327 1301 382 ὃιαβαίνομεν·
1333 330 1408 370 καί
1438 326 1524 372 πού
1561 345 1628 380 τις

273 396 361 436 ἔστι
389 388 538 448 βωμὸς
571 389 745 435 αὐτόθι
779 392 967 448 Βορέου

380 457 643 521 ‘DAI.()1’J
677 456 794 502 πάνυ
830 459 1044 513 νενόηκα·
1082 457 1184 501 ἀλλ’
1227 463 1330 514 εἰπέ,
1364 458 1476 516 πρὸς
1507 460 1626 516 Διός,

272 520 304 569 ὦ
344 525 593 585 Σώκρατες,
629 523 680 568 συ
717 527 848 570 τοῦτο
886 524 934 570 τὸ
959 523 1262 583 μυθολόγημα
1284 530 1434 571 πείθει
1454 527 1629 582 ἀληθὲς

269 594 409 647 aivam

371 659 482 721 Cap.
521 656 605 702 IV.
673 658 780 702 ΣΩ.
847 657 963 702 Ἀλλ’
1013 665 1046 703 εὶ
1091 658 1354 716 ἀπιστοίην,
1401 659 1541 720 ὥςπερ
1586 668 1629 708 οἱ

270 732 420 808 σοφοί,
462 726 543 772 οὐκ
577 722 635 769 ἀν
671 722 844 777 ἄτοπος
878 726 992 779 εἵην·
1030 728 1123 771 εἶτα
1163 726 1454 788 σοφιζόμενος
1488 733 1628 788 φαίην

270 793 410 849 αὐτην
443 794 615 849 πνεῦμα
650 793 823 850 Βορέου
859 791 972 836 κατὰ
1008 796 1095 838 τῶν
1130 796 1317 848 πλησίον
1341 798 1511 854 πετρῶν
1545 794 1627 842 σὺν

273 865 538 921 Φαρμακείᾳ
572 861 817 912 παίζουσαν
852 853 984 912 ὦσαι,
1021 864 1094 905 καὶ
1132 860 1246 904 οὕτω
1283 859 1336 915 δη
1372 862 1628 917 τελευτήσα-

363 993 402 1026 C.
440 990 488 1024 τὸ
516 995 592 1032 τῆς
612 991 789 1034 ’Ἀγρας]
816 992 874 1024 Sic
892 992 991 1027 Bodl.
1007 1003 1057 1036 pr.
1076 1003 1120 1026 m.
1149 991 1509 1026 AAEHDEFGT
1526 998 1560 1027 et
1575 1004 1626 1037 pr.

271 1039 298 1071 Β
319 1038 412 1071 Flor.
427 1049 461 1079 g.
474 1038 493 1070 i.
508 1037 606 1072 Vind.
622 1038 733 1073 1.3.7.
759 1048 835 1070 cum
863 1038 1008 1071 Timaeo
1034 1040 1150 1073 GlosS.
1169 1050 1201 1081 p.
1218 1039 1295 1074 223.
1315 1040 1507 1075 Grammat.
1533 1040 1627 1074 Bek-

266 1085 339 1119 ker.
351 1084 479 1117 Anecd.
488 1083 530 1118 T.
543 1084 567 1118 Ι.
584 1095 616 1127 p.
633 1084 711 1119 526.
741 1083 903 1126 Stephan.
922 1084 1096 1129 Ἀγραίας,
1127 1089 1163 1117 ut
1191 1085 1224 1117 in
1249 1084 1350 1119 Bodl
1376 1085 1516 1128 aliisque
1540 1096 1625 1120 non·

267 1131 365 1165 nullis
391 1140 480 1163 corr.

360 1191 385 1209 ω
409 1175 662 1219 Σώκρατες,
690 1173 738 1207 σι)
766 1186 902 1207 τουτο
929 1173 975 1206 τὸ
1005 1174 1316 1217 p.]Stepl1.naz
1339 1189 1377 1208 συ
1407 1190 1438 1208 τ.
1462 1189 1491 1210 τ.
1497 1176 1624 1218 ‚quod

268 1226 405 1266 praeter
429 1221 524 1254 Flor.
549 1233 579 1254 a.
606 1226 641 1255 et
666 1221 694 1254 E
719 1222 828 1254 nullus
857 1221 939 1253 liber
963 1224 1087 1254 tuetur.
1138 1221 1243 1263 lgitur
1266 1221 1336 1253 καὶ
1361 1232 1437 1254 curn
1465 1223 1624 1256 Bekkero

267 1268 467 1302 delevimus.
516 1267 651 1311 Quippe
675 1281 721 1299 συ
751 1267 874 1300 fortius
898 1266 1195 1308 pronuntiandum

291 1360 329 1394 C.
357 1362 374 1400 ,ἡ
403 1370 483 1402 προ
501 1357 574 1396 ςτό
595 1362 670 1400 τῆς
683 1357 909 1400 ’Ἄγρας-1

267 1406 469 1447 Intelligitur
486 1407 648 1447 templum
669 1405 806 1445 Dianae,
821 1413 911 1446 quae

262 1453 317 1485 vel
343 1451 447 1493 ’Ἀγρα
480 1452 532 1483 vel
554 1450 700 1493 Ἀγραία
725 1451 777 1482 vel
807 1451 909 1483 etiam

258 1497 441 1541 Ἀγροτέρα
473 1498 642 1540 appellata
688 1500 740 1528 est
778 1506 796 1528 a
831 1498 909 1529 loco

263 1545 422 1584 Atticae,
456 1544 510 1575 nbi
536 1543 727 1581 colebatur,
763 1542 814 1574 cui
848 1551 910 1573 no-

264 1600 342 1623 men
380 1592 454 1622 erat
482 1587 590 1631 Αγριι
628 1591 680 1622 vel
700 1587 841 1630 Ἄγραι,
875 1592 911 1619 ut

264 1635 382 1668 docuit
412 1633 638 1669 Ruhnken.
677 1633 719 1667 ad
753 1634 842 1667 Tim.
879 1643 911 1674 p.

262 1680 341 1716 223.
400 1680 601 1713 Siebelis
637 1680 681 1713 ad
719 1678 910 1712 Philochori

262 1727 402 1770 Fragm.
424 1735 456 1765 p.
483 1726 537 1760 88.
572 1729 606 1759 et
628 1726 670 1758 ad
697 1724 908 1758 Phanodem.

262 1773 400 1815 Fragm.
415 1772 500 1814 p.29
514 1783 588 1814 sqq.
638 1772 689 1805 De
706 1772 836 1804 omisso
862 1772 908 1801 ἱε-

263 1818 325 1862 ρόν
350 1829 380 1853 v.
401 1820 455 1850 Va
470 1819 480 1849 l
494 1819 541 1850 cl<
555 1828 616 1852 en.
634 1818 762 1860 Opuse
779 1817 851 1848 Vol.
867 1815 909 1849 ll.

261 1864 380 1907 p.295.
391 1864 444 1897 ed.
458 1864 551 1906 Lips.
563 1864 763 1896 Lectionem
774 1863 910 1905 Ἄγρας,

262 1920 363 1952 quam
389 1910 505 1942 habuit
530 1909 629 1942 etiam
656 1908 909 1940 Grammaticus

260 1957 294 1988 in
332 1955 521 1988 Bekkeri
560 1954 725 1987 Anecdot.
752 1953 793 1987 T.
822 1953 844 1986 l.
875 1964 907 1995 p.

260 2000 352 2042 326.‚
365 2000 500 2034 abunde
525 2000 710 2033 tuebuntur
728 2009 814 2041 quae
835 2000 908 2031 rol-

260 2049 351 2081 lecta
384 2047 526 2080 suntin
560 2045 775 2087 Stephani
803 2043 905 2077 Thes.

258 2093 302 2128 T
312 2094 336 2127 l
363 2104 382 2126 a
401 2104 433 2136 p.
442 2092 590 2135 713sqq.
607 2091 660 2125 ed.
679 2091 806 2133 Anglic.

305 2177 330 2194 ω
315 2160 447 2205 α’ςπερ
473 2162 512 2192 οἱ
537 2161 685 2202 σοφοί]
712 2158 817 2192 Notat
835 2156 906 2200 phi-

258 2207 424 2250 losophos
453 2211 486 2240 et
511 2206 680 2248 sophistas
697 2205 826 2237 fabulas
845 2202 906 2235 ἆλ-

258 2256 447 2297 ληγορικῶς
465 2254 744 2294 interpretantes:
772 2260 837 2292 qua
863 2249 905 2282 de

256 2310 295 2332 re
307 2299 545 2332 videannotat.
556 2298 600 2330 ad
614 2295 904 2339 Relp.11.p.379.

256 2346 298 2379 D.
323 2346 399 2379 coll.
419 2344 654 2377 Lobeckio
681 2340 903 2386 Aglaopham.

257 2390 300 2425 T.
313 2392 336 2425 Ι.
350 2401 382 2433 p.
396 2391 457 2425 155
471 2400 546 2431 sqq.

302 2457 403 2489 εἶτα
436 2455 745 2500 σοφιζόμενος
771 2456 904 2500 φαίην

254 2502 392 2544 αὐτήν
425 2502 488 2545 -]
533 2503 627 2535 Istud
663 2504 769 2545 φαίην
801 2506 901 2545 puta-

253 2553 331 2582 runt
354 2547 398 2579 ἂν
428 2549 491 2580 sibi
516 2548 670 2581 additum
697 2549 899 2591 deposcere,

254 2595 328 2627 sive
354 2593 436 2626 illud
463 2594 505 2626 de
523 2595 719 2627 coniectura
737 2594 901 2627 adiicien—

254 2641 334 2673 dum
372 2640 444 2672 sive
477 2649 520 2672 ex
553 2640 764 2682 antegressis
799 2649 901 2682 repe-

253 2685 393 2720 tendum
420 2685 473 2719 sit.
522 2685 591 2718 Alii
618 2687 806 2728 optativum
826 2695 898 2717 me-

256 2743 328 2766 ram
347 2730 539 2774 opinionem
560 2730 741 2774 designare
754 2741 896 2765 censue-

977 1361 1075 1398 runt,
1117 1368 1219 1399 quam
1263 1358 1422 1400 loquendi
1457 1359 1623 1392 rationem

977 1404 1155 1435 illustravit
1180 1404 1223 1437 G.
1262 1404 1495 1438 Hermann.
1528 1405 1624 1447 Opu-

978 1449 1255 1491 scul.lV.p.159.
1291 1450 1406 1490 Falso,
1431 1454 1468 1482 ut
1491 1450 1623 1494 opinor.

978 1495 1051 1527 lmo
1070 1496 1244 1537 optativus
1263 1498 1411 1537 ponitur,
1438 1496 1515 1538 quia
1541 1495 1625 1530 haec

977 1551 1113 1582 quoque
1155 1551 1196 1573 cx
1239 1541 1454 1574 antecedenti
1486 1541 1516 1573 εἰ
1548 1552 1624 1574 sus-

978 1596 1084 1629 pensa
1109 1590 1207 1628 sunt,
1234 1586 1298 1619 hoc
1323 1597 1442 1622 sensu:
1479 1587 1524 1620 Si
1550 1587 1624 1620 du-

978 1632 1197 1673 bitarem,
1223 1633 1359 1665 sicuti
1383 1633 1623 1675 sapientes,

979 1688 1062 1710 non
1089 1678 1277 1721 ineptus
1308 1688 1475 1720 essem,
1508 1679 1542 1711 si
1567 1679 1624 1711 ni-

979 1724 1132 1756 mirum
1179 1723 1337 1757 deinde
1377 1734 1499 1767 argu
1519 1725 1623 1757 tiis

978 1773 1112 1802 utens
1156 1769 1344 1803 dicerem
1380 1774 1446 1803 etc.
1501 1771 1623 1812 Itaque

978 1819 1031 1847 est
1056 1814 1139 1847 haec
1162 1816 1259 1856 quasi
1295 1815 1463 1858 quaedam
1495 1826 1623 1858 epexe-

978 1861 1082 1902 gesis,
1109 1870 1196 1901 quae
1213 1861 1255 1893 ad
1280 1861 1433 1902 protasin
1458 1862 1622 1894 enuntiati

976 1904 1184 1947 hypothetici
1203 1907 1362 1948 pertinet.
1411 1907 1514 1942 Quod
1541 1917 1622 1940 vero

977 1951 1112 1983 additur
1137 1950 1198 1983 σὺν
1215 1954 1429 1995 Φαρμακείᾳ,
1456 1952 1623 1986 Pharma-

977 2007 1037 2029 eea
1071 1996 1174 2030 Naias
1207 1998 1427 2041 intelligitur,
1474 1995 1517 2032 de
1555 2008 1622 2041 qua

976 2042 1139 2075 Timaeus
1180 2044 1296 2078 Gloss.
1331 2056 1362 2087 p.
1397 2043 1474 2079 268.
1535 2043 1622 2077 Nam

976 2088 1185 2121 Pharmacea
1234 2100 1379 2122 nomen*
1409 2090 1512 2122 fontis
1546 2089 1622 2129 fuit‚

977 2133 1067 2166 unde
1103 2135 1206 2167 etiam
1238 2135 1383 2179 nympha
1415 2145 1539 2168 nomen
1565 2145 1623 2168 ac-

975 2180 1086 2222 cepit,
1126 2184 1162 2212 ut
1201 2181 1358 2214 solebant
1388 2185 1523 2214 veteres
1557 2179 1621 2212 diis

973 2226 1165 2258 fluvialibus
1190 2226 1309 2259 eadem
1328 2231 1429 2268 atque
1447 2227 1530 2269 ipsis
1556 2227 1622 2259 flu-

973 2272 1034 2303 viis
1071 2273 1206 2303 nomina
1239 2272 1425 2314 imponere.
1449 2298 1454 2305 .
1476 2272 1528 2305 Ex
1552 2281 1621 2314 quo

973 2321 1115 2359 apparet
1135 2327 1270 2350 summo
1288 2319 1358 2350 iure
1381 2317 1619 2351 Heindorfium

973 2362 1144 2404 sprevisse
1200 2363 1325 2405 Heynii
1373 2364 1619 2404 coniecturam,

972 2418 1037 2450 qua
1071 2407 1113 2439 ad
1152 2408 1312 2450 Apollod.
1345 2408 1387 2441 Τ.
1414 2410 1454 2443 ΙΙ.
1481 2420 1513 2452 p.
1540 2409 1618 2444 854.

971 2453 1026 2485 ἐπὶ
1060 2455 1261 2497 Φαρμάκείᾳ
1297 2455 1512 2488 scribendum
1542 2465 1620 2488 esse

971 2499 1105 2533 statuit.
1132 2519 1176 2523 —
1229 2499 1521 2541 ἀνάρπαστον
1557 2513 1619 2543 γε-

967 2547 1168 2587 γονέναι,
1215 2550 1348 2588 raptu
1392 2547 1618 2579 sublatam

969 2600 1104 2692 estslffi¹
1111 2601 1141 2623 v.
1168 2591 1351 2625 Dorvill.
1378 2592 1421 2624 ad
1444 2590 1617 2626 Chariton.

1014 2680 1033 2721 ἢ
1058 2682 1097 2717 ἐξ
1119 2680 1295 2738 Ἀρείου
1316 2701 1359 2706 —-
1382 2679 1617 2727 ἡρπασθη]
1653 2723 1655 2726 Υ

970 2727 1019 2759 Ad
1047 2726 1068 2767 ἦ
1094 2727 1126 2763 ἒξ
1148 2726 1282 2771 Ἀρείοι
1305 2726 1416 2771 πάγου
1443 2727 1547 2760 intell.
1574 2737 1617 2760 ex
