1687 2969
435 175 677 214 GORGIAS.
708 176 751 213 P.
785 179 875 213 506.
909 175 1000 213 507.
1032 176 1090 214 ed.
1123 177 1178 214 St.
1412 177 1487 213 277

149 287 234 325 τῶν
278 286 438 334 ὄντι-ον,-
474 280 657 338 ”Εμοιγε
704 285 829 325 δοκεῖ.
899 284 983 325 Καὶ
1034 283 1147 338 ψυχὴ
1197 287 1278 337 άρα
1330 285 1491 338 κόσμον

147 349 302 404 ἔχουσα
339 349 416 391 τὸν
455 349 607 404 ἑαυτῆς
647 346 832 403 ἀμείνων
870 356 942 403 τῆς
980 346 1249 404 άκοσμήτους
1286 347 1489 403 Ἀνάγκη.

142 414 275 456 Ἀλλὰ
315 414 401 469 μὴν
436 415 463 469 ἥ
500 430 546 468 γε
583 417 744 469 κόσμον
782 413 935 469 ἔχουσα
976 417 1154 468 κοσμίας
1197 418 1298 464 Πῶς
1326 415 1407 468 γὰρ
1439 416 1490 456 οὐ

146 480 305 535 μέλλει,-
338 476 398 521 Ἡ
428 480 472 521 δέ
511 495 555 534 γε
595 483 748 535 κοσμία
788 477 999 533 σώφρωνς
1040 479 1185 534 Πολλὴ
1215 482 1390 535 ἀνάγκη.
1439 475 1496 521 Ἡ
1522 485 1600 525 507

146 550 229 600 ἄρα
268 548 454 599 σώφρων
493 545 608 600 ψυχὴ
648 548 804 601 άγαθή
866 543 984 599 Εγὼ
1026 546 1102 597 μὲν
1143 547 1222 587 οὐκ
1262 545 1339 600 ἔχω
1377 546 1491 621 παρὰ

145 619 278 653 ταῦτα
313 614 419 653 ἄλλα
456 615 613 665 φάναι,
655 615 688 653 ω
728 614 821 664 φίλε
853 612 1124 660 Καλλίκλεις·
1167 612 1219 652 συ
1248 608 1284 653 δ’
1314 612 1348 652 εἰ
1376 610 1491 665 ἔχεις,

144 679 325 719 δίδασκε.
383 679 517 718 ΚΑΛ.
559 672 669 731 A5y',
701 679 734 719 ὡ
764 676 894 731 ’γαθέ
951 680 1046 718 ΣΩ.
1086 676 1209 730 Λέγω
1238 677 1302 731 δη,
1345 677 1418 726 ὅτι,
1458 678 1493 718 εἰ

144 744 172 798 ἦ
209 744 395 796 σώφρων
432 743 576 797 άγαθή
606 742 744 792 ἐστιν,
784 760 808 797 η
838 744 1094 784 τούναντίον
1123 759 1171 798 τη
1202 740 1397 796 σώφρονι
1425 757 1492 784 πε-

144 812 338 851 πονθυῖα
358 810 466 862 κακή
490 807 614 850 ἐστιν.
643 805 697 862 ἧν
722 809 765 850 δὲ
796 808 900 861 αὕτη
929 809 956 863 ἡ
984 812 1137 862 ἄφρων
1165 824 1209 850 τε
1238 808 1305 850 καὶ
1336 809 1491 850 άκόλα-

145 885 264 925 στος,·
298 875 426 916 Πάνυ
456 888 511 927 γε.
571 874 657 915 Καὶ
687 873 773 928 μὴν
803 874 824 914 ὅ
854 889 900 927 γε
930 876 1116 928 σώφρων
1145 875 1195 916 τὰ
1224 877 1494 929 προςήκοντα

144 941 321 993 πράττοι
360 939 415 981 ἃν
451 939 519 980 καὶ
561 938 656 992 περὶ
695 940 825 989 θεοὺς
864 940 934 981 καὶ
971 940 1065 993 περὶ
1104 941 1387 993 άνθρώπουςς
1442 941 1494 981 οὐ

146 1007 227 1059 γὰρ
257 1005 311 1047 ἂν
339 1009 563 1058 σωφρονοῖ
588 1005 638 1047 τὰ
667 1006 723 1059 μὴ
754 1007 1022 1060 προςήκοντα
1049 1007 1269 1059 πράττων,·
1301 1001 1492 1059 Ἀνάγκη

143 1068 262 1114 ταῦτ’
305 1067 413 1112 εἶναι
454 1070 579 1113 οὕτω.
648 1072 733 1112 Καὶ
772 1072 858 1125 μὴν
897 1069 990 1122 περὶ
1027 1070 1104 1123 μὲν
1144 1072 1405 1124 ἀνθρώπους
1444 1071 1494 1112 τὰ

144 1138 412 1191 προςήκοντα
452 1138 649 1188 πράττων
690 1138 813 1178 δίκαι’
843 1136 897 1176 ἂν
924 1137 1127 1188 πράττοι,
1167 1137 1262 1190 περὶ
1291 1137 1333 1178 ὁὲ
1363 1133 1495 1186 θεοὺς
1525 1142 1561 1184 Β

145 1203 263 1243 ὅσια·
306 1204 381 1243 τὸν
420 1202 464 1243 δὲ
501 1201 551 1243 τὰ
580 1202 721 1243 δίκαια
750 1201 820 1242 καὶ
849 1201 944 1242 ὅσια
973 1203 1212 1253 πράττοντα
1242 1203 1405 1257 άνάγκη
1435 1204 1492 1244 ὀί-

143 1283 267 1309 καιου
302 1268 371 1309 καὶ
416 1263 538 1308 ὅσιον
574 1263 705 1314 &vam
737 1262 865 1307 ''E6n
908 1272 1052 1308 ταῦτα.
1114 1269 1198 1309 Καὶ
1237 1268 1314 1322 μὲν
1342 1267 1392 1323 δὴ
1423 1269 1491 1310 καὶ

143 1334 341 1387 α’νδρεῐόν
369 1347 415 1386 γε
444 1333 633 1387 ἀνάγκης
663 1333 715 1374 οὐ
744 1332 825 1386 γὰρ
855 1331 906 1386 δι’]
937 1334 1163 1385 σώφρονος
1192 1334 1349 1386 άνὸρός
1381 1333 1494 1375 ἐστιν

145 1402 242 1440 οὔτε
284 1399 451 1440 διώκειν
489 1401 585 1439 οὔτε
626 1399 801 1451 φεύγειν
841 1400 866 1438 ἃ
907 1396 963 1453 μὴ
994 1400 1217 1452 προςήκει,
1259 1402 1347 1441 ἀλλ’
1378 1403 1403 1440 ἃ
1432 1402 1494 1441 ὀεῑ

143 1463 214 1506 καὶ
261 1465 486 1517 πράγματα
535 1463 604 1505 καὶ
643 1460 908 1516 ἀνθρώπους
945 1463 1014 1505 καὶ
1052 1465 1211 1518 ἡδονὰς
1249 1464 1318 1506 καὶ
1356 1466 1491 1514 λύπας

209 1599 251 1630 Ρ.
275 1597 351 1631 507.
400 1596 512 1639 παρὰ
538 1597 665 1629 ταῦτα
690 1595 804 1640 ἄλλα]
832 1599 911 1638 περὶ
937 1598 988 1630 ed.
1013 1599 1090 1632 Bas.
1117 1598 1147 1631 2.

212 1663 375 1707 ἄφρων
407 1677 447 1697 τε
479 1665 546 1696 καὶ
582 1663 835 1708 ἀκόλαστος]

455 1711 545 1742 Dein
564 1711 666 1742 vind.
691 1710 721 1743 6.
753 1711 844 1743 Flor.
866 1722 898 1742 x.
927 1715 1140 1753 σωφρονοίη.
1178 1712 1243 1744 Sed
1268 1723 1330 1744 nec
1354 1713 1493 1744 alteram

145 1712 223 1743 Par.
247 1712 286 1743 E.
311 1714 412 1745 tenet.

144 1757 288 1788 formam
318 1757 442 1788 Atticis
473 1757 722 1797 infrequentem
757 1768 830 1788 esse
862 1762 1002 1790 constat.
1036 1768 1067 1787 v.
1099 1758 1190 1789 infra

873 1666 913 1696 V.
940 1666 993 1696 καὶ
1023 1663 1041 1708 ἡ
1066 1664 1137 1703 cin„
1172 1667 1263 1708 quod
1296 1667 1390 1699 solus
1424 1668 1493 1699 fere

1221 1769 1252 1800 p.
1277 1756 1353 1790 510.
1388 1759 1424 1790 C.
1450 1759 1492 1790 D.

144 1801 218 1835 520.
236 1803 276 1834 E.
308 1803 360 1833 De
377 1803 459 1843 Rep.
483 1800 558 1834 557.
579 1803 621 1833 D.
656 1803 742 1834 conf.
773 1802 936 1834 Valcken.
967 1802 1010 1833 ad
1033 1802 1212 1845 Hippolyt.
1237 1814 1269 1845 p.
1294 1802 1369 1836 220.
1395 1809 1428 1836 et
1452 1804 1491 1836 de

142 1847 286 1880 Platone
311 1847 506 1879 Schneider.
531 1847 573 1879 ad
597 1848 714 1889 Remp.
741 1848 780 1878 T.
806 1848 831 1878 I.
856 1858 888 1889 p.
914 1845 966 1879 77.

207 1916 246 1947 B.
293 1912 377 1947 ἀλλ’
403 1913 424 1946 ἃ
450 1914 538 1956 δεῖ]
565 1914 662 1946 Libri
687 1911 768 1946 ἀλλὰ
795 1914 856 1954 δεῖ,
883 1915 973 1957 quod
998 1915 1193 1947 emendavit
1217 1915 1395 1948 Heindorf.

140 2038 247 2071 schol.
273 2037 461 2076 ἐντεῦθεν,
494 2039 624 2080 inquit,
656 2037 674 2070 ὁ
703 2038 778 2071 Σω-

141 2082 266 2126 κράτης
291 2083 402 2127 ἐαυτῷ
427 2081 659 2124 ἀποκρίνεται.

185 2130 228 2161 D.
283 2127 330 2161 οὐ
372 2132 423 2172 τῷ
465 2129 561 2171 εἰκῇ
599 2129 648 2172 κ.]
697 2141 778 2161 non

139 2175 333 2207 fortuito
383 2179 509 2215 atque
556 2184 675 2214 casu,
723 2176 779 2206 eui

140 2221 323 2262 opponitur
356 2219 477 2252 deinde
510 2217 600 2260 τάξει
629 2220 684 2252 καὶ
717 2218 777 2259 ὀρ-

141 2264 258 2319 θὶότηῑι
282 2266 336 2296 καὶ
363 2265 468 2307 τέχνῃ.
492 2266 582 2297 Phil.
596 2276 644 2318 p
655 2264 709 2297 28.
726 2266 778 2296 D:

141 2308 201 2352 τὴν
231 2314 291 2342 τοῦ
320 2308 448 2353 ἀλόγου
480 2310 534 2342 καὶ
567 2310 644 2352 εικῆ
676 2309 778 2342 δον-α

141 2367 209 2395 μιν.
248 2356 337 2387 Tim.
365 2367 398 2398 p.
422 2354 476 2388 34.
502 2355 547 2388 C.
584 2354 777 2396 μετέχοντες

142 2405 200 2432 τοῦ
233 2399 482 2442 προςτυχόντος
515 2403 569 2433 καὶ
604 2401 690 2443 εικῆ.
739 2402 777 2432 In

140 2446 286 2487 Sophist.
311 2457 342 2487 p.
367 2445 444 2479 225.
468 2447 507 2478 Β.
539 2429 776 2478 scribendum:

140 2491 215 2532 εἰκῇ
248 2489 287 2522 δὲ
316 2492 370 2523 καὶ
404 2489 549 2533 ἀτέχνως
582 2493 661 2533 περὶ
696 2489 776 2523 αὐτὸ

142 2534 327 2577 πράττεται.
373 2536 515 2578 Legitur
547 2539 637 2569 enim
674 2538 776 2579 vulgo

138 2591 315 2623 perperam
340 2579 498 2622 α’τεχιως.
531 2582 688 2615 Ceterum
706 2582 777 2614 Co-

139 2637 233 2658 raes
273 2627 481 2668 suffragante
516 2627 776 2673 Hirsohigio

139 2670 293 2703 κάλλιστα
353 2667 607 2705 eliminandum
653 2677 778 2712 censet,

139 2717 230 2759 quod
244 2722 359 2749 tamen
375 2728 417 2749 ex
437 2728 475 2750 eo
501 2723 653 2761 paratam
676 2718 778 2750 habet

849 2039 1106 2079 defensionem,
1140 2040 1229 2081 quod
1263 2038 1367 2083 ἀρετή
1391 2041 1490 2074 modo

848 2085 1015 2116 latissimo
1063 2096 1166 2117 sensu
1206 2085 1298 2117 dicta
1339 2091 1406 2126 est,
1453 2091 1491 2118 ut

849 2131 951 2162 etiam
977 2129 1079 2162 rebus
1103 2132 1148 2161 sit
1172 2132 1345 2163 attributa.

893 2176 931 2206 P.
958 2174 1033 2208 507.
1082 2173 1195 2216 παρὰ
1229 2180 1354 2208 ταῦτα
1388 2174 1488 2209 ἄλλα

851 2219 1011 2273 φάιαι]
1060 2221 1234 2253 Phaedon
1265 2233 1297 2263 p.
1332 2221 1406 2254 107.
1439 2224 1486 2254 A:

848 2262 980 2297 0i5n011
1003 2285 1046 2289 —-
1077 2266 1139 2307 ἔχω
1166 2264 1259 2307 παρὰ
1283 2270 1385 2298 ταῦτα
1408 2265 1486 2299 ἄλλο

849 2323 875 2342 τι
899 2310 1019 2364 λέγειι,
1044 2312 1104 2342 ubi
1128 2323 1158 2342 v.
1181 2317 1297 2343 annot.

892 2357 929 2388 B.
978 2353 1061 2388 ἀλλ’
1094 2354 1114 2388 ὁὶ
1147 2356 1219 2389 δεῖ
1239 2358 1309 2389 καὶ
1338 2370 1397 2399 πρ.
1424 2359 1488 2402 -]

847 2402 962 2440 „Inter
992 2401 1079 2433 alias
1103 2405 1346 2445 temperantiae
1372 2404 1490 2436 defini-

846 2447 957 2478 tiones
1004 2447 1165 2480 tiibuitur
1208 2449 1292 2481 haee
1331 2450 1487 2481 Platoni:

847 2492 933 2532 ἐξι5,
972 2490 1050 2523 καθ’
1084 2491 1127 2534 ἣι
1161 2491 1179 2525 ὁ
1205 2495 1292 2535 ἔχων
1316 2495 1487 2538 αῇιξετικός

847 2536 915 2568 ἐστι
956 2538 1010 2568 καὶ
1053 2535 1274 2581 εὐλαβητικὸ5
1317 2541 1368 2571 ώι
1411 2539 1485 2582 χρή,

846 2582 1198 2626 Aristotelesque
1235 2585 1271 2616 in
1310 2585 1383 2626 ipso
1419 2586 1485 2617 fine

845 2627 921 2658 libr.
937 2628 996 2660 III.
1009 2628 1086 2660 Eth.
1103 2630 1235 2663 Nieom.
1249 2630 1333 2661 haee
1347 2629 1484 2662 scribit:

847 2672 1016 2712 ἐπιθυμεῖ
1045 2671 1061 2706 ὁ
1092 2674 1248 2715 animem
1274 2675 1328 2706 τόν
1353 2675 1409 2707 δεῖ
1429 2676 1484 2707 καὶ

847 2729 893 2751 ως
918 2717 975 2750 δεῖ
995 2731 1050 2751 και
1076 2718 1151 2752 ὅτε]
1154 2720 1363 2752 'ROUTH.
