1687 2969
295 108 349 148 8ss
788 105 1163 149 PLATONIS

395 222 507 282 Cap.
537 219 714 264 XXIV.
755 223 877 279 Ψυχὴ
902 225 1021 266 πᾶσα
1042 223 1295 273 ἀθάνατος.
1324 223 1373 267 τὸ
1400 223 1482 280 γὰρ
1509 223 1643 267 ἀεικί-

297 306 434 342 νητον
467 287 733 332 ἀθάνατον·
769 289 820 332 τὸ
858 290 895 332 δ’
940 289 1050 334 ἄλλο
1088 292 1238 333 κινοῦν
1273 293 1344 333 καὶ
1380 288 1453 334 ὑπ’
1501 288 1640 334 ἄλλου

297 356 570 413 κινούμενον,
607 349 781 399 παῦλάν
815 360 913 413 ἔχον
949 356 1167 410 κινήσεως,
1205 358 1380 400 παῦλαν
1414 361 1496 413 ἔχει
1519 359 1642 410 ζωῆς.

296 424 436 480 μόνον
470 423 522 476 δὴ
557 421 606 466 τὸ
641 421 750 466 αὐτὸ
789 427 954 480 κινοῦν,
991 423 1069 467 ἅτε
1104 423 1182 467 οὐκ
1218 423 1464 467 ἀπολεῖπον
1499 424 1643 474 ἑαυτό,

299 489 351 534 οὔ
385 508 490 534 ποτε
527 490 643 543 λήγει
679 490 954 546 κινούμενον.
991 489 1105 534 ἀλλὰ
1145 494 1216 534 καὶ
1249 499 1339 541 τοῖς
1373 490 1523 541 ἄλλοις
1559 490 1642 534 ὅσα

215 559 257 601 D
298 568 477 602 κινεῖται
515 560 649 600 τοῦτο
686 556 802 612 πηγὴ
839 563 911 601 καὶ
945 557 1058 615 ἀρχὴ
1094 558 1307 610 κινήσεως.
1344 556 1457 613 ἁρχὴ
1481 560 1524 600 δὲ
1545 556 1645 613 ἀγὲ-

298 642 448 678 νητον.
482 625 525 678 ἐξ
559 624 696 680 ἀρχῆς
739 624 822 678 γὰρ
869 625 1041 680 ἀνάγκη
1077 628 1168 668 πᾶν
1202 624 1250 668 τὸ
1287 623 1546 681 γιγνόμενον
1580 629 1646 680 yi-

295 696 499 749 γνεσθαι,
534 690 675 742 αὐτὴν
710 693 755 734 δὲ
788 692 888 747 μηδ’
931 693 974 745 ἐξ
1006 691 1124 743 ἑνός’
1158 698 1193 735 εὶ
1228 691 1313 748 γὰρ
1349 697 1393 735 ἔκ
1424 709 1502 735 του
1527 690 1640 749 ἀρχὴ

294 763 502 815 γίγνοιτο,
537 757 615 801 οὐκ
639 755 696 800 ἂν
717 758 760 810 ἐξ
782 757 921 816 ἀρχῆς
944 763 1155 815 γίγνοιτο.
1192 757 1336 811 ἐπειδὴ
1367 762 1410 802 δὲ
1432 758 1644 815 ἀγένητόν

384 890 423 924 C.
471 890 582 943 tpyxr}
617 893 728 923 πᾶσα
759 889 853 932 siff]
903 890 952 922 lta
982 889 1082 923 codd.
1117 890 1187 922 sere
1221 890 1263 922 ad
1295 900 1395 923 unum
1432 900 1564 925 omnes,
1602 891 1641 924 V.

290 936 394 967 Πᾶσα
418 945 526 977 ψυχη.

386 993 426 1027 Ι).
474 991 550 1024 οὐκ
572 990 622 1023 ἂν
646 993 683 1027 ἐξ
708 991 843 1036 ἀρχῆς
868 992 1093 1034 γίγνοιτο]
1122 992 1218 1024 vind.
1244 992 1276 1025 4.
1306 992 1369 1024 οὐκ
1394 990 1435 1023 ὃν
1460 991 1579 1035 ἀρχὴν,
1605 997 1644 1025 ut

294 1039 451 1072 Muretus
476 1038 630 1072 coniecit.

383 1095 430 1127 τι)
459 1094 565 1127 αὐτὸ
597 1093 705 1126 αὐτὸ
734 1095 904 1137 κινοῦν]
932 1093 1016 1126 αὗῖᾶ
1046 1105 1152 1134 nuper
1176 1105 1217 1127 ex
1244 1095 1345 1127 codd.
1368 1095 1524 1127 accessit.

382 1155 421 1187 E,
471 1151 610 1184 πᾶσάν
652 1164 695 1183 τε
733 1152 925 1195 γένεσιν]
962 1152 1051 1186 Vett.
1084 1151 1180 1186 editt.
1214 1155 1296 1194 γῆν,
1340 1151 1431 1194 quod
1464 1157 1576 1185 exstat
1609 1153 1641 1185 in

291 1210 396 1243 marg.
421 1198 512 1232 Flor.
537 1209 566 1231 a.
594 1210 621 1231 ‹·.

381 1256 449 1288 καὶ
481 1253 536 1298 μή
569 1266 645 1286 ποτ
662 1268 674 1285 ε
708 1251 756 1286 αὖ
772 1258 844 1292 θις
868 1255 1002 1297 ἔχειν]
1030 1255 1140 1297 Vulgo
1166 1260 1245 1297 post
1270 1255 1356 1296 ἔχειν
1381 1255 1562 1297 repetitum
1588 1261 1641 1288 est

335 1368 457 1410 Ψυχή
517 1371 629 1400 πᾶσα
677 1366 928 1410 ἀθάνατος]

290 1416 449 1448 Latinum
475 1414 554 1446 fecit
580 1414 665 1446 liunc
693 1415 804 1446 locum
831 1413 929 1447 Tul-

290 1462 367 1495 lius
391 1461 576 1493 Tusculan.
602 1460 627 1491 l.
651 1458 706 1493 23.
729 1465 763 1492 et
788 1460 838 1492 De
855 1460 929 1492 Re-

287 1508 377 1550 publ.
405 1507 459 1541 Vl.
477 1506 531 1540 25.
548 1505 616 1544 26„
643 1505 737 1538 cuius
761 1506 928 1548 interpre-

285 1554 446 1586 tationem
482 1562 556 1584 cum
589 1551 723 1592 graecis
755 1551 928 1584 contendit

287 1602 376 1632 Ant.
430 1599 628 1631 Muretus
679 1597 772 1630 Varr.
816 1597 928 1629 Lectt.

285 1645 372 1678 Vlll.
400 1643 431 1678 3.
480 1642 573 1676 lstnd
605 1646 694 1673 πᾶσα
722 1642 817 1685 ψυχή
843 1644 922 1675 olim

284 1693 428 1724 multum
449 1689 659 1731 disputatum
684 1693 749 1727 est,
776 1699 853 1721 num
880 1688 923 1721 de

282 1737 421 1779 singulis
456 1735 575 1767 animis
614 1739 707 1766 esset
754 1735 924 1777 accipien—

281 1783 382 1822 dum,
430 1791 470 1814 an
519 1781 562 1812 de
603 1780 711 1812 anima
751 1781 922 1813 universa.

282 1829 381 1860 Prior
423 1826 586 1859 sententia
626 1826 750 1867 placuit
785 1826 923 1867 Harpo-

282 1874 446 1913 crationi‚
490 1872 531 1904 de
564 1881 632 1912 quo
667 1881 697 1904 v.
731 1871 923 1912 Wytten-

279 1919 397 1953 bach.
424 1918 466 1951 ad
485 1916 658 1950 Phaedon.
684 1917 804 1959 p.159.
852 1917 923 1948 Po-

279 1966 401 1997 sterior
426 1964 641 1996 defensorem
668 1968 764 1995 nacta
783 1967 835 1995 est
853 1962 922 1994 Po-

276 2012 443 2044 sidonium
461 2008 653 2047 Rhodium3
679 2018 709 2042 v.
731 2008 922 2041 Backius

273 2058 326 2090 De
371 2056 535 2089 Posidon.
587 2053 721 2086 Rhodio
768 2065 800 2096 p.
841 2053 919 2087 241.

273 2104 437 2145 Singulas
484 2101 612 2134 animas
652 2101 779 2142 pariter
818 2104 919 2141 atque

272 2150 464 2181 universam
504 2147 652 2179 animam
700 2145 918 2188 philosophus

271 2197 303 2228 in
330 2194 449 2227 eadem
477 2202 597 2225 caussa
622 2191 788 2224 intellexit
806 2192 914 2234 Legg.

270 2241 313 2275 X.
339 2252 371 2283 p.
396 2240 475 2274 896.
501 2239 529 2271 D
555 2246 629 2279 sqq.

314 2309 483 2342 παῦλαν
507 2310 596 2349 ἔχει
622 2307 745 2350 ζωῆς]
763 2306 915 2338 ΑΠ’θΓθΠε

269 2356 350 2388 llaec
379 2355 587 2388 Sclioliastes
610 2352 846 2394 Aristophanis
872 2351 914 2383 ad

266 2402 379 2435 Nubb.
421 2411 451 2432 V.
492 2399 729 2435 95.ΘΧΙ1ῙΙ)Εῐ
770 2397 915 2430 παῦλαν,

264 2449 335 2488 ἔχει
360 2448 430 2477 καὶ
454 2446 549 2487 ζωῆς,
578 2445 670 2486 quod
695 2454 755 2486 per
783 2454 820 2475 se
846 2453 911 2474 non

265 2493 447 2535 displicet,
482 2491 543 2525 sed
579 2501 596 2521 a
630 2490 808 2523 codicibus
833 2488 909 2521 nihil

264 2538 366 2572 habet
391 2536 707 2570 commendationis.

308 2610 441 2638 τοῦτο
470 2604 576 2647 πηγὴ
614 2604 686 2635 καὶ
708 2602 817 2644 ἀρχὴ
845 2616 904 2633 κι-

261 2651 441 2693 νήσεως]
470 2651 506 2684 V.
534 2650 574 2681 ad
601 2661 632 2692 p.
659 2649 735 2684 249-
765 2649 804 2682 C.
840 2649 904 2681 Ci-

260 2709 362 2731 cero
389 2699 406 2730 Ι,
433 2708 459 2728 «π
494 2696 592 2737 quin
626 2696 756 2728 etiam
785 2699 903 2727 cete·

998 1368 1082 1407 risi,
1125 1377 1232 1409 quae
1272 1372 1522 1407 moventur,
1563 1367 1640 1405 hic

997 1413 1117 1454 fons,
1143 1413 1223 1445 hoc
1249 1413 1521 1455 principium.

1043 1459 1083 1491 D.
1132 1457 1228 1501 μηδ’
1273 1459 1312 1494 ἐξ
1350 1457 1469 1500 ἑνός]
1513 1460 1639 1501 plane

996 1506 1115 1537 nulla
1145 1515 1195 1538 ex
1226 1514 1270 1537 re
1302 1505 1394 1538 alia.
1443 1504 1528 1537 Nam
1553 1505 1639 1546 μηδὲ

995 1546 1044 1587 εἷς
1083 1551 1267 1593 paullulum
1314 1549 1429 1583 differt
1466 1561 1484 1582 a
1513 1551 1638 1592 μηδείς.

996 1608 1026 1631 v.
1045 1596 1086 1628 ad
1106 1596 1286 1639 Rempubl.
1305 1607 1337 1638 p.
1353 1595 1430 1630 506.
1449 1597 1487 1629 A.
1507 1595 1638 1630 phaed.

992 1653 1024 1685 p.
1035 1642 1312 1686 72.D.Sympos.
1323 1653 1353 1685 p.
1373 1641 1585 1677 177.A.214.
1597 1642 1637 1676 D.

1037 1689 1071 1720 εἰ
1095 1687 1172 1732 γὰρ
1199 1690 1237 1720 ἔκ
1263 1686 1464 1731 τουτῖρχὴ
1488 1686 1637 1729 —-,013u

992 1754 1035 1758 —
1059 1733 1280 1776 γίγνοιτο]
1316 1734 1516 1766 Muretus
1550 1734 1570 1767 Ι.
1607 1744 1636 1768 c.

992 1781 1138 1813 coniecit
1175 1778 1237 1811 οὐκ
1263 1779 1304 1810 ἂν
1350 1778 1436 1820 ἀρχὴ
1488 1779 1635 1821 γένοιτο,

991 1827 1042 1858 vel
1082 1826 1195 1868 potius
1229 1826 1391 1868 γίγνοιτο.
1454 1825 1634 1857 Cicero:

990 1881 1069 1903 nec
1103 1871 1213 1903 enim
1249 1875 1369 1903 esset
1400 1869 1444 1902 id
1473 1870 1635 1912 princi-

991 1917 1121 1959 pium,
1176 1915 1313 1958 quod
1374 1916 1635 1957 gigneretur

990 1961 1181 1995 aliunde.
1211 1963 1485 1994 Buttmanno
1517 1962 1634 2004 place-

988 2008 1067 2040 bat:
1105 2006 1166 2040 οὐκ
1198 2007 1239 2039 ἂν
1271 2009 1334 2039 ἔτι
1363 2006 1449 2049 ἀρχὴ
1486 2013 1632 2049 γένοιτο,

987 2054 1076 2094 quod
1096 2054 1218 2095 legisse
1235 2053 1390 2086 videntur
1409 2052 1631 2086 lamblich.

987 2099 1113 2133 lntrod.
1135 2100 1167 2131 in
1182 2100 1314 2133 Nicom.
1332 2099 1480 2131 Arithm.
1496 2110 1528 2141 p.
1557 2100 1631 2132 111.

985 2144 1137 2178 Theod
1152 2149 1258 2179 oret.
1274 2145 1421 2186 Tlierap.
1442 2144 1482 2178 Il.
1502 2156 1533 2187 p.
1552 2144 1629 2179 504.

986 2194 1024 2225 A.
1084 2191 1154 2223 Sed
1199 2191 1295 2223 facile
1337 2191 1403 2222 isto
1435 2192 1498 2222 ἔτι
1534 2201 1632 2223 care-

983 2247 1056 2268 mus
1092 2247 1156 2269 nec
1187 2247 1272 2279 opus
1305 2241 1357 2268 est
1384 2244 1420 2267 ut
1452 2235 1515 2268 οὐκ
1540 2234 1626 2277 ἀρχὴ

983 2283 1159 2316 scribatur.
1232 2283 1381 2314 Docetur
1431 2283 1518 2314 enim
1578 2282 1629 2314 liis

983 2328 1114 2368 verbis,
1153 2329 1263 2360 solum
1308 2327 1510 2370 principium
1550 2338 1628 2360 esse

982 2373 1128 2415 ideoque
1166 2378 1261 2406 extra
1295 2374 1402 2416 ipsum
1429 2374 1626 2416 principium

982 2420 1107 2451 nullum
1166 2430 1269 2461 posse
1318 2420 1483 2460 cogitari,
1537 2419 1627 2451 unde

980 2465 1090 2506 ipsum
1118 2465 1286 2507 gignatur.
1336 2465 1446 2497 Recte
1472 2466 1538 2497 iam
1565 2463 1626 2501 Fi-

977 2510 1134 2547 cinus:
1170 2510 1447 2552 Principium
1483 2515 1625 2542 autem

976 2557 1075 2588 sine
1111 2562 1208 2589 ortu
1253 2562 1337 2596 θεῖς
1379 2567 1425 2588 ex
1462 2556 1625 2598 princi-

974 2602 1047 2644 pio
1075 2603 1187 2634 enim
1207 2612 1394 2634 necesse
1413 2607 1482 2634 est
1503 2602 1623 2643 quid-

972 2648 1070 2688 quid
1120 2655 1436 2691 generatur
1492 2648 1608 2679 o-riri

971 2693 1112 2735 ipsum
1169 2698 1316 2727 autem
1376 2704 1422 2724 vx
1485 2694 1612 2726 nullo
