1687 2969
539 168 579 172 —-
650 145 787 184 XXXIX
864 166 899 169 »ν

48 259 306 302 luxuriantis
337 259 498 315 ingenii
526 266 767 301 commento
786 258 1032 299 habeamus.
1093 255 1391 312 Repetendum

9 347 11 350 ι
53 319 165 359 enim
183 317 245 358 rei
272 316 478 358 iudicium
507 322 573 357 est
604 315 788 371 primum
818 315 871 356 ab
902 314 1095 356 honestis
1124 314 1208 354 illis
1239 312 1392 354 amori-

56 375 159 428 bus,
203 374 277 428 qui
306 374 419 415 inter
451 371 685 414 adultiores
723 379 766 413 et
795 371 1095 412 adolescentes
1128 371 1171 410 in
1203 368 1392 412 Graecia

53 431 184 487 vulgo
197 431 448 473 colebantur
458 430 616 484 quique
629 429 799 471 virtutis
824 428 960 470 civilis
974 425 1244 468 adiuvandae
1263 432 1392 480 atque

54 487 322 529 roborandae
340 487 478 544 gratia
496 485 686 542 suscepti
708 502 795 527 11011
824 484 952 526 modo
984 500 1071 525 non
1095 490 1243 539 turpes
1260 483 1392 524 habe-

54 545 224 598 bantur,
236 560 384 586 verum
402 543 529 585 etiam
542 543 727 599 publicis
738 542 908 598 legibus
924 541 1167 583 etmeribus
1179 555 1393 582 commen-

57 601 147 643 dati
172 608 215 642 et
239 600 438 657 permissi
459 606 601 646 erant:
635 599 686 641 de
707 600 862 654 quibus
882 604 1052 654 praeter
1071 598 1176 639 alios
1194 596 1394 638 consulas

56 657 262 699 Frider.
294 657 526 700 Iacobs:
568 658 811 698 Vermisclzte
843 658 1063 705 Schriften.
1105 654 1204 696 Vol.
1235 652 1321 695 ΙΠ.
1351 669 1393 707 p.

57 717 151 757 214.
172 729 266 770 sqq.
299 713 472 757 Otttr.
505 714 734 755 Miiller:
766 714 835 754 De
869 711 1169 754 Dorionsibus.
1200 710 1301 752 Vol.
1334 709 1393 752 II.

56 789 98 828 p.
130 773 224 814 290.
257 787 350 827 sqq.
382 771 556 812 Meier
587 771 629 812 in
660 770 832 812 Ersehii
864 776 904 811 et
935 768 1125 810 (ix-uberi
1153 767 1393 823 Eneyclop.

57 830 173 873 Sect.
203 829 287 870 III.
318 828 421 871 Vol.
451 827 536 870 IX.
568 845 609 884 p.
644 830 736 869 145).
769 843 863 881 sqq.
922 827 965 867 K
979 842 998 866 r
1011 841 1136 866 111150
1176 826 1218 866 in
1249 825 1393 880 Agon.

58 893 101 928 et
132 883 638 941 Gymnastic.‘'Graecor.
673 884 770 926 Vol.
802 884 862 925 ΙΙ.
893 900 933 938 p.
966 884 1061 924 943.
1094 898 1189 936 sqq.
1221 881 1395 922 Bern-

58 944 227 999 hardy
260 943 377 984 Hist.
407 941 536 984 litter.
568 941 724 983 Graec.
755 941 855 982 Vol.
889 941 921 982 I.
955 957 995 995 p.
1025 940 1093 980 42.
1126 954 1220 993 sqq.
1262 936 1395 979 Cra-

61 1015 164 1042 mer
197 1002 429 1040 Geschickte
459 1002 530 1039 des
569 1001 822 1039 Unterricfzts
850 1001 904 1038 im
923 999 1197 1037 Altertlmme.
1229 994 1328 1036 Vol.
1359 994 1394 1035 I.

60 1074 100 1113 p.
147 1058 237 1099 194.
277 1071 371 1110 sqq.
448 1056 541 1097 Nec
580 1071 681 1096 vero
714 1056 756 1095 in
797 1055 878 1095 hac
908 1069 1061 1095 caussa
1091 1050 1398 1108 negligendum

61 1119 127 1155 est
146 1113 386 1168 exemplum
407 1118 481 1153 aut
503 1111 711 1165 Socratis,
743 1112 816 1166 qui
841 1117 973 1152 artem
998 1110 1248 1151 amatoriam
1267 1107 1398 1164 profi-

60 1170 241 1223 tebatur,
276 1175 350 1210 aut
369 1168 758 1226 Pythagoreorum,
792 1183 973 1222 quorum
998 1166 1199 1207 sodalitia
1217 1165 1273 1206 ad
1302 1164 1398 1220 phi-

63 1225 317 1282 losophandi
348 1226 701 1267 consuetudinem
734 1230 978 1280 comparata
1011 1229 1152 1271 erant3
1195 1238 1219 1263 a
1241 1222 1397 1276 quibus

37 1284 166 1339 ,quid
203 1283 328 1325 Plato
369 1282 606 1338 profecisse
634 1281 857 1330 videatur,
906 1281 1056 1335 paucis
1087 1279 1400 1321 declaravimus

62 1342 104 1382 in
133 1341 337 1397 Prolegg.
370 1339 424 1380 ad
457 1339 732 1396 Symposium
763 1356 804 1394 p.
837 1337 1010 1379 LXIX.
1044 1352 1138 1391 sqq.
1166 1336 1231 1378 ed.
1265 1335 1398 1378 Goth.

61 1403 157 1439 tert.
190 1396 278 1440 Sed
306 1397 541 1438 clarissima
580 1397 652 1438 lux
683 1397 744 1436 rei
775 1396 913 1451 primo
945 1393 1155 1450 adspectu
1186 1394 1290 1435 satis
1320 1392 1398 1433 1111-

61 1454 184 1496 rabili
224 1453 493 1507 affundetur,
534 1454 608 1495 ubi
640 1453 887 1509 diligentius
919 1450 1268 1508 perpenderimus
1299 1449 1400 1491 Pla-

63 1511 176 1553 tonis
225 1510 277 1552 de
316 1509 423 1552 ideis
461 1511 737 1564 sententiam,
780 1525 907 1564 quain
951 1509 1023 1563 qui
1062 1524 1149 1549 non
1183 1506 1401 1563 percepis-

63 1574 183 1622 sent,
230 1568 375 1609 111100
414 1567 507 1609 fieri
547 1567 691 1623 potuit
739 1567 841 1621 quin
888 1565 1110 1607 doetrinae
1154 1563 1403 1620 philosophi

63 1640 212 1681 parum
237 1624 363 1678 aequi
397 1629 439 1665 et
457 1624 600 1666 idonei
628 1623 793 1665 iudices
823 1624 1067 1664 existerent.
1126 1620 1403 1676 Quapropter

65 1697 116 1723 ea
146 1681 198 1722 de
228 1697 273 1722 re
304 1696 516 1737 exponere
548 1696 634 1722 11011
670 1697 693 1721 11
724 1680 946 1736 proposito
977 1679 1160 1719 alienum
1188 1684 1403 1733 putamus.

66 1738 227 1782 Statuit
263 1738 396 1794 igitur
434 1739 584 1791 Plato,
625 1746 907 1793 posteaquam
948 1737 1131 1777 certiora
1170 1733 1403 1789 aliquando

66 1801 196 1850 atque
239 1794 427 1836 firmiora
476 1796 637 1836 iecerat
685 1794 904 1836 doctrinae
954 1808 1057 1834 suae
1109 1792 1402 1844 fundamenta,

65 1851 373 1908 praeeuntibus
418 1851 697 1905 Parmenide,
728 1850 1018 1906 Empedocle,
1059 1849 1180 1903 aliis,
1222 1863 1404 1903 quorum

67 1908 306 1951 doctrinam
346 1908 400 1950 ad
430 1925 549 1950 51111111
579 1908 920 1950 accommodavit
950 1908 1171 1960 rationem,
1199 1904 1405 1947 mundum

68 1981 163 2008 esse
201 1973 419 2020 tamquam
450 1965 681 2021 duplicem,
714 1966 893 2007 alterum
922 1964 1141 2017 idearum,
1184 1963 1258 2018 qui
1288 1977 1404 2004 com-

67 2023 326 2078 plecteretur
363 2029 558 2064 aeternas
596 2038 737 2063 rerum
776 2023 966 2078 species,
1011 2021 1100 2062 sive
1132 2020 1272 2073 ideas,
1315 2034 1401 2059 una

71 2085 234 2121 tantum
264 2085 404 2121 mente
434 2079 856 2135 comprehensibiles,
890 2079 1086 2121 sensibus
1119 2093 1204 2118 non
1235 2076 1402 2118 subiec-

70 2141 159 2190 tas,
203 2151 309 2191 quas
340 2136 512 2191 quidem
541 2136 712 2178 videtur
741 2136 1005 2177 intellexisse
1039 2140 1233 2175 aeternas
1263 2133 1402 2174 numi-

70 2193 136 2234 nis
176 2192 309 2234 divini
348 2193 633 2250 cogitationes
663 2209 804 2235 rerum
835 2193 1023 2235 omnium
1059 2191 1144 2232 vim
1175 2196 1218 2231 et
1246 2189 1403 2231 verita-

73 2254 158 2290 tem
188 2250 233 2291 in
264 2266 309 2292 se
364 2251 650 2303 continentes,
693 2266 874 2305 quarum
904 2248 1034 2290 animi
1081 2244 1402 2302 quodammodo

74 2312 251 2361 possent
285 2307 380 2348 fieri
418 2308 649 2364 participes
690 2308 758 2348 vel
800 2321 1002 2361 capaces3
1043 2305 1223 2346 alterum
1265 2318 1406 2345 rerum

76 2361 439 2418 adspectabilium,
472 2365 546 2419 qui
576 2363 631 2405 ad
658 2363 940 2420 intelligibilis
979 2361 1127 2403 mundi
1168 2360 1407 2416 exemplum

76 2424 193 2460 esset
221 2421 480 2477 compositus
509 2428 552 2463 et
572 2422 878 2463 conformatus.
937 2419 997 2460 Et
1026 2418 1086 2459 1111
1106 2417 1280 2474 quidem
1307 2431 1408 2472 pro-

76 2475 216 2531 prium
254 2477 404 2519 tribuit
440 2479 546 2532 hoc,
588 2477 706 2532 quod
737 2478 917 2519 haberet
948 2491 1021 2530 ea,
1054 2491 1164 2530 quae
1196 2479 1405 2530 perpetuo

76 2531 120 2574 vi
159 2547 236 2574 sua
266 2540 526 2588 constarent,
559 2535 819 2592 sempiterna
850 2539 1017 2586 essent,
1059 2547 1138 2574 nec
1173 2531 1305 2572 ullam
1333 2545 1412 2570 un-

80 2603 209 2643 quam
233 2589 426 2632 subirent
455 2598 631 2633 naturae
654 2607 756 2633 suae
780 2590 1073 2643 mutationem,
1107 2604 1217 2644 quae
1239 2585 1414 2629 vocavit

77 2645 133 2688 τὰ
163 2644 284 2696 ὄντα,
315 2644 368 2688 τὰ
393 2646 528 2698 ὅντως
560 2656 689 2699 ovrcc,
719 2648 786 2690 vel
816 2647 865 2689 τά
890 2647 1074 2698 άληθῶς
1093 2646 1211 2688 ὄντα.
1269 2643 1412 2686 Huius

82 2709 223 2745 autem
263 2719 359 2745 011111
399 2704 620 2747 Heraclito
662 2721 753 2747 eam
794 2704 1003 2746 rationem
1054 2701 1258 2744 indicavit
1299 2713 1411 2750 esse,
