1687 2969
254 182 332 216 322
803 179 1067 218 PLATONIS‘

215 281 222 294 ³
253 288 373 329 δοκεῖ
396 289 443 329 τὸ
472 291 645 341 σημεῖον
674 283 805 335 εἶναι,
848 288 881 328 εἰ
910 284 956 329 εὖ
985 288 1165 341 ποιήσας
1193 287 1353 340 ταύτην
1379 286 1458 342 τὴν
1485 288 1599 339 εὐερ-

141 414 220 456 521
257 417 266 430 ⁷

254 354 398 406 γεσίαυ
428 354 515 394 ἀντ’
547 349 592 393 εὖ
619 353 826 393 πείσεται·
856 353 891 393 εἰ
919 353 962 394 δὲ
991 354 1062 406 μή,
1094 355 1157 393 οὔ.
1188 350 1273 393 ἔστι
1300 359 1436 393 ταῦτα
1465 353 1605 401 οὕτως

254 416 424 472 ἔχοντα,
457 420 590 459 ΚΑΛ.
610 414 776 458 ”Εστιν.
817 420 914 458 ΣΩ.
938 416 1043 459 Ἐπὶ
1071 415 1257 468 ποτέραν
1285 413 1365 458 οὖν
1393 432 1443 471 με
1472 432 1603 469 παρα-

252 487 392 532 καλεῖς
433 482 512 537 τὴν
540 484 773 535 θεραπείαν
811 490 884 536 τῆς
923 484 1106 531 πόλεως;
1147 483 1337 535 διόρισόν
1375 498 1467 536 μοι·
1526 482 1606 537 τὴν

254 556 330 589 τοῦ
360 550 637 602 διαμάχεσθαι
661 544 931 601 Ἀθηναίοις,
962 547 1077 596 ὅπως
1106 549 1161 595 ὡς
1191 546 1397 599 βέλτιστοι
1424 548 1605 594 ἔσονται,

255 614 310 662 ὡς
341 615 511 666 ἰατρόν,
550 614 576 667 ἢ
617 614 673 662 ὡς
713 614 1023 667 διακονήσοντα
1062 613 1131 654 καὶ
1171 614 1292 666 πρὸς’
1314 614 1437 666 χάριν
1466 613 1606 667 ὁμιλή-

255 689 408 728 σοντα,·
461 679 635 733 Τάληθῆ
673 695 745 732 μοι
776 678 885 728 εἰπέ,

929 679 1177 726 Καλλίκλεις
1192 693 1198 699 ·

1241 678 1402 727 δίκαιος
1431 678 1512 732 γὰρ
1558 675 1606 729 εἷ,

322 825 358 855 P.
384 823 460 858 521.
489 821 562 866 τὴν
586 823 867 865 θεραπείαν]
896 821 956 866 τὴν
981 834 1045 855 0111.
1059 823 1146 855 Ven.
1165 823 1203 855 Ξ.
1217 834 1266 866 pr.
1291 827 1324 856 et
1349 823 1390 855 Σ.
1407 823 1512 856 Vind.
1527 822 1558 856 2.
1577 822 1607 855 7.

260 871 334 901 Par.
359 870 399 900 V.
425 871 564 901 Meerm.
589 868 680 901 Flor.
705 880 731 900 c.
756 869 815 900 sed
839 880 871 901 v.
897 869 1056 910 explieat.

324 914 439 951 εἰπέ,
478 914 539 946 Ka
552 914 760 957 λλίκλεις]

256 959 346 1002 quod
370 960 497 1002 recepit
520 959 710 991 Bekkerus.

256 1091 484 1126 ἀντευποιεῖν.
535 1093 601 1126 Sed
624 1094 660 1125 hi
685 1093 751 1124 sibi
775 1103 894 1135 parum

258 1144 434 1179 constant,
474 1140 600 1181 quippe
638 1140 698 1181 qui
736 1138 895 1180 deinceps

257 1196 374 1218 omnes
398 1192 531 1240 praeter
555 1185 645 1216 Flor.
671 1184 702 1216 d.
727 1190 759 1215 et
776 1185 897 1215 Venet.

261 1232 297 1263 Ξ.
339 1228 410 1262 dzz'
452 1242 491 1262 ει
537 1233 686 1261 πείσεται
733 1230 896 1271 scriptum

258 1275 454 1308 exhibeant.
498 1275 715 1307 Dirimendas
741 1286 814 1306 esse
839 1285 897 1306 vo-

259 1333 313 1353 ees
339 1322 422 1353 satis
451 1321 573 1353 docent
604 1321 697 1364 leges
732 1331 897 1374 gramma-

258 1368 356 1398 ticae.
405 1367 494 1398 Nam
528 1365 562 1398 τὸ
596 1366 635 1398 εί
662 1366 716 1397 καὶ
752 1363 788 1397 τὰ
824 1376 896 1396 στε-

261 1409 376 1453 ρητικὰ
408 1410 510 1451 μόρια
547 1422 615 1443 non
650 1417 899 1452 componuntur

259 1468 337 1489 eum
362 1458 474 1488 verbis
505 1457 706 1498 primitivis,
738 1456 796 1488 sed
820 1466 899 1488 cum

259 1502 456 1534 nominibus
489 1509 522 1534 et
555 1502 666 1533 verbis
701 1501 781 1533 inde
814 1501 899 1532 deri-

260 1549 358 1580 vatis.
413 1549 530 1589 Itaque
562 1552 651 1579 recte
684 1547 809 1578 dicitur
843 1544 899 1577 εὖ·

261 1592 418 1636 α’)γελος,
455 1600 545 1624 lecte
570 1594 672 1624 etiam
696 1590 898 1634 εὐαγγελέω,

261 1638 352 1680 quod
382 1639 423 1669 ab
454 1638 514 1670 illo
546 1638 646 1669 fluxit
676 1642 850 1679 tamquam
882 1646 903 1667 a

260 1685 354 1716 fonte
380 1694 458 1723 suo;
484 1681 674 1726 eriayye'ssco
699 1687 810 1715 autem
835 1692 902 1713 me-

261 1730 325 1761 rito
373 1728 557 1761 barbarum
612 1734 778 1760 censetur.
833 1726 901 1758 vid.

262 1774 492 1806 Schaeferi
534 1773 662 1805 Melett.
704 1774 777 1805 crit.
807 1783 839 1814 p.
871 1772 901 1804 6.

263 1824 296 1851 et
326 1831 357 1861 p.
391 1818 443 1852 68.
504 1820 599 1859 Quae
632 1820 661 1850 si
691 1830 772 1850 v·e1a
811 1823 902 1857 sunt,

262 1876 305 1897 ne
329 1862 549 1896 ἀντευποιεῖν
581 1864 717 1906 quidem
749 1868 807 1895 aut
840 1860 901 1894 dr-

263 1909 467 1951 τειπάσχειι·
504 1909 577 1941 11110
624 1909 724 1941 modo
763 1908 903 1940 feoenda

264 1960 360 1995 sunt,
399 1965 510 1997 neque
548 1959 639 1987 recte
675 1955 737 1986 has
776 1954 903 1985 formas

264 2006 393 2033 tutatus
431 2005 482 2032 est
518 2001 812 2032 Buttmannus
845 1999 902 2030 Gr.

265 2047 367 2088 ampl.
393 2047 431 2077 T.
457 2046 500 2077 ΙΙ.
526 2046 561 2076 Ρ.
589 2046 631 2076 ΙΙ.
655 2057 687 2087 p.
713 2043 810 2084 361.‚
844 2044 904 2085 qui

265 2093 313 2124 ita
337 2092 490 2133 scripsit:
516 2091 630 2131 „deun
653 2102 688 2122 so
711 2100 904 2121 zusammen

264 2149 305 2169 zu.
336 2136 523 2175 sela-eima,
557 2135 647 2175 hier,
681 2147 728 2167 wo
761 2145 794 2167 es
822 2135 906 2176 ylatt

265 2182 338 2214 uml
375 2181 471 2214 leiclzt
503 2181 686 2223 ye.9chieht,
726 2191 816 2212 mass
851 2180 905 2211 die

270 2228 384 2259 Ναίιιν
423 2228 483 2258 der
522 2226 739 2269 Priiposition
782 2225 904 2257 (larcle-

267 2279 372 2304 setzen
417 2272 559 2303 Ῑεὸηηεη.
629 2272 762 2313 Quippe
809 2270 905 2301 nulla

267 2328 405 2359 prorsus
428 2317 691 2359 praepositionis
716 2317 767 2347 vis
794 2320 846 2347 est
868 2316 904 2346 in

267 2363 413 2402 talibus,
457 2372 569 2404 neque
608 2362 707 2393 video
746 2371 906 2392 caussam

267 2408 390 2447 ullam,
428 2417 489 2439 eur
528 2407 750 2448 scriptoribus
783 2407 906 2437 Atticis

267 2454 303 2484 iu
321 2451 516 2484 huiusmodi
532 2453 649 2484 formis
668 2463 686 2484 a
705 2451 906 2494 vulgaribus

269 2499 407 2540 linguae
438 2497 573 2539 legibus
611 2497 714 2529 fuerit
749 2496 906 2529 receden-

270 2544 370 2583 dum,
413 2553 518 2584 quum
560 2542 602 2573 iis
641 2548 786 2574 tmeseos
823 2552 906 2573 usus

269 2589 533 2630 haudquaquam
566 2588 764 2629 incognitus
794 2587 906 2618 fuerit.

270 2645 301 2666 v.
327 2634 595 2665 Schaeferus
626 2633 648 2663 1.
683 2643 710 2664 c.
743 2631 785 2664 ad
817 2632 907 2664 Lon-

269 2690 351 2721 gum
375 2689 406 2720 p.
431 2677 509 2711 417.
531 2677 574 2709 ad
598 2677 818 2709 Demosthen.
856 2678 906 2709 De

271 2725 434 2756 Cherson.
466 2734 498 2765 p.
523 2722 597 2756 105.
624 2722 676 2755 26.
709 2723 744 2754 in
769 2723 907 2764 Leptin.

812 909 839 946 ὦ
879 920 960 946 ante
1002 915 1197 947 Καλλίκλεις
1236 914 1365 946 addunt
1394 914 1482 947 Ven.
1515 913 1607 952 ΞΣ.,

963 1104 995 1135 p.
1020 1091 1096 1126 476.
1121 1092 1176 1125 21.
1211 1092 1403 1125 Lobeck.
1435 1093 1479 1124 ad
1502 1092 1611 1135 Phry-

963 1138 1054 1170 nieh.
1078 1150 1108 1180 p.
1132 1137 1206 1171 620.
1226 1140 1372 1181 interpp.
1397 1138 1441 1170 ad
1467 1139 1607 1181 Gregor.

966 1184 1119 1215 Corinth.
1165 1195 1196 1226 p.
1240 1182 1316 1217 449.
1364 1185 1418 1216 As
1430 1184 1519 1216 tius
1566 1184 1610 1215 ad

964 1230 1071 1271 Legg.
1106 1240 1137 1271 p.
1172 1228 1224 1262 64.
1288 1230 1339 1260 Ac
1369 1233 1464 1261 tanto
1495 1229 1610 1260 minus

966 1275 1031 1306 hoe
1056 1274 1130 1306 loeo
1156 1275 1350 1316 scn'pserim
1375 1272 1606 1311 άιτειποιεῖν,

967 1320 1057 1361 quod
1080 1321 1195 1351 statim
1217 1320 1436 1361 subsequitur
1453 1320 1518 1352 εὐ
1508 1318 1610 1375 ποιή-

970 1375 1030 1397 aas
1055 1370 1087 1396 et
1106 1365 1261 1407 proxime
1288 1365 1463 1406 praecedit
1481 1359 1521 1396 εὖ
1546 1376 1608 1395 πα-

967 1408 1038 1442 θόν
1042 1422 1088 1441 τα.
1156 1410 1314 1442 Ceterum
1353 1409 1443 1451 quod
1482 1410 1610 1441 Hein-

968 1455 1133 1487 dorfius
1160 1456 1309 1487 coniecit.
1332 1455 1485 1506 adeoque
1513 1455 1611 1486 libris

968 1501 1086 1532 invitis
1119 1501 1155 1531 in
1187 1501 1341 1532 ordinem
1372 1500 1500 1542 recepit
1531 1499 1566 1531 εἰ
1590 1497 1607 1530 ὁ

969 1547 1009 1577 εὐ
1036 1543 1198 1588 ποιήσας,
1223 1545 1259 1577 id
1283 1557 1352 1578 non
1376 1556 1480 1588 opus,
1505 1555 1610 1586 quum

968 1592 1187 1633 participium
1225 1591 1370 1623 articulo
1411 1590 1610 1622 destitutum

972 1637 1022 1668 sic
1061 1636 1304 1678 explicandum
1347 1636 1407 1668 sit:
1456 1636 1613 1677 itaque

970 1682 1171 1724 pulcrum
1202 1682 1283 1714 hoc
1308 1681 1485 1712 videtur
1516 1691 1613 1712 esse

971 1727 1194 1766 indicium,
1220 1728 1267 1767 si,
1292 1727 1366 1758 ubi
1387 1727 1484 1768 quis
1506 1727 1613 1757 bene

971 1773 1095 1812 fecit,
1139 1772 1179 1803 ei
1226 1773 1307 1804 hoe
1345 1771 1613 1803 beneficium

971 1817 1188 1849 redditur.
1266 1816 1466 1849 Subiectum
1521 1817 1612 1849 enim

972 1864 1061 1895 inest
1084 1864 1120 1894 in
1145 1873 1177 1894 v.
1203 1865 1364 1894 πείσεται.

1017 1909 1054 1942 P.
1085 1906 1161 1940 521.
1209 1905 1297 1940 Ἐπὶ
1338 1905 1534 1947 ποτέραι
1570 1923 1612 1929 -

974 1951 1052 1999 τῂι
1076 1951 1337 2007 θεραπείαν]
1362 1952 1405 1983 Η.
1432 1961 1461 1983 e.
1487 1951 1613 1990 ποτέρα

973 2000 1040 2030 oriz
1071 1998 1165 2029 ἐστιι
1196 1995 1216 2039 ἦ
1249 1999 1439 2038 θεραπεια,
1479 1994 1536 2035 ἐφ’
1571 1994 1614 2037 ἧι

973 2055 1014 2082 ιιε
1039 2044 1266 2083 :taoazaielffi
1291 2042 1408 2084 Lysid.
1427 2053 1457 2084 p.
1475 2040 1553 2105 203.
1565 2042 1613 2072 B:

974 2087 1066 2129 παρὰ
1107 2091 1200 2122 tiras
1244 2100 1287 2119 το
1300 2100 1344 2121 υ
1387 2085 1471 2126 ὑμᾶς
1534 2086 1613 2118 Vid.

974 2134 1202 2166 Matthiae.
1238 2134 1294 2165 Gr.
1323 2134 1352 2172 §-
1377 2118 1453 2165 265.
1477 2099 1509 2164 4.
1535 2142 1613 2163 ann.

973 2184 1006 2212 et
1029 2189 1117 2220 quae
1148 2178 1271 2221 collegi
1302 2178 1345 2210 ad
1376 2177 1612 2219 Euthyphron.

999 2223 1080 2256 ,14.
1106 2225 1146 2256 Ε.
1173 2249 1211 2253 -
1238 2222 1314 2256 100.
1339 2223 1390 2256 ed.
1415 2223 1508 2264 Lips.
1550 2223 1615 2254 Te-

973 2280 1064 2302 mere
1115 2270 1323 2301 novissimus
1370 2268 1507 2300 criticus
1554 2265 1616 2309 τὴν

975 2314 1157 2348 articulum
1182 2314 1324 2356 expulit.

1020 2357 1092 2402 τὴι
1119 2363 1192 2391 τοῦ
1217 2356 1528 2400 διαμάχεσθαι]
1552 2357 1616 2389 Re-

974 2410 1071 2458 petas
1096 2404 1158 2436 ἐπι
1177 2415 1194 2436 e
1218 2403 1461 2446 superioribus

1020 2448 1039 2492 ἢ
1087 2447 1140 2481 ὥς
1188 2449 1343 2481 διακοι
1354 2448 1460 2491 ήσον
1470 2459 1514 2479 τα
1551 2445 1613 2489 -]

976 2494 1331 2536 Olympiodorus:
1384 2495 1515 2539 φῃσιᾋν
1560 2491 1609 2523 ὅτι

976 2539 1093 2582 βοίλει
1127 2551 1167 2578 με
1193 2537 1361 2571 διάκονοι
1393 2540 1484 2570 εἰιαι
1508 2535 1613 2588 Αθηη

979 2587 1086 2616 ιαίων
1109 2585 1163 2616 καὶ
1190 2584 1278 2630 πρὸς
1309 2582 1409 2626 χάριι
1434 2582 1560 2626 λέγειν,
1567 2587 1572 2590 ”
1594 2580 1613 2613 ὅ

976 2629 1055 2667 εστι,
1081 2628 1206 2661 κόλακα
1229 2625 1331 2662 ebat.

1021 2674 1158 2716 ὥςπερ
1187 2673 1302 2718 ἤρξω
1326 2670 1476 2715 παῤῥ.]
1505 2672 1556 2704 Cf.
1580 2682 1611 2713 p.

976 2719 1052 2753 487.
1077 2721 1121 2752 D.
