1687 2969
396 179 626 220 GORGIAS
633 210 641 218 .

671 181 715 219 P.
748 184 840 219 520.
875 182 968 219 521.
999 181 1057 219 ed.
1090 181 1146 220 St.

1381 184 1458 219 323

111 287 251 342 ὥςπερ
279 288 392 343 ἤρξω
422 288 785 343 παῤῥησιοὶζεσθαι
812 291 918 343 πρὸς
947 289 1030 344 ἐμὲ,
1060 290 1306 339 διατελεῖν“
1294 291 1319 330 c.>
1348 293 1462 339 νοεῖς

109 355 254 408 λέγων.
284 355 355 396 καὶ
382 361 464 396 νῦν
494 351 540 396 εὖ
568 355 638 396 καὶ
665 370 870 409 γενναιως
899 355 997 396 εἰπέ.

108 435 214 468 νυν,
262 419 325 460 ὅτι
377 421 434 469 ὡς
474 421 796 475 ὃιακονήσοντα.

597 489 863 537 παρακαλεῖς.

110 565 155 603 γε
183 549 307 604 ἥδιον
335 553 488 599 καλεῖν,
521 546 554 591 ὠ
585 552 833 603 Σώκρατες·

109 499 174 539 με,
204 480 237 526 ὦ
264 487 533 538 γενναιότατε
546 519 555 531 ,

1050 357 1186 396 ΚΑΛ.
1226 355 1349 409 Λέγω
1378 355 1460 396 τοί-

855 422 954 461 ΣΩ.
1011 422 1341 462 Κολακεύσοντα
1379 423 1461 473 ἄρα

923 488 1054 526 ΚΑΛ.
1098 487 1160 527 Εἴ
1197 497 1263 528 σοι
1303 487 1463 527 ,Μυσόν

875 551 931 600 ὡς
960 551 994 592 εἰ
1023 550 1079 604 μὴ
1109 553 1241 592 ταῦτα’
1270 566 1314 604 γε
1344 553 1461 605 ποιή-

109 625 195 665 σεις
226 640 270 644 -
302 617 402 656 ΣΩ.
434 616 514 668 Μὴ
545 616 664 670 εἴπῃς
693 614 715 657 ὃ
745 617 946 665 πολλάκις
976 617 1165 670 εἴρηκας,
1197 617 1260 658 ὅτι
1288 617 1459 658 α’ποκτε-

108 685 175 722 νεῖ
200 695 249 735 με
285 681 308 722 ὁ
337 682 624 735 βουλόμενος,
656 682 725 722 ἵνα
753 681 809 735 μὴ·
840 678 894 722 αὖ
923 682 992 722 καὶ
1023 680 1104 734 ἐγὼ
1135 682 1237 723 εἴπω
1256 716 1264 732 ,

1296 681 1359 723 ὅτι
1388 697 1460 723 πο-

174 826 214 857 Β.
263 826 325 858 Ei*
347 836 414 858 σοι
443 826 599 858 Μυσόι·
623 826 690 869 γε]
717 830 827 865 μισῶν
851 828 937 859 Ven.
965 826 1003 858 Σ.
1030 827 1132 859 Vind.
1157 826 1188 860 2.
1209 829 1333 859 —Pro
1359 826 1462 870 ἥδιον

108 872 184 904 Par.
210 871 264 903 W.

289 871 389 903 ἴδιοι.
404 873 537 903 —Pan
562 873 599 904 F.
626 874 750 904 καλῶι.
776 872 866 904 Flor.
893 884 935 904 m.
961 874 1080 906 nates..

1109 873 1213 907 Cois]
1239 875 1461 914 manualem

175 918 244 948 ἵνα
275 914 324 960 μή
356 917 406 949 αὐ
441 916 517 959 ἐγα
554 917 685 961 εἴπω]
735 918 775 950 V.
800 918 844 950 αι’
871 919 924 950 καὶ
953 917 1031 961 ἐγώ.
1066 918 1132 950 Sed
1158 920 1213 951 καὶ
1243 929 1321 951 cum
1346 919 1461 951 Clark.

108 962 186 997 vat
212 962 319 995 Coisl.
342 962 484 1005 plurimi
508 963 568 995 alii
593 974 657 995 om.

153 1091 201 1128 εὖ
226 1097 294 1128 καὶ
319 1096 553 1141 γενναίως]
580 1099 684 1130 bene
710 1103 751 1130 et

108 1142 406 1181 confidenter,
439 1143 552 1174 haud
584 1143 749 1176 timide.

107 1198 139 1219 v.
163 1187 207 1219 ad
209 1198 305 1230 pap.
330 1188 457 1221 XXXI.
483 1189 587 1231 Legg.
614 1199 645 1230 p.
671 1188 747 1221 618.

108 1232 154 1264 C·
180 1232 220 1265 εὑ
244 1233 300 1265 καὶ
327 1230 512 1273 ἀνδρείως
539 1235 597 1265 ΙΧ.
622 1245 654 1276 Ρ.
672 1233 747 1267 855.

108 1279 157 1310 A:
183 1279 224 1310 εὐ
240 1291 274 1311 τε
292 1278 346 1310 καὶ
365 1275 409 1310 ἀι
413 1278 748 1333 6061w9.Charmid.

107 1333 140 1365 p.
155 1322 229 1356 160.
241 1325 294 1356 D:
318 1323 397 1356 ειπὲ
421 1318 461 1356 εὖ
485 1326 540 1356 καὶ
553 1321 748 1380 ἅνδρειῳς.

107 1369 249 1400 Theaet.
279 1379 312 1410 p.
337 1368 413 1403 147.
438 1369 488 1400 D.
524 1369 563 1401 εὐ
597 1371 652 1401 καὶ
686 1367 748 1401 αἰ·-

108 1411 235 1455 δρειως
259 1411 470 1455 ἀποκριᾝνου

150 1459 188 1490 Β.
206 1457 459 1492 Κολακεύσο
474 1471 546 1491 vta
569 1457 655 1500 α’ρα
676 1458 746 1502 ιιε]

107 1503 399 1536 Heindorfius
452 1508 530 1536 ante
585 1504 747 1537 κολακεύ-

111 1558 175 1579 σοι
177 1560 215 1580 τα
233 1549 402 1581 excidisse
426 1549 570 1592 putabat
588 1550 749 1582 voculam

107 1590 417 1637 ‘329.Vu1gatam
449 1594 599 1627 defendit
629 1596 656 1626 B
668 1600 749 1626 utt-

106 1649 287 1672 mannus
327 1640 463 1672 collatis
495 1640 566 1672 illis
604 1650 635 1682 p.
670 1638 747 1673 514.

108 1685 148 1716 A.
172 1685 213 1716 Β.
238 1686 281 1717 D.

152 1729 215 1762 Εἴ
244 1740 313 1762 σοι
348 1728 511 1762 Mvoo'z¹
546 1741 591 1773 γε
625 1728 749 1772 ἥδιον

107 1774 210 1818 καλ.]
269 1775 382 1808 Locus
417 1775 562 1807 multum
594 1780 747 1807 vexatus.

108 1819 350 1853 Cornarius
375 1821 464 1854 coni.
490 1820 525 1852 εἰ
539 1818 585 1863 μή
600 1831 652 1853 σοι
668 1821 746 1852 Μυ-

109 1868 181 1897 σῶν
203 1867 390 1909 γίγνεσθαι
416 1864 516 1908 ἥδιον
540 1867 646 1899 λείαν.
678 1866 748 1898 Ca-

106 1910 349 1952 saubonus,
401 1916 486 1944 teste
536 1911 746 1952 Routhio‚

106 1955 210 1987 scribi
239 1957 356 1988 iussit:
389 1956 425 1988 εἰ
452 1954 498 1999 μή
531 1967 582 1988 σοι
609 1957 669 1988 Mu
676 1960 747 1988 σῶι

105 2011 145 2042 γε
168 1999 269 2042 ἥδιον
292 1997 385 2033 εἶναι
408 2003 519 2039 λειᾞαν
554 2002 644 2043 quod
676 2002 747 2043 pla·

107 2045 180 2077 cuit
202 2046 488 2085 Heindorfio‚
521 2048 581 2078 Bu
594 2052 747 2079 ttman

106 2101 176 2131 no,
202 2091 289 2123 aliis.
337 2092 509 2123 Videlicet
539 2092 629 2134 apud
660 2093 746 2124 Sui-

107 2135 200 2168 dam
244 2137 407 2179 leguntur
451 2137 552 2169 haec:
608 2138 747 2169 Μυσῶν

106 2182 194 2213 λεία·
237 2183 402 2223 παροιμία
433 2180 489 2214 ἐπὶ
532 2184 599 2214 τῶν
637 2185 747 2216 κακῶς

108 2225 404 2283 διαρπαζομξὲνξυν.
465 2226 508 2260 Οἱ
542 2224 607 2269 γὰρ
648 2231 744 2268 περί-

107 2283 192 2303 οικοι
230 2284 289 2304 κατ
338 2277 476 2304 εκεῖνον
514 2271 548 2304 τὸ
557 2285 574 2303 ν
616 2271 747 2314 χρόνον

108 2316 188 2350 τοὺς
213 2315 362 2352 Μυσοὺς
395 2317 584 2359 ἐληΐζοντο.
639 2319 746 2350 Acce-

108 2362 158 2394 dit
169 2362 260 2404 quod
273 2363 365 2394 Tim
377 2374 396 2395 a
407 2374 480 2395 eus
495 2362 607 2396 Gloss.
621 2373 652 2405 p.
670 2362 744 2395 174.

107 2417 182 2441 voe.
221 2409 294 2439 λεία
333 2412 488 2440 recenset
529 2409 564 2439 in
604 2418 744 2440 numero

106 2463 228 2484 vocum
251 2452 527 2493 Platonicarum,
562 2464 666 2495 quum
697 2459 745 2486 ta-

106 2507 184 2529 men
215 2497 316 2530 hodie
344 2509 514 2540 nusquam
549 2498 638 2540 apud
670 2499 745 2531 Pla-

106 2547 222 2575 tonem
245 2543 390 2585 legatur.
424 2544 590 2584 Quocirca
613 2555 655 2575 ex
680 2544 744 2576 hac

105 2598 141 2619 re
164 2587 358 2620 iudicarunt
382 2599 541 2630 magnam
568 2589 744 2621 conciliari

107 2633 276 2665 Casaub
289 2634 361 2665 oni
397 2635 524 2666 rationi
552 2635 745 2666 verisimili-

104 2677 233 2710 tudinis
264 2679 422 2720 speciem.
483 2680 609 2711 Verum
642 2685 745 2721 negat

107 2723 543 2757 Schleiermacherus
608 2735 744 2766 prover-

819 1097 875 1130 bio
900 1097 952 1130 illi
979 1099 1034 1131 hic
1052 1108 1125 1130 esse
1143 1099 1266 1139 locum,
1291 1098 1460 1141 siquidem

819 1154 899 1175 vera
947 1144 991 1175 sit
1038 1144 1162 1176 Suidae
1215 1145 1459 1186 interpretatio.

820 1189 933 1229 Quum
959 1190 1049 1221 enim
1075 1191 1245 1222 sententia
1269 1191 1461 1232 requiratur

818 1234 919 1266 haec:
946 1236 1035 1266 nisi
1052 1237 1188 1267 mavis
1208 1236 1458 1278 turpissimi

819 1281 1041 1321 cuiusque
1112 1280 1279 1322 praeda
1351 1291 1460 1320 esse,

818 1331 938 1366 sponte
972 1327 1020 1356 ait
1052 1335 1213 1367 apparere
1244 1326 1389 1358 multum
1416 1327 1458 1357 ab

817 1370 881 1401 hoc
912 1370 988 1402 loeo
1023 1370 1205 1403 abhorrere
1241 1371 1457 1415 grammatici

817 1416 1131 1458 interpretationem
1147 1428 1154 1457 ;
1216 1427 1295 1449 nam
1341 1427 1459 1448 secun-

818 1460 896 1492 dum
935 1462 1037 1493 huius
1077 1462 1282 1494 sententiam
1320 1463 1358 1493 M
1364 1465 1434 1493 υσιῦ
1442 1474 1459 1492 1·

818 1507 912 1537 λείαι1
951 1506 1019 1537 dici
1055 1507 1260 1548 praedam
1294 1518 1344 1538 ex
1376 1508 1458 1549 My-

818 1551 876 1582 sis
914 1551 1122 1591 ablatam,
1167 1563 1209 1584 ex
1248 1553 1351 1584 huius
1392 1553 1458 1584 loci

818 1596 948 1627 ratione
985 1607 1057 1628 esse
1091 1597 1214 1629 debere
1253 1609 1273 1639 p
1286 1609 1300 1629 r
1309 1610 1327 1630 a
1340 1609 1356 1629 e
1366 1597 1386 1629 d
1397 1609 1415 1629 a
1426 1609 1457 1629 m

818 1652 837 1672 a
861 1642 1000 1683 Mysis
1036 1647 1175 1674 aetam
1207 1648 1246 1674 et
1270 1654 1339 1685 rep
1353 1648 1459 1675 orta-

817 1691 830 1717 t
843 1697 911 1717 am.
962 1688 1131 1727 Quocirca
1164 1688 1186 1719 S
1198 1698 1215 1719 c
1228 1688 1346 1720 hleie
1359 1699 1415 1720 rm
1426 1699 1458 1720 a-

818 1742 834 1762 c
844 1732 866 1762 h
876 1742 893 1762 e
904 1743 920 1763 r
930 1743 953 1764 u
963 1743 978 1764 s
1010 1732 1094 1764 haee
1126 1735 1366 1775 interpretatur
1390 1735 1456 1766 sic:

826 1776 930 1808 Wenn
953 1777 1000 1809 clu
1024 1777 1124 1809 lieher
1149 1779 1202 1810 ein
1220 1779 1350 1821 lesier
1373 1778 1457 1810 heis-

816 1833 874 1853 sen
891 1821 1004 1863 wdlst,
1030 1823 1062 1854 h.
1074 1834 1101 1855 e.
1115 1823 1137 1854 h
1148 1825 1259 1855 omin
1271 1836 1330 1856 em
1355 1824 1458 1856 stul-

817 1874 900 1898 tum
943 1878 962 1899 a
975 1879 992 1899 c
1035 1869 1267 1901 secordem.
1331 1869 1459 1901 Attulit

816 1912 875 1944 ille
911 1918 1086 1954 praeterea
1117 1915 1142 1945 I.
1182 1915 1210 1946 B
1221 1926 1237 1946 e
1248 1915 1271 1946 k
1282 1914 1305 1945 k
1315 1925 1332 1946 e
1343 1915 1378 1946 ri
1408 1916 1457 1946 in-

816 1959 1095 1999 terpretationem
1126 1959 1234 1991 hanc:
1277 1959 1380 1992 Wenn
1410 1960 1456 1992 du

816 2003 988 2035 durelzaus
1036 2004 1099 2036 clas
1147 2005 1240 2046 Diwzy
1286 2004 1336 2037 bei
1382 2005 1457 2037 dem

816 2048 1045 2080 sehleclztesten
1060 2049 1195 2081 Namen
1207 2060 1339 2082 neuneu
1349 2049 1455 2090 willst,

816 2093 880 2125 cleu
904 2105 985 2125 man
1009 2094 1078 2125 ilem
1098 2095 1200 2136 {leben
1224 2095 1328 2135 kann,
1355 2106 1455 2136 quam

814 2144 926 2170 tamen
958 2139 1085 2171 fatetur
1116 2139 1182 2171 sibi
1222 2151 1291 2172 non
1323 2141 1456 2172 satisfa-

816 2195 902 2215 cere.
949 2185 1156 2216 Ficinus:
1180 2185 1224 2217 Si
1249 2186 1408 2226 mavis,
1436 2197 1455 2218 o

816 2229 1044 2269 Socrates,
1093 2231 1243 2272 Mysus
1291 2231 1454 2271 vocari,

815 2273 1033 2306 vocabere
1064 2276 1234 2317 utique,
1267 2276 1356 2307 nisi
1386 2277 1455 2307 mi—

815 2319 858 2351 hi
891 2319 1148 2352 credideris.
1205 2321 1377 2353 Astius:
1411 2321 1454 2353 Si

815 2365 983 2405 Mysum
1010 2366 1148 2398 mavis
1172 2366 1216 2397 in
1246 2366 1452 2398 iudicium

815 2420 986 2449 vocare,
1022 2410 1218 2450 Socrate,
1250 2416 1354 2444 esto.
1396 2412 1453 2443 Vi-

815 2454 886 2494 des,
912 2459 1040 2496 quanta
1066 2457 1110 2488 sit
1134 2456 1175 2488 de
1199 2457 1268 2489 loci
1291 2457 1453 2498 interpre-

813 2501 942 2531 tatione
955 2500 1122 2533 dissensio
1136 2501 1312 2533 hominum
1330 2502 1452 2534 doctis-

815 2556 985 2576 simorum
1010 2547 1082 2578 Iam
1106 2557 1185 2579 vero
1211 2547 1331 2578 audias
1349 2548 1452 2578 etiam

814 2590 1115 2644 Olympiodorum,
1142 2592 1200 2633 qui
1223 2592 1308 2623 haee
1330 2591 1433 2623 habet

814 2632 856 2666 ‘H
875 2647 1039 2675 παροιμια
1071 2635 1116 2668 αἱ
1121 2649 1157 2678 τη
1189 2635 1226 2668 ἐκ
1261 2639 1320 2668 τοῦ
1352 2636 1450 2690 quf

817 2692 886 2719 φοι
913 2679 1010 2712 ἐστὶ]
1035 2679 1092 2714 Εἰ
1097 2681 1245 2722 οιπίδοῑ.
1292 2680 1367 2714 ἐκεῖ
1384 2680 1450 2724 γὰρ

814 2724 926 2768 ἐρωτᾷ
950 2738 996 2761 τις
1020 2728 1100 2768 περὶ
1128 2729 1186 2758 τοῦ
1215 2726 1371 2769 Τηλέφου
1397 2728 1456 2758 καί

1113 2791 1186 2825 21*

1507 414 1544 456 B
