1687 2969
246 97 660 142 PHAEDRUS.
722 98 772 141 P
807 100 881 139 231

917 110 957 140 ot
990 100 1070 141 232
1108 97 1153 140 “t

1104 125 1123 141 l-
1159 131 1167 139 .
1303 101 1381 141 103

35 220 136 273 βίου
173 218 407 274 αἱροῦνται
451 213 503 259 ὃν
546 213 605 258 ἂν
649 216 782 274 ἐθέλῃ
828 211 1000 267 ἑκάστη.
1047 219 1163 258 &vlla
1209 218 1281 258 καὶ
1327 233 1386 266 εις

36 287 206 340 θηρίου
239 285 339 338 βίον
374 282 643 338 ἀνθρωπίνη
671 294 792 338 ψυχη
826 279 1088 338 αφικνεῖται,
1124 300 1196 324 και
1231 288 1275 325 ἐκ
1296 287 1386 335 ι9η-

35 355 132 406 ρίου
165 349 215 402 ὅς
249 367 354 394 ποτε
388 347 635 406 ἅνθρωπος
670 343 725 401 ἦν
762 346 894 390 πάλιν
930 353 988 397 εὶς
1023 347 1287 402 ἄνθρωπον.
1332 368 1383 393 ου

33 416 118 475 >1319
156 416 182 470 ἦ
217 436 263 472 7⁵
297 417 358 473 μή
394 434 502 460 ποτε
540 418 695 459 ιδοῦσα
731 412 812 467 τὴν
839 413 1063 466 ά)ήι9·ειαν
1093 421 1151 465 εὶς
1170 415 1267 459 τόδε
1297 416 1381 470 ἡξει

33 483 84 528 τὸ
122 487 282 541 σχῆμα.
320 487 383 528 δεῖ
415 482 502 540 γὰρ
536 480 790 539 ἄνθρωπον
823 482 1012 534 ξυνιέναι
1037 482 1133 524 κατ’
1176 483 1288 535 εἶδος
1318 488 1383 527 λε-

30 550 233 608 γόμενον,
279 556 325 595 ὲκ
371 552 546 594 πολλῶν
593 548 662 593 ἱὸν
705 548 962 602 αἰσθήσεων
1010 554 1068 599 εἰς
1112 553 1157 592 ἓν
1193 552 1381 606 λογισμῷ

31 618 388 676 ξυναιρούμενον.
425 619 558 661 τοῦτο
607 620 651 661 δὲ
687 622 804 660 ἐστιν
852 613 1096 670 ἀνάμνησις
1133 621 1315 667 ἐκείνων,
1350 619 1377 661 (sc

32 685 132 729 ποτ’
175 685 284 729 εἶδεν
307 683 430 739 ἡμῶνΙ
452 683 478 738 ἡ
501 682 623 742 ψυχὴ
643 686 1005 739 συιιιπορευθεῐσα
1036 686 1128 738 θεῷ
1158 687 1228 727 καὶ
1254 683 1382 740 ὑπερ-

32 755 190 797 ιδοῦσα
244 751 273 795 ἃ
328 755 408 796 νῦν
451 752 750 810 εἶναι’ᾳιαμεν
793 754 865 793 καὶ
908 750 1183 809 ἀνακύψεισα
1230 757 1288 802 εὶς
1333 752 1381 795 τί)

29 818 82 864 ὃν
117 817 267 871 ὅντως.
305 817 372 863 διὸ
410 817 462 872 δὴ
494 822 667 870 δικαίως
699 817 813 874 μόνη
848 820 1086 873 πτεροῦται
1122 817 1146 870 ἡ
1183 821 1264 862 τοῦ
1308 837 1383 877 (μ-

33 940 166 973 dicibus
193 945 295 983 atque
319 941 420 982 longe
446 940 608 982 plurimis.
637 939 725 973 conf.
753 951 784 982 p.
810 940 887 974 247.
914 939 955 973 E.

30 1042 98 1075 lam
127 1052 208 1075 vero
223 1041 454 1083 subiungitur:
476 1040 671 1084 λεγόμενον,

31 1087 60 1119 h.
89 1099 119 1120 e.
144 1087 258 1131 qnod
290 1092 498 1128 vocatur,
534 1088 671 1120 sicuti

29 1133 217 1173 dicitur3
262 1132 306 1165 de
343 1143 410 1174 quo
447 1133 593 1165 diximus
628 1133 670 1165 ad

31 1178 160 1212 Phileb.
195 1190 227 1221 p.
257 1179 309 1212 20.
348 1179 386 1212 B.
430 1179 538 1211 Porro
580 1179 671 1215 εἶδος

29 1235 206 1264 emergere
246 1224 415 1257 indicatur
462 1226 495 1255 lx
542 1224 671 1256 πολλῶν

29 1269 242 1311 αἰσθήσεων,
280 1270 309 1302 h.
349 1281 377 1303 e.
428 1281 478 1303 ex
514 1271 668 1303 multis

29 1316 156 1357 visis,
191 1327 238 1348 ex
271 1316 420 1348 multis
462 1326 666 1348 sensuum

29 1362 423 1404 perceptionibus:
474 1372 548 1394 narn
593 1362 667 1394 idea

29 1408 101 1440 sive
116 1408 210 1440 notio
225 1408 346 1440 mentis
369 1410 558 1440 communis
572 1418 667 1440 corn-

28 1452 204 1495 prehendit
228 1454 432 1494 singularum
457 1464 570 1486 rernm
597 1453 667 1486 for—

29 1509 103 1531 mas
127 1504 229 1540 atque
258 1500 290 1531 in
320 1499 440 1531 animis
462 1501 588 1531 nostris
614 1510 667 1531 re-

30 1554 102 1576 rum
138 1545 293 1578 sensibus
328 1545 556 1576 subiectarum
585 1555 667 1576 con-

29 1589 238 1622 sideratione
277 1590 389 1622 denuo
431 1591 668 1623 exsuscitatur.

29 1635 148 1676 ltaque.
174 1635 356 1668 manifesto
381 1636 561 1668 verborum
587 1646 667 1668 sen-

29 1681 132 1713 tentia
166 1680 249 1713 haec
280 1685 351 1714 est:
387 1691 475 1718 nam
511 1683 574 1713 fas
601 1685 668 1713 est

30 1726 246 1759 hominem
290 1737 565 1767 cognoscere
606 1738 668 1759 se.-

29 1771 215 1805 cundum
264 1783 487 1805 commune
532 1783 668 1813 genus

29 1817 150 1860 (nach
205 1818 384 1858 Begrifs
424 1818 486 1852 od.
542 1818 668 1860 ldec),

28 1863 138 1905 qnod
188 1863 279 1896 fere
323 1864 509 1904 dicitur,
549 1865 659 1905 qnod

27 1909 224 1951 quidem,
263 1920 389 1951 quum
428 1921 477 1943 ex
510 1911 662 1942 multis

28 1955 222 1998 prodeat
253 1956 383 1995 visis,
416 1957 571 1988 mentis
598 1967 663 1988 co-

28 2001 256 2042 gitatione
305 2001 344 2033 in
383 2011 506 2034 unum
555 2012 664 2034 com-

28 2045 327 2088 prehenditur.
388 2047 573 2079 Dubitatnr
610 2052 662 2080 ta-

27 2101 118 2131 men,
142 2102 220 2124 num
245 2093 358 2135 ipsum
383 2093 473 2130 εἶδος
497 2098 591 2125 recte
614 2093 665 2125 di-

30 2141 125 2169 catur
166 2137 417 2181 ξυναιρεῖσθαι.
495 2139 669 2173 Quocirca

31 2182 262 2218 Heindorf.
293 2188 381 2218 Ast.
407 2183 667 2217 Schleierm.

31 2227 98 2266 alii,
139 2228 668 2272 Suvat9ouptr'vwv-corrigendum

31 2279 246 2315 censuerunt,
269 2275 360 2317 qnod
377 2274 576 2308 cohaereret
592 2286 669 2308 cum

31 2318 239 2358 αἰσθήσεων.
285 2321 355 2353 Sed
372 2322 513 2364 primurn
532 2321 670 2362 quidem

32 2365 80 2396 ita
109 2367 344 2405 expectaveris
376 2367 489 2409 potius
521 2367 669 2408 Ξυλληφ-

33 2411 174 2443 θεισῶν.
237 2411 366 2444 Deinde
394 2423 462 2444 non
503 2413 668 2451 intelligi-

34 2464 122 2494 rnuS,
148 2465 208 2486 cur
232 2465 298 2488 non
314 2458 502 2490 rectissime
518 2458 556 2489 τὸ
579 2458 669 2494 εἶδος

33 2499 165 2532 dicatur
184 2505 329 2534 mente
346 2503 671 2544 comprehendi3

32 2556 101 2587 quo
130 2550 223 2578 certe
248 2546 324 2579 nihil
351 2549 554 2589 significatur
568 2549 671 2589 aliud,

33 2601 137 2634 quam
185 2590 313 2624 effici
357 2593 464 2626 illud
513 2595 672 2627 inentis

34 2635 466 2679 comprehensione,
505 2639 539 2671 id
581 2640 672 2681 quod

37 2681 193 2725 profecto
216 2686 269 2715 est
295 2683 472 2726 eiusmodi,
496 2690 533 2718 ut
556 2685 588 2718 in
613 2696 673 2719 na-

742 1047 850 1074 turam
879 1042 949 1074 eius
977 1042 1169 1083 planissime.
1192 1043 1380 1075 conveniat.

742 1088 895 1130 Denique
916 1098 976 1120 nec
995 1090 1137 1120 alterum
1155 1088 1379 1130 participium.

737 1133 808 1174 ἰόν,
852 1135 919 1166 ullo
953 1133 1055 1166 modo
1095 1134 1203 1166 officit
1244 1135 1378 1167 lectioni

739 1180 900 1212 librorum
927 1180 1077 1211 oninium
1098 1178 1375 1222 Ξυναιροιίμενον,

738 1226 814 1258 Non
846 1235 923 1257 raro
959 1226 1047 1257 enim
1071 1227 1246 1267 complura
1272 1226 1377 1268 parti·

738 1271 824 1311 cipia
856 1272 899 1303 ita
937 1271 1095 1311 coniungi
1128 1272 1302 1311 novimus,
1338 1277 1378 1304 ut

735 1317 825 1350 aliud
852 1317 922 1349 alio
942 1317 1132 1357 definiatur,
1162 1317 1193 1349 id
1211 1317 1302 1359 quod
1326 1317 1377 1350 hic

735 1373 873 1405 quoqne
899 1363 942 1394 ita
969 1363 1040 1395 fieri
1065 1373 1165 1395 nemo
1189 1363 1374 1401 negaverit.

734 1409 820 1442 Nam
850 1408 972 1448 verbis,
999 1410 1032 1440 ἐκ
1057 1409 1189 1441 πολλῶν
1217 1408 1270 1440 ἰὸν
1303 1409 1376 1441 αιό-

735 1454 871 1496 θήοεων
891 1459 1045 1496 apertum
1063 1459 1116 1487 est
1134 1453 1272 1488 indicari
1287 1455 1376 1488 viam

735 1506 770 1534 et
794 1501 973 1540 rationem,
999 1511 1063 1543 qua
1088 1501 1158 1534 fieri
1185 1501 1308 1543 possit,
1339 1506 1377 1533 ut

734 1557 831 1579 mens
856 1545 894 1577 τὸ
925 1545 1016 1583 εἶὸός
1046 1547 1077 1578 in
1103 1556 1213 1579 unum,
1233 1547 1377 1578 coniun-

735 1596 796 1634 gat
821 1596 856 1624 et
882 1591 1161 1632 comprehendat.
1209 1592 1377 1634 Exempla

737 1638 833 1670 huius
882 1637 1137 1678 participiorum
1182 1639 1376 1670 accumula—

737 1683 837 1716 tionis
870 1683 955 1715 bene
992 1684 1097 1715 multa
1133 1683 1222 1726 apud
1264 1683 1374 1724 ipsum

737 1730 916 1762 Platonem
968 1729 1108 1771 reperiri
1163 1729 1376 1762 ostendimus

738 1775 779 1808 ad
806 1773 936 1808 Philet».
967 1772 1011 1816 pf
1032 1774 1086 1808 22.
1114 1776 1152 1808 Α.
1181 1775 1318 1807 Politic.
1343 1787 1376 1818 p.

738 1820 818 1855 293.
850 1820 888 1854 B.
914 1820 991 1854 272.
1026 1820 1066 1852 D.
1091 1820 1200 1862 Gorg.
1238 1832 1271 1863 p.
1296 1820 1376 1856 464.

734 1868 772 1900 Β.
798 1865 875 1899 471.
909 1868 947 1899 C.
984 1870 1017 1897 et
1043 1876 1143 1908 snpra
1168 1866 1210 1898 ad
1236 1877 1267 1909 p.
1297 1866 1375 1900 228.

733 1914 773 1947 B.
800 1913 918 1952 ltaque
940 1911 1052 1944 omnia
1070 1916 1162 1944 sarta
1176 1915 1268 1944 tecta
1288 1918 1377 1954 sunt,

733 1968 796 1991 nec
809 1958 992 1999 quidquam
1011 1957 1271 1992 sollicitandum.
1313 1959 1378 1991 Ce-

734 2011 844 2037 terum
872 2005 1045 2045 eleganter
1071 2003 1133 2035 hoc
1155 2007 1229 2036 loco
1248 2004 1379 2037 descri-

735 2051 824 2083 bitur
849 2049 1048 2081 dialecticae
1081 2059 1201 2081 munus
1237 2054 1271 2082 et
1301 2050 1383 2082 offi-

736 2097 843 2134 cium,
887 2094 1042 2126 similiter
1082 2093 1256 2136 depictum
1297 2095 1380 2128 illud

739 2142 841 2174 etiam
873 2140 905 2172 in
935 2139 1098 2181 Sophista
1139 2150 1171 2180 p.
1204 2139 1288 2174 253.
1335 2142 1378 2174 D.

738 2187 873 2220 Politic.
898 2197 929 2228 p.
958 2185 1035 2218 285.
1064 2186 1102 2218 A.
1122 2184 1254 2219 Phileb.
1271 2197 1303 2228 p.
1326 2187 1377 2222 15.

738 2243 811 2274 sqq.
840 2230 923 2262 infra
944 2229 1090 2263 Phaedr.
1116 2241 1147 2271 p.
1173 2230 1251 2264 255.
1272 2232 1376 2266 culfi.

738 2290 770 2320 p.
795 2277 871 2310 265.
896 2277 936 2307 Β.
956 2287 987 2318 p.
1006 2275 1086 2309 273.
1105 2275 1143 2309 Ε.
1171 2276 1273 2310 Quod
1295 2288 1377 2310 vero

738 2325 841 2356 Plato
851 2321 999 2354 idearum
1017 2321 1242 2362 cognitionem
1254 2334 1273 2355 a
1286 2324 1378 2356 vitae

739 2367 925 2409 superioris
951 2377 1014 2398 una
1037 2377 1112 2398 cnm
1133 2367 1194 2399 diis
1214 2368 1377 2401 interum

739 2415 922 2445 divinarum
953 2413 1238 2454 contemplatione
1281 2419 1378 2447 actae

738 2458 880 2501 repetit,
914 2457 1003 2490 conf.
1037 2457 1079 2490 de
1110 2457 1172 2490 hac
1207 2461 1379 2493 sententia

740 2505 837 2537 etiam
865 2503 1038 2536 Phaedon.
1066 2514 1099 2546 p.
1124 2504 1179 2539 72.
1202 2506 1242 2537 Ι).
1269 2524 1309 2529 -
1333 2506 1378 2539 77

740 2552 780 2584 D,
822 2549 958 2582 Menon.
998 2560 1029 2591 p.
1067 2550 1122 2584 81.
1160 2551 1199 2585 C.
1238 2551 1377 2585 Cicer.

739 2596 843 2628 Tusc.
870 2594 893 2627 l.
920 2593 974 2628 24.

786 2641 825 2673 C.
876 2643 1009 2673 τοῦτο
1051 2640 1096 2674 δέ
1125 2640 1242 2672 ἔστιν
1282 2638 1379 2672 ἄνᾶ-

742 2685 915 2730 μνηὲιις]
957 2685 1009 2720 Ne
1034 2690 1133 2729 putes
1158 2685 1248 2727 αὕτη
1273 2686 1380 2718 fuisse
