1687 2969
399 145 811 191 PHAEDRUS.
842 147 890 188 P.
924 149 1004 189 228
1036 146 1100 190 St.
1399 149 1422 185 §³

75 265 248 321 ἀγνοῶ,
285 267 360 308 καὶ
392 265 584 322 ἐμαυτοῦ
617 265 908 319 ἐπιλέλησμαι.
944 263 1059 307 de
1095 262 1180 321 γὰρ
1215 262 1421 320 οὐδέτερα

75 338 161 379 ἐστι
199 330 397 376 τούτων·
436 325 482 376 εὗ
519 330 632 382 οἶδα,
669 329 740 374 ὅτι
760 333 933 375 Λυσίου
967 330 1102 385 λόγον
1127 329 1302 374 ἀκούων
1322 336 1425 374 ἐκεῖ·

73 410 150 451 νος
191 398 243 443 οὐ
277 396 418 456 μόνον
451 396 572 451 ἅπαξ
605 394 816 454 ἤκουσεν,
862 395 975 441 de
1014 397 1226 449 πολλάκις
1260 403 1425 442 ἐπανα-

79 465 322 523 λαμβάνων
360 469 544 510 ἐκέλευέν
579 469 619 509 οἱ
656 468 813 520 λέγειν·
863 464 886 509 ὁ
920 468 967 509 δὲ
1004 468 1210 509 ἐπείθετο
1244 464 1426 522 προθύ-

74 551 179 591 μως.
214 536 276 590 τῷ
313 535 357 578 δὲ
393 533 493 578 οὐδὲ
529 535 670 576 ταῦτα
709 526 762 586 ἦν
796 531 944 588 ἱκανά,
979 530 1093 575 de
1112 535 1321 576 τελευτῶν
1339 550 1425 576 πα-

1468 479 1509 521 B

48 705 50 707 ¹
75 712 174 754 longe
200 710 333 753 plurimi
358 721 419 754 pro
446 711 536 752 vulg.
559 708 734 741 ἐκέλευσεν.
785 707 1024 750 Imperfectum
1052 710 1157 751 liquet
1188 710 1236 742 rei
1261 710 1323 753 ipsi
1348 721 1426 743 esse
1466 709 1471 718 '

72 756 387 795 accommodatius3
420 756 480 789 sed
515 760 680 789 mutatum
711 758 842 786 temere
867 765 885 786 a
912 756 1034 787 criticis
1062 761 1135 797 est,
1166 756 1221 798 qui
1257 756 1303 789 ob
1328 762 1426 790 ante-

72 813 229 846 gressum
255 801 397 843 ἤκουσεν
421 802 473 835 hic
496 811 634 844 quoque
658 800 823 832 aoristum
849 801 1112 843 requisivissent.

71 917 133 950 tim
159 917 201 950 ab
221 915 315 949 initio
335 915 565 949 membrorum
590 913 717 947 facien-

72 966 137 997 tes.
185 962 358 996 Quocirca
389 960 419 994 Ιι.
447 961 466 992 l.
500 970 602 1002 quum
635 970 716 1002 pro-

73 1009 146 1051 prie
171 1008 360 1040 distinctius
385 1005 485 1039 suerit
514 1005 717 1052 dicendumg

73 1053 150 1086 ἀλλ’
188 1052 348 1097 οὗὸἐτερά
380 1053 453 1084 ἐστι
488 1050 636 1084 τούτων·
678 1055 716 1084 εὐ

71 1099 157 1144 γὰρ
182 1099 275 1141 οἶδα,
301 1108 443 1145 caussae
468 1100 716 1130 commemora-

73 1146 164 1179 tione
198 1150 363 1188 occupata
405 1144 565 1176 continuo
602 1145 715 1176 onmia

73 1195 186 1224 mente
226 1194 262 1223 et
303 1190 513 1232 cogitatione
555 1194 713 1230 tanquam

73 1247 141 1270 uno
167 1237 347 1269 verborum
384 1235 524 1267 circuitu
555 1245 713 1277 compre-

73 1282 284 1322 henduntur,
315 1289 370 1322 ut,
403 1281 534 1313 etiamsi
562 1281 714 1313 membra

71 1328 342 1371 interpunctione
366 1327 520 1360 seiuncta
549 1327 635 1368 sint,
660 1331 714 1358 ta-

74 1384 164 1414 men,
177 1376 243 1406 vim
267 1374 447 1406 verborum
460 1373 486 1404 si
505 1377 713 1414 spectamus,

74 1421 203 1463 singula
227 1420 284 1452 vix
307 1418 495 1452 divellenda
525 1418 712 1452 videantur.

73 1467 190 1508 ltaque
222 1465 320 1498 facile
345 1465 545 1505 intelligitur
575 1470 714 1496 contra-

73 1513 158 1545 rium
182 1511 267 1545 'fere
301 1511 390 1552 eius,
432 1510 523 1552 quod
567 1511 715 1542 Astius

73 1557 208 1597 statuit,
234 1567 350 1590 verum
377 1567 465 1591 esse.
512 1556 597 1588 Nam
623 1556 716 1598 quod

74 1604 129 1636 ille
153 1601 239 1634 ἀλλὰ
264 1608 383 1636 censet
399 1603 442 1634 ab
466 1601 530 1644 γὰρ
554 1605 714 1644 tauquam

74 1652 256 1681 attractum
296 1659 390 1689 esse,
439 1658 540 1692 quum
581 1649 715 1690 proprie

74 1693 152 1726 ἀλλ’
191 1690 231 1726 εὖ
267 1694 347 1726 οἶδα
380 1693 559 1726 dicendum
601 1693 714 1733 fuerit,

74 1741 273 1773 translatum
300 1741 413 1782 potius
436 1738 500 1782 γὰρ
527 1744 580 1772 est
602 1740 634 1771 in
654 1750 714 1781 pe-

74 1785 160 1818 riodi
197 1786 327 1819 initium
359 1796 432 1819 eam
464 1786 507 1817 ob
543 1795 712 1826 caussam,

74 1842 175 1874 quam
203 1831 306 1864 modo
331 1831 614 1874 significavimus,
652 1832 713 1863 mi-

74 1887 258 1919 ramurque
295 1887 503 1920 magnopere
540 1878 628 1910 illius
658 1888 714 1909 ra-

74 1923 199 1956 tionem
224 1933 330 1966 nuper
353 1925 426 1956 viro
451 1922 584 1956 cuidam
611 1923 714 1956 docto

74 1970 174 2002 unice
214 1971 351 2012 probari
390 1969 554 2012 potuisse.
616 1969 715 2002 Haec

74 2015 174 2057 igitur
213 2026 293 2048 vera
330 2015 464 2048 videtur
503 2015 569 2048 loci
609 2026 716 2057 expe-

75 2059 188 2093 diendi
224 2062 324 2096 ratio.
379 2062 480 2096 Quae
510 2071 551 2094 ne
585 2062 635 2094 eui
667 2061 716 2093 vi-

76 2105 194 2139 deatur
216 2107 432 2149 insolentior,
464 2107 716 2150 comparavisse

76 2152 202 2186 iuvabit
224 2163 315 2196 quae
339 2153 383 2186 de
400 2153 542 2186 aliorum
560 2154 714 2186 locorum

77 2197 235 2231 similium
273 2200 500 2242 explicatione
539 2209 716 2232 commen-

77 2242 140 2274 tati
163 2249 241 2277 sunt
264 2245 552 2287 Hoogeveen.
587 2245 628 2277 ad
656 2244 714 2277 Vi-

77 2298 149 2328 ger.
195 2289 237 2322 de
274 2291 441 2324 Idiotism.
472 2301 506 2332 p.
539 2290 607 2324 472
639 2301 713 2332 sqq.

77 2332 305 2369 Hermann.
329 2337 371 2369 ad
397 2336 495 2370 eund.
520 2348 553 2379 p.
579 2337 647 2371 810
664 2347 715 2378 sq.

78 2378 174 2413 ed.3.
191 2379 271 2414 Sch
286 2382 352 2415 ‘ase
362 2393 388 2414 r.
405 2383 536 2417 Melett.
548 2383 631 2424 ρ.67
643 2393 714 2424 sqq.

78 2424 107 2457 E
118 2425 125 2456 Ι
137 2435 193 2457 ms
204 2427 223 2460 l.
236 2426 277 2459 ad
290 2427 392 2470 Sopli.
406 2428 494 2462 Oed.
507 2429 580 2461 Col.
595 2439 625 2463 v.
636 2430 714 2463 797.

76 2470 158 2504 Eur.
183 2471 275 2506 Med.
305 2483 334 2507 v,
365 2474 461 2508 1035.
489 2473 714 2507 Heraclid.

76 2526 108 2550 v,
133 2515 211 2551 481.
237 2517 446 2552 Matthiae
468 2520 509 2552 ad
537 2520 714 2554 Phoeniss,

75 2573 109 2597 v.
133 2561 209 2598 371.
235 2563 370 2596 Hand.
398 2565 440 2596 ad
459 2565 606 2600 Tursell.
632 2566 657 2599 l.
681 2576 712 2608 p.

75 2606 156 2641 444.
184 2609 321 2641 Beier.
348 2609 389 2642 ad
415 2611 484 2644 Cic.
500 2612 597 2645 Offic.
617 2612 640 2644 Ι.
657 2612 714 2651 40,

79 2652 153 2689 144.
201 2655 319 2696 ltaque
344 2657 454 2688 locum
471 2663 611 2700 apparet
638 2668 716 2690 esse

76 2701 340 2734 sincerissimum
360 2726 369 2739 ,
400 2711 508 2743 neque
531 2704 713 2745 quidquam

77 2744 223 2787 habere,
263 2746 357 2788 quod
391 2747 433 2779 ab
465 2757 526 2781 usu
561 2750 714 2782 Graeco-

785 923 858 946 rum
894 913 961 945 ullo
995 912 1098 945 modo
1130 914 1281 949 recedat.
1335 915 1426 949 Ger-

785 959 915 992 manice
933 964 1040 991 totum
1062 961 1173 993 locum
1192 961 1235 993 ita
1251 961 1322 994 fere
1347 962 1427 994 red-

785 1005 927 1037 dideris:
979 1005 1129 1037 Allein
1187 1018 1227 1039 es
1278 1006 1336 1039 ist
1380 1008 1426 1049 ja

784 1050 906 1083 keins
930 1062 1005 1082 von
1030 1051 1182 1085 beiden
1207 1053 1282 1085 der
1305 1053 1428 1092 Fau,-

782 1097 905 1129 recht
933 1097 1042 1129 wohl
1066 1098 1194 1130 weiss
1217 1098 1298 1137 ich,
1325 1099 1427 1132 dass

774 1143 903 1184 jener
933 1142 1053 1175 nicht
1089 1143 1203 1176 bloss
1239 1144 1310 1177 ein
1336 1146 1427 1177 Mat

783 1189 848 1221 des
890 1188 1054 1230 Lysiae
1107 1190 1222 1223 Rede
1266 1192 1426 1224 αηΙιόν-

783 1239 825 1267 te
850 1239 914 1268 etc.
950 1234 1115 1268 Nimirum
1136 1237 1254 1270 verba:
1281 1233 1321 1269 εὖ
1342 1237 1422 1269 οἶδα

780 1281 866 1320 κτλ,
891 1281 1050 1322 quoniam
1078 1283 1252 1324 superiora
1284 1285 1335 1316 vel
1363 1294 1424 1316 ex-

783 1327 909 1369 plicant
950 1328 1002 1359 ve!
1035 1329 1252 1367 confirmant,
1293 1330 1420 1362 usitate

781 1374 846 1405 iam
872 1374 943 1405 sine
973 1374 1210 1407 coniunctione
1243 1375 1426 1408 subiiciun-

781 1423 845 1452 tur.
904 1418 1036 1451 Eodem
1078 1418 1180 1452 modo
1215 1420 1428 1463 Sopliocl.

784 1464 872 1498 Oed.
899 1465 972 1497 Col.
1000 1475 1029 1498 v.
1060 1464 1136 1499 624.
1170 1465 1246 1497 ἄλλ>
1282 1466 1320 1497 οὗ
1358 1466 1426 1510 γὰρ

783 1510 892 1542 αὐδᾶν
917 1509 981 1551 ἡδὺ
1006 1509 1158 1553 τᾶκίνητ’
1200 1513 1278 1552 ἔηή·
1310 1513 1346 1543 ἔα
1382 1512 1423 1555 μ’

782 1558 816 1588 ἒν
832 1552 919 1588 οἷσιν
937 1555 1099 1599 ἠρξάμην,
1125 1559 1145 1591 ἰ.
1165 1569 1193 1592 e,
1220 1558 1314 1591 sine
1338 1557 1426 1605 lgi-

782 1603 854 1639 tur
880 1603 1010 1635 mein
1041 1603 1112 1643 iis,
1143 1604 1426 1645 quae‘dicere

784 1648 931 1690 coepi,
966 1648 1227 1683 subsistere.
1278 1649 1423 1692 Eurip.

785 1693 914 1727 Plloen.
942 1703 972 1725 V.
1003 1693 1099 1728 1347.
1126 1694 1207 1725 ἀλλὰ
1233 1694 1298 1739 γὰρ
1330 1696 1426 1739 Κρέ-

785 1752 868 1771 οντα
893 1736 1018 1771 λεύσσω
1045 1739 1143 1772 τόνδε
1159 1741 1260 1781 δεῦρο
1283 1760 1318 1764 -
1337 1743 1426 1773 στεί-

779 1793 904 1827 χοντα·
941 1784 1062 1817 παύσω
1094 1785 1176 1822 τούς
1209 1791 1428 1829 παρεστῶτας

783 1831 895 1873 γόους.
959 1831 1119 1865 Ceterum
1156 1831 1319 1874 οὐδέτερα
1361 1843 1426 1865 usu

785 1879 986 1921 pervulgato
1023 1888 1161 1911 numero
1206 1879 1324 1920 plurali
1373 1879 1425 1912 di-

783 1929 894 1962 ctum,
938 1924 1015 1958 licet
1047 1923 1090 1956 de
1123 1923 1254 1956 duabus
1291 1929 1422 1958 tantum

783 1970 886 2002 rebus
918 1974 1056 2011 agatur,
1091 1974 1127 2002 ut
1160 1969 1340 2012 οὐδέτερον
1370 1982 1425 2003 re-

784 2016 872 2057 quiri
888 2015 1053 2049 videatur.
1096 2015 1260 2058 Exempla
1281 2017 1328 2049 rei
1347 2021 1425 2049 sunt

786 2062 887 2104 Hipp.
914 2061 993 2095 Mai.
1035 2073 1066 2104 p.
1091 2061 1168 2096 294.
1188 2064 1226 2096 Α.
1267 2062 1374 2104 Gorg.
1392 2074 1425 2104 p.

784 2107 861 2141 524.
877 2109 914 2142 Β.
933 2118 962 2149 ρ.
981 2107 1110 2141 429.Β.
1129 2107 1364 2149 Pliileb.p.ll3.
1384 2109 1423 2142 C.

784 2152 970 2198 Eutliyphr.
988 2153 1061 2195 p.9.
1074 2153 1113 2186 D.
1136 2153 1357 2186 Demosth.
1381 2154 1425 2187 de

784 2199 908 2234 coron.
929 2210 960 2241 p.
971 2199 1048 2233 255.
1062 2198 1116 2232 ed.
1131 2199 1300 2233 Reisk.al.

850 2244 1065 2280 πολλάκις
1122 2245 1298 2280 gunval,
1344 2246 1425 2278 ἐκέ-

785 2291 910 2323 λευέν
943 2291 980 2321 οἱ
1015 2289 1178 2333 λέγειν]
1215 2289 1245 2325 h.
1282 2302 1311 2324 e.
1343 2292 1424 2324 ite-

784 2347 885 2369 rum
913 2337 1223 2377 iterumque
1248 2337 1422 2370 iussit.

784 2383 994 2424 Comparant
1027 2381 1170 2415 Theaet.
1201 2393 1234 2425 p.
1271 2382 1346 2418 169.
1383 2384 1422 2418 Ι).

784 2427 881 2459 οὐδὲν
912 2427 953 2458 ἂν
981 2425 1083 2458 πάλιν
1113 2428 1179 2459 ἔδει
1211 2430 1423 2461 ἐπαναλα-

784 2477 807 2515 β
820 2474 865 2504 όν
877 2487 893 2505 τ
903 2486 924 2504 α
937 2487 951 2510 ς
973 2475 1217 2514 βεβαιοῦσθαι.
1254 2475 1423 2517 Imperfe-

783 2524 876 2556 ctum
902 2519 1044 2551 ἐκέλευεν
1078 2519 1119 2551 de
1151 2530 1187 2552 re
1212 2520 1335 2553 diutius
1360 2521 1423 2553 du·

782 2566 867 2597 ranti
894 2575 1001 2607 eaque
1026 2565 1161 2607 saepius
1195 2567 1338 2608 repetita
1362 2578 1424 2599 ao-
1472 2574 1474 2576 ’

782 2611 866 2642 risto
920 2621 997 2643 esse
1036 2613 1145 2644 multo
1188 2613 1423 2654 praestabilius

784 2666 883 2688 nemo
908 2670 912 2673 ¹
935 2656 1112 2691 dubitabit.
1187 2659 1426 2691 Praetulerunt

784 2702 886 2735 etiam
913 2702 1161 2745 BekkeruS,
1190 2704 1423 2737 Buttman-

785 2757 862 2781 nus
890 2751 924 2781 et
948 2749 1141 2791 nuperrime
1168 2750 1330 2784 Astius.
