1687 2969
203 147 280 180 248
753 143 1011 181 PLATONIS

206 250 312 305 ἔχων
341 254 501 303 ληρεῖς,
533 251 604 292 ἵνα
634 252 766 304 εἰδῇς,
797 251 853 299 ὡς
882 253 1016 304 σοφὸς
1044 253 1105 291 ὥν
1132 265 1181 304 με
1209 254 1441 299 νουθετεῖς.
1472 251 1548 304 οὐχ

206 317 291 369 ἅμα
315 316 453 361 διψῶν
475 331 516 356 τε
546 314 719 364 ἕκαστος
746 317 867 370 [ἡμῶν
896 315 1104 358 πέπαυται
1131 315 1202 356 καὶ
1229 315 1315 368 ἅμα
1342 317 1549 370 ἡδόμενος

206 381 274 422 διὰ
315 387 391 421 τοῦ
433 379 593 429 nivem,-
647 383 781 422 ΚΑΛ.
826 382 916 422 Οὐκ
957 379 1053 423 οἶδα
1093 382 1115 422 ὅ
1153 397 1192 422 τι
1220 380 1363 433 λὲγεις.
1424 383 1546 421 ΙῸΡ.

208 446 455 499 Μηδαμῶς,
505 440 537 486 ὦ
580 447 847 495 Καλλίκλεις,
899 443 986 487 αλλ’
1034 447 1269 498 α’ποκρίνου
1315 445 1385 486 καὶ
1429 445 1549 498 ἡμῶν

205 510 351 559 ἕνεκα,
392 511 463 551 ἵνα
502 515 773 563 περανθώσιν
803 512 844 552 οἱ
870 512 999 564 λόγοι.
1063 514 1199 552 ΚΑΛ.
1236 507 1346 552 Ἀλλ’
1377 511 1437 551 ἀεὶ
1467 526 1548 551 τοι-

207 577 332 624 οὗτός
372 574 456 616 ἐστι
496 578 744 630 Σωκράτης,
797 571 829 616 ὠ
871 579 898 617 Ι
905 577 1051 630 ὀργία-
1101 576 1253 630 σμικρὰ
1293 576 1362 617 καὶ
1400 575 1546 628 ὀλίγου

205 642 298 691 ἄξια
320 642 512 694 οἷνερωτᾷ
530 641 598 682 καὶ
622 640 832 695 ἐξελέγχει.
883 644 1007 682 ΓΟΡ.
1034 638 1165 683 Ἀλλὰ
1189 642 1228 682 τί
1249 641 1314 682 σοὶ
1338 639 1546 694 διαφέρεις

206 708 375 755 πάντως
404 707 456 747 οὐ
486 707 537 760 σὴ
567 706 672 760 αὕτη
700 707 728 760 ἦ
755 708 865 761 τιμή,
898 702 930 747 ὦ
957 708 1224 755 Καλλίκλεις·
1255 707 1341 747 ἀλλ’
1370 707 1548 760 ’ὑπόσχες

207 772 426 825 Σωκράτει
467 771 668 825 ἐξελέγξαι
709 772 821 820 ὅπως
850 772 903 812 ἂν
932 773 1147 825 βούληται.
1208 774 1343 813 ΚΑΛ.
1379 768 1549 824 Ἐρώτα

205 838 256 890 δὴ
301 837 353 878 σὺ
393 835 444 877 τὰ
486 839 639 891 σμικροί
680 852 722 878 τε
752 836 821 878 καὶ
851 836 974 878 στενὰ
1002 844 1154 887 ταῦτα,
1194 835 1358 891 ἐπείπερ
1389 838 1549 892 Γοργίᾳ

205 903 323 944 δοκεῖ
349 901 493 950 οὕτως.

272 1025 309 1056 Β.
362 1023 521 1066 σμικρὰ
547 1026 615 1056 καὶ
641 1023 657 1055 0⁷
673 1024 720 1066 λ.]
756 1025 950 1067 Stephanus
975 1023 1094 1067 μικρά,
1129 1036 1195 1067 quo
1221 1025 1314 1057 codd.
1341 1029 1457 1057 carent
1480 1026 1549 1057 fere

206 1081 332 1102 omnes.

276 1135 465 1178 ὑπόσχες
494 1135 732 1180 Σωκράτει]
767 1138 823 1169 Sic
849 1137 963 1169 Clark.
990 1138 1066 1169 Vat.
1094 1137 1197 1169 Coisl.
1223 1138 1308 1169 Ven.
1336 1137 1413 1171 ΞΣ.

1447 1137 1549 1168 Vind.

205 1183 235 1214 1.
261 1182 292 1215 2.
317 1182 347 1215 6.
387 1184 462 1214 Par.
496 1183 687 1214 BCIVW.
730 1183 824 1215 Bodl.
858 1183 948 1215 Flor.
979 1193 1008 1216 a.
1042 1183 1074 1214 b.
1107 1193 1133 1216 c,
1167 1182 1196 1214 d.
1229 1194 1271 1214 m.
1301 1193 1331 1214 o.
1356 1194 1389 1214 x.
1436 1183 1549 1225 Vulgo

207 1226 386 1270 Σωκράτη.

277 1296 315 1328 C.
363 1295 485 1327 δοκεῖ
514 1294 660 1328 οὕτως.

206 1352 282 1374 cum
306 1341 384 1373 edit.
410 1342 488 1373 Bas.
513 1340 543 1373 2.
570 1340 674 1373 δοκεῖ.

207 1463 226 1495 ὅ
259 1477 285 1496 τι
319 1465 405 1505 ἔχων
441 1466 557 1505 ληρεῖς
595 1463 697 1495 scribi
733 1464 843 1495 iussit.

206 1510 410 1542 'I'uricenses
450 1510 567 1541 eaden]
606 1514 642 1540 ut
686 1513 845 1550 suspecta

206 1556 305 1587 uncis
330 1555 554 1586 incluserunt.
595 1554 631 1587 C.
658 1555 721 1586 Fr.
744 1555 844 1585 Her-

207 1612 330 1632 mann
341 1612 387 1632 us
435 1600 495 1631 illa
544 1600 624 1632 hinc
665 1601 699 1630 iu
739 1599 844 1631 alium

206 1646 320 1677 locum
360 1646 551 1683 transtulit;
597 1645 710 1687 posuit
753 1646 844 1676 enim

205 1702 246 1723 ea
284 1696 359 1733 post
397 1688 467 1722 Οὔκ
502 1686 582 1722 οἶδα
621 1689 639 1721 ὅ
672 1702 697 1721 τι
729 1689 843 1731 λέγεις.

205 1737 600 1768 Winckelmannus
632 1736 778 1776 denique
803 1735 845 1766 ad

206 1782 411 1823 Euthydem.
448 1792 478 1822 p.
503 1780 595 1820 100.‚
635 1785 672 1812 ut
703 1781 844 1812 offensio

207 1828 316 1858 omnis
349 1831 595 1865 removeretur,
639 1826 741 1857 verba
777 1824 845 1856 Καὶ

208 1870 338 1912 πρύϊθί
359 1884 396 1914 γε
420 1882 528 1912 usque
553 1872 594 1903 ad
620 1869 669 1903 ὥν
694 1882 733 1909 με
766 1882 844 1901 νου-

206 1920 321 1950 θετειᾮ
371 1917 507 1949 Callicli
563 1916 743 1948 tribuenda
797 1916 845 1946 iu-

206 1962 345 1994 dicavit.
422 1963 517 1994 Haec
571 1972 651 1993 vero
703 1961 846 1992 consilia

207 2009 323 2039 onmia
370 2018 473 2048 quum
513 2007 568 2038 vel
609 2007 774 2038 calidiora
814 2011 846 2037 ct

207 2053 392 2085 audaciora
416 2053 471 2084 vel
495 2052 635 2084 inutilia
659 2053 737 2090 sint,
774 2055 844 2082 tum

207 2099 293 2129 nihil
348 2097 477 2129 habent
523 2096 843 2129 verisimilitudinis

207 2144 278 2175 Nec
317 2154 397 2175 vero
430 2142 614 2184 quidquam
644 2141 845 2174 mutandum

207 2193 375 2230 putamus.
424 2189 537 2228 Quum
572 2189 661 2220 enim
690 2189 846 2219 Socrates

208 2234 347 2265 Callicli
362 2234 627 2275 exprobraverit,
646 2233 735 2274 quod
751 2230 844 2264 ἀκκί-

209 2282 299 2319 ζεῐαι
356 2279 559 2320 simuletquc
607 2279 846 2321 ignorantiam,

207 2330 278 2355 tum
325 2324 392 2355 huc
430 2325 613 2365 respiciens
651 2325 697 2355 ita
738 2324 847 2365 pergit

207 2369 335 2400 dicere:
379 2370 431 2400 Et
471 2369 738 2412 progredere
777 2368 846 2400 ad-

207 2414 290 2445 huc
331 2414 532 2455 longius,
575 2414 846 2456 quandoqui-

208 2459 296 2490 dem
317 2464 548 2500 apparcttc
566 2470 702 2501 nugas
723 2469 845 2501 agere

209 2505 347 2546 (quippe
388 2515 491 2545 quum
536 2508 595 2536 tua
633 2504 846 2547 ignorantiae

209 2549 381 2581 simulatio
406 2560 516 2581 morae
541 2561 652 2591 nugae
678 2550 778 2589 sint),
804 2553 847 2580 ut

209 2594 467 2635 intelligas,
518 2605 642 2635 quam
702 2600 741 2625 tu
785 2595 845 2625 sis

209 2641 404 2681 sapiens,
438 2640 591 2680 quinio
617 2639 846 2681 reprelien-

209 2684 284 2715 dis.
324 2685 436 2716 Verba
454 2682 578 2724 πρόιθι
597 2685 648 2716 εἰς
668 2685 700 2715 τι)
721 2685 845 2725 ἔμπρο-

712 1294 787 1327 ΣΩ.
829 1293 1076 1333 Εὐδαίμων
1108 1294 1171 1337 —]
1213 1294 1318 1327 Codd.
1348 1305 1417 1326 non
1448 1295 1548 1337 pauci

725 1338 802 1372 ΣΩ.
843 1339 959 1373 Οὕτως
984 1337 1169 1379 εὐδαίμων.

917 1464 1005 1494 σθεν
1034 1466 1124 1494 recte
1155 1463 1396 1504 interpretatur
1425 1464 1551 1495 Hein-

914 1508 1100 1540 dorfius:
1156 1508 1417 1550 progredere
1465 1509 1550 1540 lon-

913 1554 1009 1596 gius
1050 1554 1094 1584 in
1135 1553 1418 1594 disputando,
1464 1565 1551 1586 com-

913 1609 1038 1641 parans
1074 1598 1179 1641 Legg.
1212 1599 1307 1631 VIII.
1337 1610 1368 1640 p.
1401 1598 1476 1631 842.
1509 1600 1551 1631 A.

914 1645 1062 1685 Sophist.
1093 1655 1123 1686 p.
1155 1643 1232 1676 261.
1258 1645 1297 1676 Β.
1332 1645 1489 1686 Sympos.
1519 1656 1551 1686 p.

915 1689 989 1723 174.
1022 1691 1060 1720 B.
1124 1690 1175 1721 De
1213 1689 1299 1730 ἔχων
1335 1691 1448 1730 ληρεῐει
1483 1690 1550 1721 vid.

914 1735 1136 1767 Ruhnken.
1176 1734 1218 1766 ad
1252 1735 1382 1766 ssimae.
1419 1746 1449 1776 p.
1475 1734 1550 1766 258.

914 1781 1139 1812 Hermann.
1181 1779 1224 1811 ad
1262 1780 1375 1821 Viger.
1406 1791 1442 1822 p.
1477 1779 1550 1812 777.

914 1837 945 1856 n.
971 1824 1047 1857 228.
1084 1825 1311 1856 Matthiae.
1337 1825 1394 1856 Gr.
1421 1826 1449 1863 ἓ.
1474 1824 1550 1858 567.

915 1875 998 1902 extr.
1033 1870 1128 1902 Istud
1146 1867 1191 1903 ὥς
1212 1868 1321 1909 σοφὸς
1339 1868 1388 1901 ὢν
1405 1881 1444 1908 με
1472 1882 1551 1901 vov-

915 1917 1029 1948 θετεῖς
1066 1920 1158 1956 patet
1198 1915 1326 1946 dictum
1365 1926 1437 1947 esse
1474 1926 1552 1947 cum

914 1960 1037 1993 acerba
1060 1961 1227 1999 irrisione,
1259 1965 1297 1991 ut
1320 1964 1554 2001 retorqueatur

914 2007 1069 2047 superior
1084 2005 1239 2037 Calliclis
1259 2006 1458 2046 criminatio,
1483 2017 1552 2047 qua

916 2052 1090 2083 Socratem
1138 2054 1197 2082 τοῦ
1246 2052 1456 2091 σοφίζεσθαι
1503 2052 1553 2083 in-

915 2097 1146 2128 simulaverat.

960 2188 997 2218 B.
1049 2184 1133 2218 Οὐκ
1170 2182 1269 2217 οἶδα
1294 2182 1313 2216 ὅ
1337 2198 1368 2216 τι
1394 2184 1551 2229 λέγεις]

916 2232 1001 2263 Cum
1020 2232 1254 2274 indignatione
1268 2241 1306 2261 ac
1331 2230 1442 2263 taedio
1467 2232 1552 2263 haec

916 2277 1078 2308 Callicles
1112 2276 1325 2318 pronuntiat,
1360 2281 1397 2307 ut
1428 2287 1551 2308 sermo-

915 2333 991 2354 nem
1016 2324 1216 2363 abrumpere
1245 2331 1308 2352 nec
1333 2322 1479 2364 amplius
1503 2333 1552 2354 rc-

915 2367 1080 2409 spondere
1105 2367 1193 2398 velle
1218 2366 1382 2397 videatur.
1430 2367 1460 2398 A
1485 2378 1551 2408 quo

915 2413 1058 2444 consilio
1088 2422 1163 2442 eum
1189 2411 1384 2443 dehortatur
1408 2412 1553 2453 Gorgias

914 2459 1043 2489 verbis:
1085 2456 1261 2498 r'llvydasmis
1292 2475 1335 2480 -—
1367 2454 1433 2488 ἀλλ’
1466 2456 1551 2488 ἀπο-

916 2505 1039 2543 κρίνου
1066 2514 1093 2533 κ.
1122 2515 1144 2533 τ.
1170 2503 1196 2533 λ.
1234 2503 1353 2543 Itaque
1378 2502 1421 2533 ad
1445 2501 1551 2543 μηδα-

915 2551 984 2586 μῶς
1019 2547 1279 2589 intelligendum
1311 2558 1383 2578 csso
1413 2551 1553 2588 apparet

917 2596 1013 2624 τοῦτο
1047 2595 1134 2623 ποίει
1160 2597 1219 2623 aut
1243 2592 1352 2623 simile
1380 2592 1550 2633 quiddam.

914 2637 1058 2669 Phacdr.
1097 2648 1125 2678 p.
1163 2637 1239 2670 234.
1271 2638 1316 2668 E:
1364 2637 1550 2678 ΔΜηδαμῶς,

915 2678 940 2715 ὦ
981 2682 1179 2722 Σώκρατες,
1225 2679 1292 2714 ἀλλ’
1331 2680 1376 2714 ω’,ς
1412 2680 1552 2724 άληθῶς
