1687 2969
208 201 255 235 31
265 201 287 234 2
751 193 1011 232 PLATONIS

210 300 243 347 ὦ
273 303 522 356 ΣώκρατεςἾ
564 304 625 361 μή
658 299 758 343 ποτέ
787 317 848 349 τις
876 304 962 342 τῶν
991 307 1074 341 νῦν
1102 297 1204 352 ἔργα
1231 302 1407 339 τοιαῦτα
1437 297 1555 356 ἐργά-

209 381 351 427 ᾷηται,
392 365 462 410 οἷα
499 369 664 409 τούτων
701 365 747 415 ὃς
784 367 928 419 βούλει
966 366 1192 438 εἴργασται.
1249 365 1345 403 ΣΩ.
1379 355 1432 403 ³53
1469 364 1555 403 δαι-

208 437 347 489 μόνιε,
394 429 490 475 οὐδ’
532 432 613 485 ἐγὼ
642 430 758 484 ψέγω
786 432 990 478 τούτους,
1029 428 1086 477 ὥς
1115 442 1161 481 γε
1190 428 1421 475 διακόνους
1450 423 1558 467 εἶναι

209 501 392 548 πόλεως,
433 499 538 538 ἄλλα
574 513 645 551 μοι
685 498 862 538 δοκοῦσι
899 498 984 536 τῶν
1022 508 1068 547 γε
1104 499 1185 533 νῦν
1214 488 1558 544 διακονικώτεροι

209 563 430 618 γεγονέναι
469 563 539 604 καὶ
576 566 738 615 μαλλον
778 557 860 602 οἱοί
897 575 938 600 τε
980 558 1214 609 ἐκπορίζειν
1250 573 1300 612 τῃ
1340 558 1459 598 πόλει
1498 557 1559 597 ὼν

212 629 425 682 ἐπεθύμει
470 628 573 668 ἀλλὰ
612 627 693 680 γὰρ
722 626 1015 679 μεταβιβάζειν
1044 622 1117 670 τὰς
1146 622 1375 676 ἐπιθυμίας
1403 622 1470 662 καὶ
1501 621 1558 675 μὴ

212 691 470 745 ἐπιτρέπειν,
513 694 734 739 πείθοντες
771 691 842 732 καὶ
881 690 1122 742 βιαζόμενοι
1159 686 1224 728 ἐπὶ
1264 694 1411 735 τοῦτο,
1455 684 1559 728 ὅθεν

211 757 384 812 ἔμελλον
424 758 624 810 ἀμείνους
664 756 834 797 ἔσεσθαι
875 755 916 795 οἰ
951 756 1143 802 πολῖται,
1184 753 1240 800 ὡς
1278 752 1376 800 ἔπος
1414 753 1559 800 εἰπεῖν.

214 823 340 864 οὐδὲν
369 824 533 864 τούτων
563 821 761 874 διέφερον
791 820 962 861 ἐκεῖνον
996 816 1098 870 ὅπερ
1128 819 1264 871 μόνον
1294 818 1419 870 ἔργον
1449 816 1560 857 ἐστὶν

213 889 383 941 ἀγαθοῦ
412 888 602 928 πολίτου.
632 893 738 933 ναῦς
766 885 809 925 δὲ
838 884 908 925 καὶ
936 886 1045 937 τείχη
1077 883 1146 924 καὶ
1175 883 1330 935 νεώρια
1358 882 1427 923 καὶ
1456 885 1561 922 ἄλλα

213 952 348 994 πολλὰ
388 959 562 993 τοιαῦτα
602 952 669 993 καὶ
709 947 790 1004 ἐγώ
829 962 896 990 σοι
934 951 1129 1002 ὁμολογῶ
1159 946 1425 999 δεινοτέρους
1454 943 1562 987 εἶναι

214 1017 403 1065 ἐκείνους
442 1018 607 1057 τούτων
650 1016 890 1067 ἐκπορίζειν.
949 1017 1134 1066 Πραγμα
1170 1009 1250 1054 οὖν
1277 1016 1446 1066 γελοῖον
1474 1027 1562 1053 ποι·

214 1090 346 1136 οῡμεν
388 1081 468 1134 ἐγώ
509 1096 551 1121 τε
589 1080 659 1121 καὶ
700 1080 753 1121 σὺ
794 1079 839 1120 ἐν
867 1083 954 1126 τοῖς
984 1080 1136 1132 λόγοις.
1169 1078 1214 1119 ἐν
1241 1078 1367 1119 παντὶ
1396 1077 1476 1130 γὰρ
1505 1082 1562 1130 τῷ

214 1149 375 1202 χρόνῳ.
415 1148 465 1187 ὃν
503 1146 805 1198 διαλεγόμεθα,
848 1140 975 1185 οὐδὲν
1014 1144 1243 1194 παυόμεθα
1284 1143 1341 1190 εἰς
1381 1143 1427 1183 τὸ
1458 1139 1562 1182 αὐτὸ

215 1213 283 1254 ozei.
299 1212 625 1265 περιφερόμενοι
649 1211 718 1251 καὶ
748 1211 1006 1262 ἀγνοοῦντες
1036 1205 1228 1262 ἀλλήλων
1259 1205 1281 1249 ὅ
1310 1223 1348 1248 τι
1375 1205 1562 1261 λέγομεν.

282 1347 321 1378 Ρ.
346 1344 422 1378 517.
470 1346 507 1376 Β.
555 1342 601 1377 ὃς
634 1342 787 1384 βούλει
822 1342 1077 1385 εἴργασται]

217 1392 275 1423 sie
299 1395 389 1423 certe
415 1389 545 1431 Cratyl.
569 1401 600 1431 p.
626 1387 702 1420 432
729 1389 767 1419 A.
795 1393 828 1419 et
853 1388 897 1419 al.

283 1436 321 1470 C.
370 1433 449 1477 ἐγώ
481 1438 591 1476 γοῦν
627 1444 670 1465 σε
698 1432 922 1471 πολλάκις]
960 1433 1016 1464 Sic
1040 1433 1126 1464 Ven.
1154 1431 1235 1463 ΞΣ.
1259 1431 1361 1465 Vind
1378 1431 1408 1463 2.
1433 1433 1508 1463 Par
1527 1432 1564 1462 B.

216 1482 305 1513 Flor.
333 1491 362 1511 a.
388 1490 416 1511 e.
444 1479 474 1510 d.
500 1491 543 1510 m.
576 1490 636 1520 pro
670 1479 763 1520 vulg
796 1476 862 1521 ἐγώ
888 1479 972 1514 mim
1007 1477 1097 1519 quod
1130 1477 1244 1508 Helm.
1278 1487 1355 1508 eum
1389 1476 1565 1508 Clarkian.

218 1527 294 1558 Vat.
319 1526 397 1557 aliis
422 1524 629 1556 servandum
654 1524 771 1563 duxit,
803 1525 916 1554 minus
941 1527 1042 1563 reete,
1069 1523 1198 1564 opinor.

217 1571 269 1605 ed.
294 1572 371 1602 Bas.
397 1570 426 1602 2.
454 1574 505 1601 est
529 1570 635 1611 ἔγωγε
660 1569 734 1600 οὐν.

286 1617 328 1647 D.
377 1612 453 1646 ἄλλ’
490 1608 548 1646 ὦ]
580 1613 771 1656 ἔρχεται]
809 1614 849 1646 V.
876 1611 956 1644 ἄλλα
982 1608 1043 1656 053¹.
1077 1611 1155 1643 Ald.
1179 1612 1259 1643 Bas.
1284 1611 1314 1643 1.
1347 1610 1462 1643 Clark.
1488 1611 1566 1643 Vat.

218 1661 323 1693 Coisl.
340 1661 400 1692 alii
425 1658 536 1691 ἅλλωι
554 1659 696 1700 ε”,ρχεται
723 1659 812 1700 quod
838 1670 878 1690 ex
901 1656 967 1690 ἄλλ’
995 1658 1045 1689 [ὑπ’
1070 1663 1180 1689 ortum
1204 1667 1279 1688 esse
1303 1661 1406 1698 patet.
1443 1656 1568 1696 Quam-

1122 1341 1209 1375 ὅςτις
1251 1340 1371 1383 βούλει
1408 1341 1499 1375 Flor
1532 1352 1565 1373 x.

1247 1522 1285 1553 In
1311 1523 1399 1563 Aug.
1425 1523 1564 1555 Meerm.

262 1784 299 1815 B.
349 1782 401 1816 ὥς
436 1794 481 1825 γε
519 1780 760 1814 διακόνους
797 1776 854 1812 εἶ·-

221 1827 493 1870 ιναιπόλεως]
521 1832 737 1868 quatenus
758 1831 858 1857 sunt

217 1874 422 1905 civitatis
471 1872 742 1904 administri.
805 1872 856 1902 De

218 1914 311 1950 εἶναι
341 1918 409 1949 vid.
442 1919 586 1960 Viget.
619 1928 649 1958 p.
676 1915 742 1949 750
766 1927 857 1957 seqq

925 1781 1052 1812 civium
1091 1780 1316 1820 temperantia
1359 1782 1392 1810 et
1435 1778 1567 1810 iustitia

926 1827 1069 1857 formare
1099 1825 1323 1866 neglexerint.
1372 1823 1471 1863 Quod
1496 1824 1568 1864 qui-

926 1871 1001 1902 dem
1043 1870 1152 1902 solum
1189 1871 1233 1901 sit
1267 1869 1411 1911 legitimi
1447 1869 1569 1910 guber-

928 1916 1057 1947 natoris
1095 1915 1255 1946 officium.
1317 1913 1568 1954 Coneluditque

217 1975 248 2005 p.
274 1962 351 1995 888.

265 2006 370 2039 ἀλλὰ
412 2005 490 2050 γὰρ
540 2004 859 2047 μεταβιβάζει]

222 2072 261 2076 —
289 2052 507 2092 διέςιεροι
535 2052 656 2083 ἐκεῖ]
668 2050 726 2091 οι]
753 2051 859 2082 Fici-

221 2109 315 2129 nus:
342 2099 494 2129 Verum
518 2097 557 2128 in
582 2108 647 2136 eo,
666 2096 776 2137 quod
799 2106 859 2127 ea-

222 2145 393 2185 stigare
434 2143 600 2174 civium
646 2141 861 2182 eupidita-

223 2195 286 2220 tes
330 2193 541 2229 oporteat
585 2197 723 2227 neque
760 2185 860 2216 illis

222 2232 544 2271 obsecundare,
586 2231 657 2263 sed
699 2235 738 2261 et
775 2242 860 2272 per-

223 2278 444 2309 suadendo
489 2282 528 2308 et
571 2275 766 2318 cogendo
811 2275 861 2306 ad

223 2323 300 2354 hoe
322 2324 458 2363 ipsum
478 2321 730 2363 perducere,
752 2320 861 2352 unde

224 2367 426 2398 meliores
450 2367 592 2398 futuri
617 2367 708 2397 sint
732 2366 861 2405 cives,

224 2412 362 2450 nihil,
401 2415 445 2442 ut
478 2412 537 2442 ita
572 2411 729 2452 loquar
762 2410 806 2449 (h.
834 2421 862 2441 e.

226 2456 390 2497 paene),
414 2457 530 2487 inter
553 2457 632 2487 hos
658 2460 791 2496 atque
816 2455 861 2486 il-

224 2502 292 2534 los
324 2503 519 2532 interest.
567 2500 661 2532 Idem
687 2500 862 2531 verissime

226 2548 261 2578 in
287 2550 485 2589 argumento
511 2545 656 2587 dialogi:
693 2545 862 2585 „Deridet

227 2592 313 2631 eos'',
339 2592 459 2632 inquit,
486 2591 567 2631 „qui
591 2601 695 2631 quum
720 2590 778 2620 diu
802 2591 864 2622 rei-

226 2637 386 2679 publicae
417 2636 588 2667 tenuerint
617 2634 863 2677 gubernacula,

227 2693 359 2723 semper
374 2681 509 2723 quidem
527 2681 697 2711 civitatem
715 2681 863 2712 externis

227 2728 324 2759 bonis
371 2727 550 2765 auxerint,
606 2726 738 2757 animos
784 2735 864 2756 vero

928 1971 995 1992 non
1019 1960 1118 1991 modo
1139 1970 1208 1990 non
1232 1959 1402 2000 prodesse,
1427 1958 1486 1990 sed
1511 1958 1567 1989 ob-

929 2016 1002 2036 esse
1032 2005 1215 2046 plurimum
1248 2005 1377 2035 civitati
1402 2003 1570 2045 guberna-

929 2056 1029 2089 tores,
1066 2051 1123 2090 qui
1148 2050 1304 2081 fortunae
1329 2050 1440 2090 potius
1467 2059 1569 2089 quam

930 2096 1035 2126 animi
1060 2096 1159 2126 bonis
1183 2093 1423 2136 p1·0spieiant.”
1470 2093 1571 2125 Vide-

930 2141 1009 2172 hcet
1045 2140 1096 2171 illi
1135 2139 1287 2171 Platonis
1323 2139 1492 2171 sententia
1532 2137 1568 2169 τὰ

932 2189 986 2228 τῆς
1020 2183 1149 2217 πόλεως
1175 2184 1359 2222 curabant,
1397 2184 1482 2222 πρὶν
1507 2181 1568 2214 αι’·-

932 2234 987 2272 ῑῆς
1006 2229 1061 2271 τῆεΙ
1080 2228 1209 2263 πόλεως
1233 2240 1347 2260 euram
1373 2230 1570 2270 gessissent,

930 2285 1098 2315 veraeque
1115 2276 1197 2306 artis
1213 2274 1327 2306 civilis
1343 2274 1454 2315 ignari
1476 2274 1570 2315 leges

931 2321 1043 2362 potius
1082 2320 1252 2359 ferebant,
1299 2329 1401 2360 quam
1438 2319 1570 2349 animos

931 2366 1058 2397 civium
1074 2365 1198 2396 virtute
1217 2363 1429 2395 imbuebant.
1455 2364 1496 2394 ef.
1518 2364 1570 2394 De

931 2410 1074 2451 Republ.
1093 2410 1151 2440 IV.
1168 2420 1200 2450 p.
1220 2408 1296 2442 426.
1346 2408 1503 2440 Ceterum
1528 2418 1570 2438 ne

932 2456 1008 2496 quis
1029 2455 1168 2485 haereat
1183 2455 1218 2485 in
1237 2465 1287 2493 eo,
1313 2453 1404 2494 quod
1428 2453 1569 2484 verbum

933 2498 1113 2539 διαφέρειν
1145 2503 1379 2530 constructum
1412 2504 1462 2529 est
1494 2508 1570 2528 cum

932 2544 1079 2585 simplici
1102 2544 1284 2583 infinitivo,
1309 2543 1459 2575 eiusdem
1485 2548 1577 2583 stru-—

933 2594 1050 2622 oturae
1084 2589 1241 2630 exempla
1265 2588 1418 2620 laudavit
1442 2588 1571 2619 Hein-

933 2634 1105 2666 dorfius
1130 2634 1268 2675 Protag.
1288 2644 1320 2675 p.
1341 2632 1419 2665 328.
1443 2634 1484 2664 A.
1517 2633 1569 2663 De

933 2679 1076 2721 Republ.
1092 2679 1150 2710 VI.
1167 2690 1198 2721 p.
1211 2678 1288 2711 495.
1303 2679 1340 2710 E.
1363 2678 1403 2709 cf.
1420 2679 1455 2709 M
1466 2678 1570 2710 atth.

935 2726 992 2758 Gr.
1018 2723 1119 2765 ampl.
1146 2725 1175 2763 ἓ.
1200 2723 1276 2758 535.
1302 2734 1331 2765 p.
1359 2721 1457 2755 1049.
