<?xml version="1.0" encoding="UTF-8"?>
<!DOCTYPE html PUBLIC "-//W3C//DTD XHTML 1.0 Transitional//EN"
    "http://www.w3.org/TR/xhtml1/DTD/xhtml1-transitional.dtd">
<html xmlns="http://www.w3.org/1999/xhtml" xml:lang="en" lang="en">
 <head>
  <title>
</title>
<meta http-equiv="Content-Type" content="text/html;charset=utf-8" />
  <meta name='ocr-system' content='tesseract 3.04.00' />
  <meta name='ocr-capabilities' content='ocr_page ocr_carea ocr_par ocr_line ocrx_word'/>
</head>
<body>
  <div class='ocr_page' id='page_1' title='image "./n1operaomniarecens04platuoft/n1operaomniarecens04platuoft_0509.png"; bbox 0 0 1687 2969; ppageno 0'>
   <div class='ocr_carea' id='block_1_1' title="bbox 364 189 1430 229">
    <p class='ocr_par' dir='ltr' id='par_1_1' title="bbox 364 189 1430 229">
     <span class='ocr_line' id='line_1_1' title="bbox 364 189 1430 229; baseline 0 -1"><span class='ocrx_word' id='word_1_1' title='bbox 364 189 608 229; x_wconf 84' lang='lat' dir='ltr'><strong>GORGIAS.</strong></span> <span class='ocrx_word' id='word_1_2' title='bbox 639 190 681 227; x_wconf 90' lang='lat' dir='ltr'>P.</span> <span class='ocrx_word' id='word_1_3' title='bbox 713 190 806 228; x_wconf 87' lang='lat'>457.</span> <span class='ocrx_word' id='word_1_4' title='bbox 839 193 931 227; x_wconf 84' lang='lat'>458.</span> <span class='ocrx_word' id='word_1_5' title='bbox 963 191 1019 228; x_wconf 85' lang='lat' dir='ltr'>ed.</span> <span class='ocrx_word' id='word_1_6' title='bbox 1053 191 1108 229; x_wconf 86' lang='lat' dir='ltr'>St.</span> <span class='ocrx_word' id='word_1_7' title='bbox 1355 192 1430 228; x_wconf 89' lang='grc'>117</span> 
     </span>
    </p>
   </div>
   <div class='ocr_carea' id='block_1_2' title="bbox 62 291 1545 1071">
    <p class='ocr_par' dir='ltr' id='par_1_2' title="bbox 62 291 1545 1071">
     <span class='ocr_line' id='line_1_2' title="bbox 85 291 1545 351; baseline 0.001 -11"><span class='ocrx_word' id='word_1_8' title='bbox 85 297 166 351; x_wconf 77' lang='grc' dir='ltr'><em>ἐγὼ</em></span> <span class='ocrx_word' id='word_1_9' title='bbox 207 294 312 348; x_wconf 70' lang='grc' dir='ltr'><em>οὖν,</em></span> <span class='ocrx_word' id='word_1_10' title='bbox 355 299 389 339; x_wconf 87' lang='grc' dir='ltr'>εἰ</span> <span class='ocrx_word' id='word_1_11' title='bbox 426 296 503 351; x_wconf 75' lang='grc' dir='ltr'>μὲν</span> <span class='ocrx_word' id='word_1_12' title='bbox 541 297 610 338; x_wconf 82' lang='grc' dir='ltr'>καὶ</span> <span class='ocrx_word' id='word_1_13' title='bbox 649 297 702 338; x_wconf 76' lang='grc' dir='ltr'>σὺ</span> <span class='ocrx_word' id='word_1_14' title='bbox 741 293 781 338; x_wconf 82' lang='grc' dir='ltr'>εἶ</span> <span class='ocrx_word' id='word_1_15' title='bbox 805 300 893 338; x_wconf 79' lang='grc' dir='ltr'>τῶν</span> <span class='ocrx_word' id='word_1_16' title='bbox 922 298 1166 350; x_wconf 63' lang='grc' dir='ltr'>ἀνθρώπων</span> <span class='ocrx_word' id='word_1_17' title='bbox 1195 291 1336 350; x_wconf 78' lang='grc' dir='ltr'><strong><em>ὧνπερ</em></strong></span> <span class='ocrx_word' id='word_1_18' title='bbox 1364 298 1435 340; x_wconf 79' lang='grc' dir='ltr'>καὶ</span> <span class='ocrx_word' id='word_1_19' title='bbox 1463 302 1545 344; x_wconf 80' lang='grc'>458</span> 
     </span>
     <span class='ocr_line' id='line_1_3' title="bbox 84 359 1432 418; baseline 0.001 -14"><span class='ocrx_word' id='word_1_20' title='bbox 84 363 178 417; x_wconf 74' lang='grc' dir='ltr'><em>ἐγώ,</em></span> <span class='ocrx_word' id='word_1_21' title='bbox 208 361 342 418; x_wconf 79' lang='grc' dir='ltr'><em>ἡδέως</em></span> <span class='ocrx_word' id='word_1_22' title='bbox 363 366 418 404; x_wconf 82' lang='grc' dir='ltr'>ἄν</span> <span class='ocrx_word' id='word_1_23' title='bbox 440 374 483 404; x_wconf 86' lang='grc' dir='ltr'>σε</span> <span class='ocrx_word' id='word_1_24' title='bbox 513 359 776 417; x_wconf 70' lang='grc' dir='ltr'>ὃιερωτςόην·</span> <span class='ocrx_word' id='word_1_25' title='bbox 808 363 842 403; x_wconf 84' lang='grc' dir='ltr'>εἰ</span> <span class='ocrx_word' id='word_1_26' title='bbox 870 362 913 404; x_wconf 73' lang='grc' dir='ltr'>δὲ</span> <span class='ocrx_word' id='word_1_27' title='bbox 942 365 1011 416; x_wconf 80' lang='grc' dir='ltr'>μή,</span> <span class='ocrx_word' id='word_1_28' title='bbox 1043 359 1153 418; x_wconf 67' lang='grc' dir='ltr'>ε’ῳήν</span> <span class='ocrx_word' id='word_1_29' title='bbox 1182 366 1247 404; x_wconf 79' lang='grc' dir='ltr'><strong>ἄν.</strong></span> <span class='ocrx_word' id='word_1_30' title='bbox 1279 363 1359 417; x_wconf 82' lang='grc' dir='ltr'><em>ἐγὼ</em></span> <span class='ocrx_word' id='word_1_31' title='bbox 1388 364 1432 405; x_wconf 83' lang='grc' dir='ltr'>δὲ</span> 
     </span>
     <span class='ocr_line' id='line_1_4' title="bbox 83 426 1432 482; baseline 0 -13"><span class='ocrx_word' id='word_1_32' title='bbox 83 429 211 469; x_wconf 84' lang='grc' dir='ltr'><strong><em>τίνων</em></strong></span> <span class='ocrx_word' id='word_1_33' title='bbox 249 429 332 482; x_wconf 84' lang='grc' dir='ltr'><em>εἰμί</em></span> <span class='ocrx_word' id='word_1_34' title='bbox 345 447 355 478; x_wconf 89' lang='grc'>,-</span> <span class='ocrx_word' id='word_1_35' title='bbox 395 431 482 470; x_wconf 76' lang='grc' dir='ltr'>τῶν</span> <span class='ocrx_word' id='word_1_36' title='bbox 518 428 650 482; x_wconf 79' lang='grc' dir='ltr'><em>ἡδέως</em></span> <span class='ocrx_word' id='word_1_37' title='bbox 689 428 766 481; x_wconf 79' lang='grc' dir='ltr'>μὲν</span> <span class='ocrx_word' id='word_1_38' title='bbox 803 427 857 468; x_wconf 73' lang='grc' dir='ltr'>ἂν</span> <span class='ocrx_word' id='word_1_39' title='bbox 896 426 1203 481; x_wconf 74' lang='grc' dir='ltr'><em>ἐλεγχθέντων,</em></span> <span class='ocrx_word' id='word_1_40' title='bbox 1246 428 1346 469; x_wconf 80' lang='grc' dir='ltr'>εἴτι</span> <span class='ocrx_word' id='word_1_41' title='bbox 1375 427 1432 482; x_wconf 83' lang='grc' dir='ltr'>μὴ</span> 
     </span>
     <span class='ocr_line' id='line_1_5' title="bbox 84 490 1432 548; baseline 0 -14"><span class='ocrx_word' id='word_1_42' title='bbox 84 493 238 548; x_wconf 75' lang='grc' dir='ltr'><em>ἀληθὲς</em></span> <span class='ocrx_word' id='word_1_43' title='bbox 266 493 383 548; x_wconf 84' lang='grc' dir='ltr'><em>λέγω,</em></span> <span class='ocrx_word' id='word_1_44' title='bbox 413 492 546 548; x_wconf 81' lang='grc' dir='ltr'><em>ἡδέως</em></span> <span class='ocrx_word' id='word_1_45' title='bbox 575 490 612 535; x_wconf 86' lang='grc' dir='ltr'>δ’</span> <span class='ocrx_word' id='word_1_46' title='bbox 646 493 698 534; x_wconf 76' lang='grc' dir='ltr'>ἂν</span> <span class='ocrx_word' id='word_1_47' title='bbox 727 491 997 546; x_wconf 72' lang='grc' dir='ltr'>ἐλεγξάντων,</span> <span class='ocrx_word' id='word_1_48' title='bbox 1031 494 1070 534; x_wconf 83' lang='grc' dir='ltr'>εἴ</span> <span class='ocrx_word' id='word_1_49' title='bbox 1095 494 1156 541; x_wconf 81' lang='grc' dir='ltr'>τίς</span> <span class='ocrx_word' id='word_1_50' title='bbox 1184 510 1219 534; x_wconf 84' lang='grc' dir='ltr'>τι</span> <span class='ocrx_word' id='word_1_51' title='bbox 1251 492 1306 547; x_wconf 76' lang='grc' dir='ltr'>μὴ</span> <span class='ocrx_word' id='word_1_52' title='bbox 1337 495 1432 548; x_wconf 76' lang='grc' dir='ltr'><em>ἁλη-</em></span> 
     </span>
     <span class='ocr_line' id='line_1_6' title="bbox 83 555 1431 613; baseline -0.001 -13"><span class='ocrx_word' id='word_1_53' title='bbox 83 559 157 608; x_wconf 79' lang='grc' dir='ltr'>θὲς</span> <span class='ocrx_word' id='word_1_54' title='bbox 184 559 310 613; x_wconf 81' lang='grc' dir='ltr'><em>λέγοι,</em></span> <span class='ocrx_word' id='word_1_55' title='bbox 340 560 419 601; x_wconf 85' lang='grc' dir='ltr'><em>οὐκ</em></span> <span class='ocrx_word' id='word_1_56' title='bbox 442 558 696 613; x_wconf 71' lang='grc' dir='ltr'><em>ἀηδέστερον</em></span> <span class='ocrx_word' id='word_1_57' title='bbox 724 555 838 611; x_wconf 77' lang='grc' dir='ltr'><strong><em>μέντ’</em></strong></span> <span class='ocrx_word' id='word_1_58' title='bbox 871 558 924 599; x_wconf 74' lang='grc' dir='ltr'>ἂν</span> <span class='ocrx_word' id='word_1_59' title='bbox 954 557 1239 612; x_wconf 77' lang='grc' dir='ltr'><strong><em>ἐλεγχθέντων</em></strong></span> <span class='ocrx_word' id='word_1_60' title='bbox 1267 558 1293 611; x_wconf 78' lang='grc' dir='ltr'>ἢ</span> <span class='ocrx_word' id='word_1_61' title='bbox 1324 557 1431 612; x_wconf 78' lang='grc' dir='ltr'><em>ἐλεγ-</em></span> 
     </span>
     <span class='ocr_line' id='line_1_7' title="bbox 81 619 1432 679; baseline 0 -14"><span class='ocrx_word' id='word_1_62' title='bbox 81 624 262 675; x_wconf 79' lang='grc' dir='ltr'><strong><em>ξάντων·</em></strong></span> <span class='ocrx_word' id='word_1_63' title='bbox 289 625 433 678; x_wconf 81' lang='grc' dir='ltr'><em>μεῖζον</em></span> <span class='ocrx_word' id='word_1_64' title='bbox 451 624 532 676; x_wconf 76' lang='grc' dir='ltr'><em>γὰρ</em></span> <span class='ocrx_word' id='word_1_65' title='bbox 559 619 664 665; x_wconf 81' lang='grc' dir='ltr'>αὐτὸ</span> <span class='ocrx_word' id='word_1_66' title='bbox 684 623 855 676; x_wconf 74' lang='grc' dir='ltr'><em>ἀγαθὸν</em></span> <span class='ocrx_word' id='word_1_67' title='bbox 874 624 1072 678; x_wconf 73' lang='grc' dir='ltr'><em>ἡγοῦμαι,</em></span> <span class='ocrx_word' id='word_1_68' title='bbox 1103 619 1270 679; x_wconf 75' lang='grc' dir='ltr'><em>ὅσῳπερ</em></span> <span class='ocrx_word' id='word_1_69' title='bbox 1290 626 1432 677; x_wconf 81' lang='grc' dir='ltr'><em>μεῖζον</em></span> 
     </span>
     <span class='ocr_line' id='line_1_8' title="bbox 83 685 1432 743; baseline -0.001 -12"><span class='ocrx_word' id='word_1_70' title='bbox 83 690 255 743; x_wconf 76' lang='grc' dir='ltr'><em>ἀγαθόν</em></span> <span class='ocrx_word' id='word_1_71' title='bbox 293 687 405 730; x_wconf 79' lang='grc' dir='ltr'><strong><em>ἐστιν</em></strong></span> <span class='ocrx_word' id='word_1_72' title='bbox 442 685 575 730; x_wconf 81' lang='grc' dir='ltr'><strong><em>αὐτὸν</em></strong></span> <span class='ocrx_word' id='word_1_73' title='bbox 614 690 909 743; x_wconf 71' lang='grc' dir='ltr'><em>ἀπαλλαγῆναι</em></span> <span class='ocrx_word' id='word_1_74' title='bbox 949 705 1085 730; x_wconf 78' lang='grc' dir='ltr'><em>κακου</em></span> <span class='ocrx_word' id='word_1_75' title='bbox 1124 694 1201 729; x_wconf 83' lang='grc' dir='ltr'>τοῦ</span> <span class='ocrx_word' id='word_1_76' title='bbox 1232 690 1432 742; x_wconf 82' lang='grc' dir='ltr'><em>μεγίστου</em></span> 
     </span>
     <span class='ocr_line' id='line_1_9' title="bbox 62 749 1432 808; baseline -0.001 -12"><span class='ocrx_word' id='word_1_77' title='bbox 62 755 108 808; x_wconf 77' lang='grc' dir='ltr'>’ἢ</span> <span class='ocrx_word' id='word_1_78' title='bbox 155 756 287 796; x_wconf 80' lang='grc' dir='ltr'><em>ἄλλον</em></span> <span class='ocrx_word' id='word_1_79' title='bbox 328 755 572 804; x_wconf 74' lang='grc' dir='ltr'><em>ἀπαλλάξαι.</em></span> <span class='ocrx_word' id='word_1_80' title='bbox 610 749 737 795; x_wconf 76' lang='grc' dir='ltr'><em>οὐδὲν</em></span> <span class='ocrx_word' id='word_1_81' title='bbox 774 770 856 808; x_wconf 78' lang='grc' dir='ltr'><em>γαρ</em></span> <span class='ocrx_word' id='word_1_82' title='bbox 896 751 1013 808; x_wconf 80' lang='grc' dir='ltr'><em>οἶμαι</em></span> <span class='ocrx_word' id='word_1_83' title='bbox 1051 757 1261 795; x_wconf 84' lang='grc' dir='ltr'><em>τοσοῦτον</em></span> <span class='ocrx_word' id='word_1_84' title='bbox 1298 752 1432 795; x_wconf 82' lang='grc' dir='ltr'><strong><em>κακὸν</em></strong></span> 
     </span>
     <span class='ocr_line' id='line_1_10' title="bbox 86 812 1500 875; baseline 0.001 -15"><span class='ocrx_word' id='word_1_85' title='bbox 86 816 195 861; x_wconf 82' lang='grc' dir='ltr'><em>εἶναι</em></span> <span class='ocrx_word' id='word_1_86' title='bbox 220 819 450 875; x_wconf 79' lang='grc' dir='ltr'><strong><em>ἄνθρωπῳ,</em></strong></span> <span class='ocrx_word' id='word_1_87' title='bbox 480 819 583 861; x_wconf 85' lang='grc' dir='ltr'><em>ὅσον</em></span> <span class='ocrx_word' id='word_1_88' title='bbox 599 820 700 869; x_wconf 78' lang='grc' dir='ltr'><em>δόξα</em></span> <span class='ocrx_word' id='word_1_89' title='bbox 729 819 889 872; x_wconf 60' lang='grc' dir='ltr'><em>ψευδὴς</em></span> <span class='ocrx_word' id='word_1_90' title='bbox 917 820 1009 873; x_wconf 77' lang='grc' dir='ltr'><em>περὶ</em></span> <span class='ocrx_word' id='word_1_91' title='bbox 1039 812 1100 860; x_wconf 80' lang='grc' dir='ltr'>ὧν</span> <span class='ocrx_word' id='word_1_92' title='bbox 1127 820 1326 872; x_wconf 72' lang='grc' dir='ltr'>τυγχάνει</span> <span class='ocrx_word' id='word_1_93' title='bbox 1350 823 1433 860; x_wconf 85' lang='grc' dir='ltr'>νῦν</span> <span class='ocrx_word' id='word_1_94' title='bbox 1463 819 1500 861; x_wconf 87' lang='grc' dir='ltr'>Β</span> 
     </span>
     <span class='ocr_line' id='line_1_11' title="bbox 83 880 1431 940; baseline -0.001 -13"><span class='ocrx_word' id='word_1_95' title='bbox 83 885 187 940; x_wconf 80' lang='grc' dir='ltr'>ἡμῖν</span> <span class='ocrx_word' id='word_1_96' title='bbox 215 884 238 926; x_wconf 89' lang='lat'><em>6</em></span> <span class='ocrx_word' id='word_1_97' title='bbox 260 885 386 938; x_wconf 81' lang='grc' dir='ltr'><em>λόγος</em></span> <span class='ocrx_word' id='word_1_98' title='bbox 415 885 487 925; x_wconf 79' lang='grc' dir='ltr'>ὤν.</span> <span class='ocrx_word' id='word_1_99' title='bbox 517 884 552 925; x_wconf 82' lang='grc' dir='ltr'>εἰ</span> <span class='ocrx_word' id='word_1_100' title='bbox 580 884 658 938; x_wconf 74' lang='grc' dir='ltr'>μὲν</span> <span class='ocrx_word' id='word_1_101' title='bbox 687 880 765 925; x_wconf 83' lang='grc' dir='ltr'>οὖν</span> <span class='ocrx_word' id='word_1_102' title='bbox 793 883 862 925; x_wconf 81' lang='grc' dir='ltr'>καὶ</span> <span class='ocrx_word' id='word_1_103' title='bbox 892 884 945 925; x_wconf 88' lang='grc' dir='ltr'>συ</span> <span class='ocrx_word' id='word_1_104' title='bbox 973 882 1058 938; x_wconf 69' lang='grc' dir='ltr'>φὴς</span> <span class='ocrx_word' id='word_1_105' title='bbox 1087 888 1280 933; x_wconf 79' lang='grc' dir='ltr'><em>τοιοῦτος</em></span> <span class='ocrx_word' id='word_1_106' title='bbox 1309 881 1431 934; x_wconf 78' lang='grc' dir='ltr'>εἶναι,</span> 
     </span>
     <span class='ocr_line' id='line_1_12' title="bbox 85 948 1430 1004; baseline -0.002 -11"><span class='ocrx_word' id='word_1_107' title='bbox 85 951 396 1004; x_wconf 80' lang='grc' dir='ltr'><em>διαλεγώμεθα·</em></span> <span class='ocrx_word' id='word_1_108' title='bbox 437 950 473 991; x_wconf 83' lang='grc' dir='ltr'>εἰ</span> <span class='ocrx_word' id='word_1_109' title='bbox 510 948 554 991; x_wconf 78' lang='grc' dir='ltr'>δὲ</span> <span class='ocrx_word' id='word_1_110' title='bbox 592 950 662 991; x_wconf 86' lang='grc' dir='ltr'>καὶ</span> <span class='ocrx_word' id='word_1_111' title='bbox 699 950 817 991; x_wconf 81' lang='grc' dir='ltr'><em>δοκεῖ</em></span> <span class='ocrx_word' id='word_1_112' title='bbox 852 956 1004 1003; x_wconf 85' lang='grc' dir='ltr'><em>χοῆναι</em></span> <span class='ocrx_word' id='word_1_113' title='bbox 1045 949 1138 992; x_wconf 75' lang='grc' dir='ltr'>ἐὰν</span> <span class='ocrx_word' id='word_1_114' title='bbox 1182 948 1314 1003; x_wconf 76' lang='grc' dir='ltr'><strong><em>ἐῶμεν</em></strong></span> <span class='ocrx_word' id='word_1_115' title='bbox 1350 950 1430 1004; x_wconf 80' lang='grc' dir='ltr'>ἤδη</span> 
     </span>
     <span class='ocr_line' id='line_1_13' title="bbox 84 1009 1428 1071; baseline -0.001 -14"><span class='ocrx_word' id='word_1_116' title='bbox 84 1018 245 1071; x_wconf 79' lang='grc' dir='ltr'><strong><em>χαίρειν</em></strong></span> <span class='ocrx_word' id='word_1_117' title='bbox 279 1016 347 1057; x_wconf 83' lang='grc' dir='ltr'>καὶ</span> <span class='ocrx_word' id='word_1_118' title='bbox 388 1015 627 1068; x_wconf 82' lang='grc' dir='ltr'>διαλύωμεν</span> <span class='ocrx_word' id='word_1_119' title='bbox 663 1017 739 1056; x_wconf 88' lang='grc' dir='ltr'>τὸν</span> <span class='ocrx_word' id='word_1_120' title='bbox 776 1016 918 1068; x_wconf 87' lang='grc' dir='ltr'><em>λόγον.</em></span> <span class='ocrx_word' id='word_1_121' title='bbox 987 1017 1028 1055; x_wconf 93' lang='grc' dir='ltr'>Γ</span> <span class='ocrx_word' id='word_1_122' title='bbox 1029 1016 1113 1055; x_wconf 93' lang='grc' dir='ltr'>ΟΡ.</span> <span class='ocrx_word' id='word_1_123' title='bbox 1163 1009 1285 1055; x_wconf 81' lang='grc' dir='ltr'><em>Ἀλλὰ</em></span> <span class='ocrx_word' id='word_1_124' title='bbox 1324 1014 1428 1068; x_wconf 82' lang='grc' dir='ltr'>φημὶ</span> 
     </span>
    </p>
   </div>
   <div class='ocr_carea' id='block_1_3' title="bbox 80 1136 1431 1271">
    <p class='ocr_par' dir='ltr' id='par_1_3' title="bbox 80 1136 1431 1271">
     <span class='ocr_line' id='line_1_14' title="bbox 80 1136 1431 1183; baseline -0.002 -12"><span class='ocrx_word' id='word_1_125' title='bbox 80 1150 172 1183; x_wconf 85' lang='grc' dir='ltr'><em>γοιμι</em></span> <span class='ocrx_word' id='word_1_126' title='bbox 201 1139 320 1171; x_wconf 82' lang='lat' dir='ltr'>invitis</span> <span class='ocrx_word' id='word_1_127' title='bbox 352 1137 450 1170; x_wconf 88' lang='lat' dir='ltr'>codd.</span> <span class='ocrx_word' id='word_1_128' title='bbox 481 1138 550 1170; x_wconf 86' lang='lat' dir='ltr'>fere</span> <span class='ocrx_word' id='word_1_129' title='bbox 581 1136 752 1170; x_wconf 83' lang='lat' dir='ltr'>omnibus.</span> <span class='ocrx_word' id='word_1_130' title='bbox 787 1138 864 1169; x_wconf 83' lang='lat' dir='ltr'>Par.</span> <span class='ocrx_word' id='word_1_131' title='bbox 888 1137 914 1168; x_wconf 93' lang='grc' dir='ltr'>Ι.</span> <span class='ocrx_word' id='word_1_132' title='bbox 940 1136 1035 1180; x_wconf 76' lang='grc' dir='ltr'><em>λέγει.</em></span> <span class='ocrx_word' id='word_1_133' title='bbox 1072 1138 1229 1169; x_wconf 81' lang='lat' dir='ltr'><strong>Praestat</strong></span> <span class='ocrx_word' id='word_1_134' title='bbox 1252 1136 1347 1180; x_wconf 79' lang='grc' dir='ltr'><em>λέγω.</em></span> <span class='ocrx_word' id='word_1_135' title='bbox 1388 1137 1431 1169; x_wconf 86' lang='lat' dir='ltr'>cf.</span> 
     </span>
     <span class='ocr_line' id='line_1_15' title="bbox 83 1181 956 1226; baseline -0.005 -9"><span class='ocrx_word' id='word_1_136' title='bbox 83 1188 198 1217; x_wconf 88' lang='lat' dir='ltr'>annot.</span> <span class='ocrx_word' id='word_1_137' title='bbox 225 1184 267 1216; x_wconf 90' lang='lat' dir='ltr'>ad</span> <span class='ocrx_word' id='word_1_138' title='bbox 291 1183 391 1226; x_wconf 88' lang='lat' dir='ltr'>Apol.</span> <span class='ocrx_word' id='word_1_139' title='bbox 417 1194 448 1225; x_wconf 94' lang='lat' dir='ltr'>p.</span> <span class='ocrx_word' id='word_1_140' title='bbox 472 1182 526 1216; x_wconf 76' lang='lat'>25.</span> <span class='ocrx_word' id='word_1_141' title='bbox 550 1184 588 1215; x_wconf 93' lang='grc' dir='ltr'>Β.</span> <span class='ocrx_word' id='word_1_142' title='bbox 621 1183 736 1225; x_wconf 86' lang='lat' dir='ltr'>Symp.</span> <span class='ocrx_word' id='word_1_143' title='bbox 761 1193 792 1224; x_wconf 92' lang='lat' dir='ltr'>p.</span> <span class='ocrx_word' id='word_1_144' title='bbox 818 1181 893 1215; x_wconf 86' lang='grc'>176.</span> <span class='ocrx_word' id='word_1_145' title='bbox 920 1183 956 1214; x_wconf 91' lang='lat' dir='ltr'>B.</span> 
     </span>
     <span class='ocr_line' id='line_1_16' title="bbox 152 1227 1194 1271; baseline -0.004 -9"><span class='ocrx_word' id='word_1_146' title='bbox 152 1232 285 1262; x_wconf 88' lang='grc' dir='ltr'><em>κακοῦ</em></span> <span class='ocrx_word' id='word_1_147' title='bbox 310 1232 385 1261; x_wconf 83' lang='grc' dir='ltr'>τοῦ</span> <span class='ocrx_word' id='word_1_148' title='bbox 408 1227 639 1271; x_wconf 85' lang='grc' dir='ltr'><em>μεγίστου]</em></span> <span class='ocrx_word' id='word_1_149' title='bbox 665 1229 722 1260; x_wconf 84' lang='lat' dir='ltr'>Sic</span> <span class='ocrx_word' id='word_1_150' title='bbox 747 1228 864 1261; x_wconf 88' lang='lat' dir='ltr'><strong>Clark.</strong></span> <span class='ocrx_word' id='word_1_151' title='bbox 889 1228 979 1260; x_wconf 78' lang='lat' dir='ltr'>Vett.</span> <span class='ocrx_word' id='word_1_152' title='bbox 1005 1227 1096 1259; x_wconf 86' lang='lat' dir='ltr'>editt.</span> <span class='ocrx_word' id='word_1_153' title='bbox 1125 1239 1194 1259; x_wconf 77' lang='grc' dir='ltr'><strong>του.</strong></span> 
     </span>
    </p>
   </div>
   <div class='ocr_carea' id='block_1_4' title="bbox 83 1339 742 2740">
    <p class='ocr_par' dir='ltr' id='par_1_4' title="bbox 83 1339 733 2370">
     <span class='ocr_line' id='line_1_17' title="bbox 84 1339 722 1384; baseline -0.006 -8"><span class='ocrx_word' id='word_1_154' title='bbox 84 1340 131 1377; x_wconf 75' lang='grc' dir='ltr'>ὥς</span> <span class='ocrx_word' id='word_1_155' title='bbox 163 1343 268 1380; x_wconf 80' lang='grc' dir='ltr'><em>ἔοικε,</em></span> <span class='ocrx_word' id='word_1_156' title='bbox 303 1343 371 1374; x_wconf 84' lang='grc' dir='ltr'>καὶ</span> <span class='ocrx_word' id='word_1_157' title='bbox 406 1339 490 1384; x_wconf 76' lang='grc' dir='ltr'>ἡμῖν</span> <span class='ocrx_word' id='word_1_158' title='bbox 520 1342 722 1384; x_wconf 74' lang='grc' dir='ltr'><strong>ξυγχωρεῖν.</strong></span> 
     </span>
     <span class='ocr_line' id='line_1_18' title="bbox 83 1385 720 1429; baseline -0.006 -8"><span class='ocrx_word' id='word_1_159' title='bbox 83 1388 257 1421; x_wconf 82' lang='lat' dir='ltr'><strong>Phaedon.</strong></span> <span class='ocrx_word' id='word_1_160' title='bbox 281 1398 314 1429; x_wconf 92' lang='lat' dir='ltr'>p.</span> <span class='ocrx_word' id='word_1_161' title='bbox 333 1386 386 1420; x_wconf 85' lang='lat'>64.</span> <span class='ocrx_word' id='word_1_162' title='bbox 408 1387 453 1419; x_wconf 90' lang='lat' dir='ltr'>C:</span> <span class='ocrx_word' id='word_1_163' title='bbox 479 1385 540 1418; x_wconf 80' lang='grc' dir='ltr'>ἐὰν</span> <span class='ocrx_word' id='word_1_164' title='bbox 563 1386 629 1427; x_wconf 81' lang='grc' dir='ltr'><em>ἄοα</em></span> <span class='ocrx_word' id='word_1_165' title='bbox 654 1387 720 1418; x_wconf 82' lang='grc' dir='ltr'>καὶ</span> 
     </span>
     <span class='ocr_line' id='line_1_19' title="bbox 89 1431 723 1475; baseline -0.005 -9"><span class='ocrx_word' id='word_1_166' title='bbox 89 1433 142 1466; x_wconf 81' lang='grc' dir='ltr'><em>σοὶ</em></span> <span class='ocrx_word' id='word_1_167' title='bbox 160 1432 313 1475; x_wconf 77' lang='grc' dir='ltr'><em>ξυιδοκῇ</em></span> <span class='ocrx_word' id='word_1_168' title='bbox 330 1431 417 1473; x_wconf 74' lang='grc' dir='ltr'>ὅπερ</span> <span class='ocrx_word' id='word_1_169' title='bbox 436 1432 504 1464; x_wconf 83' lang='grc' dir='ltr'>καὶ</span> <span class='ocrx_word' id='word_1_170' title='bbox 527 1431 611 1471; x_wconf 81' lang='grc' dir='ltr'><strong>ἐμοί.</strong></span> <span class='ocrx_word' id='word_1_171' title='bbox 638 1431 723 1463; x_wconf 85' lang='lat' dir='ltr'>lbid.</span> 
     </span>
     <span class='ocr_line' id='line_1_20' title="bbox 84 1476 726 1534; baseline -0.006 -23"><span class='ocrx_word' id='word_1_172' title='bbox 84 1490 118 1534; x_wconf 90' lang='lat' dir='ltr'>p.</span> <span class='ocrx_word' id='word_1_173' title='bbox 134 1477 187 1511; x_wconf 86' lang='grc'>76.</span> <span class='ocrx_word' id='word_1_174' title='bbox 202 1479 248 1511; x_wconf 85' lang='lat' dir='ltr'>E:</span> <span class='ocrx_word' id='word_1_175' title='bbox 274 1476 382 1512; x_wconf 75' lang='grc' dir='ltr'><em>οὕτως</em></span> <span class='ocrx_word' id='word_1_176' title='bbox 399 1476 511 1518; x_wconf 77' lang='grc' dir='ltr'><strong><em>ὥςπερ</em></strong></span> <span class='ocrx_word' id='word_1_177' title='bbox 530 1479 596 1510; x_wconf 81' lang='grc' dir='ltr'>καὶ</span> <span class='ocrx_word' id='word_1_178' title='bbox 624 1481 726 1509; x_wconf 85' lang='grc' dir='ltr'><em>ταῦτα</em></span> 
     </span>
     <span class='ocr_line' id='line_1_21' title="bbox 83 1520 726 1569; baseline -0.003 -14"><span class='ocrx_word' id='word_1_179' title='bbox 83 1524 193 1562; x_wconf 60' lang='grc' dir='ltr'>ἔσῖίῖ)</span> <span class='ocrx_word' id='word_1_180' title='bbox 225 1523 334 1569; x_wconf 56' lang='grc' dir='ltr'><em>0·ὕῖωέ</em></span> <span class='ocrx_word' id='word_1_181' title='bbox 366 1523 434 1555; x_wconf 76' lang='grc' dir='ltr'>καὶ</span> <span class='ocrx_word' id='word_1_182' title='bbox 466 1535 503 1566; x_wconf 77' lang='grc' dir='ltr'>ἴη</span> <span class='ocrx_word' id='word_1_183' title='bbox 511 1535 527 1553; x_wconf 80' lang='lat'>1¹</span> <span class='ocrx_word' id='word_1_184' title='bbox 558 1520 726 1565; x_wconf 62' lang='grc' dir='ltr'>ἡμεϊέραν</span> 
     </span>
     <span class='ocr_line' id='line_1_22' title="bbox 85 1536 724 1612; baseline -0.005 -11"><span class='ocrx_word' id='word_1_185' title='bbox 85 1567 199 1612; x_wconf 81' lang='grc' dir='ltr'><strong><em>ψυχὴν</em></strong></span> <span class='ocrx_word' id='word_1_186' title='bbox 219 1564 318 1601; x_wconf 82' lang='grc' dir='ltr'>εἶναι.</span> <span class='ocrx_word' id='word_1_187' title='bbox 342 1569 394 1600; x_wconf 86' lang='lat' dir='ltr'>De</span> <span class='ocrx_word' id='word_1_188' title='bbox 410 1536 503 1610; x_wconf 71' lang='grc' dir='ltr'>ΒθΡη</span> <span class='ocrx_word' id='word_1_189' title='bbox 508 1568 585 1599; x_wconf 89' lang='lat' dir='ltr'>VII.</span> <span class='ocrx_word' id='word_1_190' title='bbox 600 1578 632 1609; x_wconf 94' lang='lat' dir='ltr'>p</span> <span class='ocrx_word' id='word_1_191' title='bbox 648 1567 724 1600; x_wconf 76' lang='grc'>519.</span> 
     </span>
     <span class='ocr_line' id='line_1_23' title="bbox 84 1611 724 1668; baseline -0.003 -22"><span class='ocrx_word' id='word_1_192' title='bbox 84 1615 125 1646; x_wconf 94' lang='lat' dir='ltr'>A.</span> <span class='ocrx_word' id='word_1_193' title='bbox 170 1614 316 1656; x_wconf 87' lang='lat' dir='ltr'>Apolog.</span> <span class='ocrx_word' id='word_1_194' title='bbox 360 1614 490 1646; x_wconf 85' lang='lat' dir='ltr'>Socrat.</span> <span class='ocrx_word' id='word_1_195' title='bbox 525 1623 556 1668; x_wconf 92' lang='lat' dir='ltr'>p.</span> <span class='ocrx_word' id='word_1_196' title='bbox 588 1611 642 1645; x_wconf 82' lang='lat'>22.</span> <span class='ocrx_word' id='word_1_197' title='bbox 674 1613 724 1644; x_wconf 93' lang='lat' dir='ltr'>D·</span> 
     </span>
     <span class='ocr_line' id='line_1_24' title="bbox 86 1656 728 1700; baseline -0.005 -9"><span class='ocrx_word' id='word_1_198' title='bbox 86 1659 171 1700; x_wconf 60' lang='lat'><em>5:169</em></span> <span class='ocrx_word' id='word_1_199' title='bbox 218 1659 287 1691; x_wconf 70' lang='grc' dir='ltr'>καὶ</span> <span class='ocrx_word' id='word_1_200' title='bbox 331 1658 367 1690; x_wconf 77' lang='grc' dir='ltr'>Οἱ</span> <span class='ocrx_word' id='word_1_201' title='bbox 409 1659 543 1700; x_wconf 70' lang='grc' dir='ltr'><strong><em>ποίηῖαὶ</em></strong></span> <span class='ocrx_word' id='word_1_202' title='bbox 584 1658 652 1689; x_wconf 74' lang='grc' dir='ltr'>καὶ</span> <span class='ocrx_word' id='word_1_203' title='bbox 693 1656 728 1688; x_wconf 77' lang='grc' dir='ltr'>Οἱ</span> 
     </span>
     <span class='ocr_line' id='line_1_25' title="bbox 85 1703 726 1747; baseline -0.006 -10"><span class='ocrx_word' id='word_1_204' title='bbox 85 1703 214 1747; x_wconf 69' lang='grc' dir='ltr'><em>ἀγαθοὶ</em></span> <span class='ocrx_word' id='word_1_205' title='bbox 247 1703 470 1747; x_wconf 79' lang='grc' dir='ltr'><em>δημιουργοί,</em></span> <span class='ocrx_word' id='word_1_206' title='bbox 512 1703 572 1735; x_wconf 89' lang='lat' dir='ltr'>ubi</span> <span class='ocrx_word' id='word_1_207' title='bbox 604 1714 635 1734; x_wconf 88' lang='lat' dir='ltr'>v.</span> <span class='ocrx_word' id='word_1_208' title='bbox 668 1713 726 1733; x_wconf 90' lang='lat' dir='ltr'>an-</span> 
     </span>
     <span class='ocr_line' id='line_1_26' title="bbox 85 1745 727 1790; baseline -0.006 -7"><span class='ocrx_word' id='word_1_209' title='bbox 85 1755 156 1783; x_wconf 93' lang='lat' dir='ltr'>not.</span> <span class='ocrx_word' id='word_1_210' title='bbox 200 1749 363 1782; x_wconf 88' lang='lat' dir='ltr'>Proxima</span> <span class='ocrx_word' id='word_1_211' title='bbox 396 1749 432 1781; x_wconf 86' lang='grc' dir='ltr'>εἴ</span> <span class='ocrx_word' id='word_1_212' title='bbox 463 1760 511 1781; x_wconf 71' lang='lat' dir='ltr'>ns</span> <span class='ocrx_word' id='word_1_213' title='bbox 544 1760 571 1780; x_wconf 84' lang='grc' dir='ltr'>τι</span> <span class='ocrx_word' id='word_1_214' title='bbox 602 1745 645 1790; x_wconf 83' lang='grc' dir='ltr'>μὴ</span> <span class='ocrx_word' id='word_1_215' title='bbox 677 1745 727 1779; x_wconf 81' lang='grc' dir='ltr'>ἀλ.</span> 
     </span>
     <span class='ocr_line' id='line_1_27' title="bbox 87 1792 726 1838; baseline -0.008 -10"><span class='ocrx_word' id='word_1_216' title='bbox 87 1795 175 1838; x_wconf 81' lang='grc' dir='ltr'><em>λέγοι</em></span> <span class='ocrx_word' id='word_1_217' title='bbox 199 1795 382 1827; x_wconf 86' lang='lat' dir='ltr'>Ficinus</span> <span class='ocrx_word' id='word_1_218' title='bbox 406 1793 532 1826; x_wconf 82' lang='lat' dir='ltr'><strong>reddit:</strong></span> <span class='ocrx_word' id='word_1_219' title='bbox 564 1794 600 1825; x_wconf 88' lang='lat' dir='ltr'>si</span> <span class='ocrx_word' id='word_1_220' title='bbox 625 1792 726 1834; x_wconf 88' lang='lat' dir='ltr'>quid</span> 
     </span>
     <span class='ocr_line' id='line_1_28' title="bbox 86 1838 727 1882; baseline -0.006 -9"><span class='ocrx_word' id='word_1_221' title='bbox 86 1841 247 1873; x_wconf 87' lang='lat' dir='ltr'>falsum</span> <span class='ocrx_word' id='word_1_222' title='bbox 286 1839 537 1882; x_wconf 88' lang='lat' dir='ltr'>ineptumve</span> <span class='ocrx_word' id='word_1_223' title='bbox 568 1838 727 1870; x_wconf 87' lang='lat' dir='ltr'>dicant.</span> 
     </span>
     <span class='ocr_line' id='line_1_29' title="bbox 88 1884 727 1929; baseline -0.006 -11"><span class='ocrx_word' id='word_1_224' title='bbox 88 1886 291 1929; x_wconf 82' lang='lat' dir='ltr'>Optativus‚</span> <span class='ocrx_word' id='word_1_225' title='bbox 343 1885 403 1926; x_wconf 91' lang='lat' dir='ltr'>qui</span> <span class='ocrx_word' id='word_1_226' title='bbox 446 1884 612 1916; x_wconf 90' lang='lat' dir='ltr'>librorum</span> <span class='ocrx_word' id='word_1_227' title='bbox 658 1884 727 1915; x_wconf 87' lang='lat' dir='ltr'>fere</span> 
     </span>
     <span class='ocr_line' id='line_1_30' title="bbox 87 1929 729 1967; baseline -0.006 -3"><span class='ocrx_word' id='word_1_228' title='bbox 87 1932 240 1964; x_wconf 88' lang='lat' dir='ltr'>omnium</span> <span class='ocrx_word' id='word_1_229' title='bbox 272 1930 493 1962; x_wconf 84' lang='lat' dir='ltr'>confirmatur</span> <span class='ocrx_word' id='word_1_230' title='bbox 515 1929 729 1967; x_wconf 86' lang='lat' dir='ltr'>auctoritate,</span> 
     </span>
     <span class='ocr_line' id='line_1_31' title="bbox 88 1975 729 2017; baseline -0.006 -8"><span class='ocrx_word' id='word_1_231' title='bbox 88 1987 167 2010; x_wconf 89' lang='lat' dir='ltr'>cum</span> <span class='ocrx_word' id='word_1_232' title='bbox 213 1977 383 2008; x_wconf 83' lang='lat' dir='ltr'>sententia</span> <span class='ocrx_word' id='word_1_233' title='bbox 423 1975 518 2017; x_wconf 86' lang='lat' dir='ltr'>ipsa,</span> <span class='ocrx_word' id='word_1_234' title='bbox 573 1975 729 2017; x_wconf 80' lang='lat' dir='ltr'>quamvis</span> 
     </span>
     <span class='ocr_line' id='line_1_32' title="bbox 88 2019 728 2073; baseline -0.006 -19"><span class='ocrx_word' id='word_1_235' title='bbox 88 2020 314 2073; x_wconf 80' lang='lat' dir='ltr'>praecedente</span> <span class='ocrx_word' id='word_1_236' title='bbox 373 2020 563 2052; x_wconf 86' lang='lat' dir='ltr'>indicativo</span> <span class='ocrx_word' id='word_1_237' title='bbox 625 2019 728 2062; x_wconf 81' lang='grc' dir='ltr'><em>λέγω,</em></span> 
     </span>
     <span class='ocr_line' id='line_1_33' title="bbox 88 2064 732 2109; baseline -0.005 -11"><span class='ocrx_word' id='word_1_238' title='bbox 88 2067 224 2109; x_wconf 80' lang='lat' dir='ltr'>egregie</span> <span class='ocrx_word' id='word_1_239' title='bbox 248 2066 415 2108; x_wconf 86' lang='lat' dir='ltr'>congruit.</span> <span class='ocrx_word' id='word_1_240' title='bbox 462 2066 551 2097; x_wconf 91' lang='lat' dir='ltr'>Nam</span> <span class='ocrx_word' id='word_1_241' title='bbox 575 2064 732 2097; x_wconf 81' lang='lat' dir='ltr'>Socrates</span> 
     </span>
     <span class='ocr_line' id='line_1_34' title="bbox 91 2110 731 2163; baseline -0.006 -19"><span class='ocrx_word' id='word_1_242' title='bbox 91 2113 202 2153; x_wconf 81' lang='grc' dir='ltr'><strong><em>εἴρων</em></strong></span> <span class='ocrx_word' id='word_1_243' title='bbox 236 2110 277 2144; x_wconf 88' lang='lat' dir='ltr'>de</span> <span class='ocrx_word' id='word_1_244' title='bbox 307 2121 344 2143; x_wconf 89' lang='lat' dir='ltr'>se</span> <span class='ocrx_word' id='word_1_245' title='bbox 374 2111 520 2163; x_wconf 79' lang='lat' dir='ltr'>loquens</span> <span class='ocrx_word' id='word_1_246' title='bbox 550 2110 658 2142; x_wconf 88' lang='lat' dir='ltr'>utitur</span> <span class='ocrx_word' id='word_1_247' title='bbox 681 2110 731 2140; x_wconf 87' lang='lat' dir='ltr'>in-</span> 
     </span>
     <span class='ocr_line' id='line_1_35' title="bbox 91 2154 731 2198; baseline -0.006 -9"><span class='ocrx_word' id='word_1_248' title='bbox 91 2157 257 2197; x_wconf 84' lang='lat' dir='ltr'>dicativo,</span> <span class='ocrx_word' id='word_1_249' title='bbox 289 2167 355 2198; x_wconf 92' lang='lat' dir='ltr'>quo</span> <span class='ocrx_word' id='word_1_250' title='bbox 387 2156 508 2188; x_wconf 86' lang='lat' dir='ltr'>erroris</span> <span class='ocrx_word' id='word_1_251' title='bbox 540 2154 731 2187; x_wconf 87' lang='lat' dir='ltr'>verisimili-</span> 
     </span>
     <span class='ocr_line' id='line_1_36' title="bbox 92 2201 732 2241; baseline -0.006 -6"><span class='ocrx_word' id='word_1_252' title='bbox 92 2202 245 2235; x_wconf 79' lang='lat' dir='ltr'>tudinem</span> <span class='ocrx_word' id='word_1_253' title='bbox 259 2201 411 2241; x_wconf 80' lang='lat' dir='ltr'>indicet3</span> <span class='ocrx_word' id='word_1_254' title='bbox 432 2201 518 2232; x_wconf 82' lang='lat' dir='ltr'>alios</span> <span class='ocrx_word' id='word_1_255' title='bbox 541 2210 732 2232; x_wconf 85' lang='lat' dir='ltr'>memorans</span> 
     </span>
     <span class='ocr_line' id='line_1_37' title="bbox 93 2245 733 2290; baseline -0.005 -11"><span class='ocrx_word' id='word_1_256' title='bbox 93 2248 282 2290; x_wconf 87' lang='lat' dir='ltr'>optativum</span> <span class='ocrx_word' id='word_1_257' title='bbox 312 2247 424 2289; x_wconf 91' lang='lat' dir='ltr'>ponit,</span> <span class='ocrx_word' id='word_1_258' title='bbox 457 2245 498 2277; x_wconf 89' lang='lat' dir='ltr'>de</span> <span class='ocrx_word' id='word_1_259' title='bbox 528 2245 649 2278; x_wconf 90' lang='lat' dir='ltr'>horum</span> <span class='ocrx_word' id='word_1_260' title='bbox 685 2255 733 2276; x_wconf 87' lang='lat' dir='ltr'>er—</span> 
     </span>
     <span class='ocr_line' id='line_1_38' title="bbox 94 2290 733 2332; baseline -0.006 -7"><span class='ocrx_word' id='word_1_261' title='bbox 94 2291 227 2326; x_wconf 86' lang='lat' dir='ltr'>roribus</span> <span class='ocrx_word' id='word_1_262' title='bbox 246 2302 324 2325; x_wconf 90' lang='lat' dir='ltr'>cum</span> <span class='ocrx_word' id='word_1_263' title='bbox 348 2290 562 2323; x_wconf 84' lang='lat' dir='ltr'>dubitatione</span> <span class='ocrx_word' id='word_1_264' title='bbox 587 2290 733 2332; x_wconf 86' lang='lat' dir='ltr'>quadam</span> 
     </span>
     <span class='ocr_line' id='line_1_39' title="bbox 94 2336 491 2370; baseline -0.005 0"><span class='ocrx_word' id='word_1_265' title='bbox 94 2338 200 2370; x_wconf 87' lang='lat' dir='ltr'>animi</span> <span class='ocrx_word' id='word_1_266' title='bbox 223 2336 328 2369; x_wconf 85' lang='lat' dir='ltr'>verba</span> <span class='ocrx_word' id='word_1_267' title='bbox 350 2337 491 2368; x_wconf 85' lang='lat' dir='ltr'>faciens.</span> 
     </span>
    </p>

    <p class='ocr_par' dir='ltr' id='par_1_5' title="bbox 93 2377 738 2560">
     <span class='ocr_line' id='line_1_40' title="bbox 139 2377 733 2422; baseline -0.008 -8"><span class='ocrx_word' id='word_1_268' title='bbox 139 2383 176 2414; x_wconf 93' lang='lat' dir='ltr'>P.</span> <span class='ocrx_word' id='word_1_269' title='bbox 201 2381 277 2414; x_wconf 84' lang='lat'>458.</span> <span class='ocrx_word' id='word_1_270' title='bbox 324 2383 477 2422; x_wconf 79' lang='grc' dir='ltr'><em>μεῖζοι</em></span> <span class='ocrx_word' id='word_1_271' title='bbox 512 2377 590 2422; x_wconf 79' lang='grc' dir='ltr'>γὰο</span> <span class='ocrx_word' id='word_1_272' title='bbox 630 2392 681 2412; x_wconf 87' lang='grc' dir='ltr'>α1</span> <span class='ocrx_word' id='word_1_273' title='bbox 694 2390 733 2410; x_wconf 92' lang='grc' dir='ltr'>το</span> 
     </span>
     <span class='ocr_line' id='line_1_41' title="bbox 93 2425 738 2470; baseline -0.005 -11"><span class='ocrx_word' id='word_1_274' title='bbox 93 2425 166 2470; x_wconf 86' lang='grc' dir='ltr'><strong>α’γ.]</strong></span> <span class='ocrx_word' id='word_1_275' title='bbox 192 2427 281 2459; x_wconf 83' lang='lat' dir='ltr'>Ante</span> <span class='ocrx_word' id='word_1_276' title='bbox 307 2428 424 2468; x_wconf 80' lang='grc' dir='ltr'><em>μεῖζον</em></span> <span class='ocrx_word' id='word_1_277' title='bbox 445 2425 637 2467; x_wconf 85' lang='lat' dir='ltr'>intelligere</span> <span class='ocrx_word' id='word_1_278' title='bbox 662 2435 738 2467; x_wconf 84' lang='lat' dir='ltr'>pos-</span> 
     </span>
     <span class='ocr_line' id='line_1_42' title="bbox 96 2469 738 2514; baseline -0.006 -10"><span class='ocrx_word' id='word_1_279' title='bbox 96 2474 143 2505; x_wconf 89' lang='lat' dir='ltr'>sis</span> <span class='ocrx_word' id='word_1_280' title='bbox 164 2470 325 2514; x_wconf 79' lang='grc' dir='ltr'><em>τοσούτῳ,</em></span> <span class='ocrx_word' id='word_1_281' title='bbox 343 2471 434 2513; x_wconf 90' lang='lat' dir='ltr'>quod</span> <span class='ocrx_word' id='word_1_282' title='bbox 449 2481 559 2514; x_wconf 85' lang='lat' dir='ltr'>genus</span> <span class='ocrx_word' id='word_1_283' title='bbox 574 2469 738 2512; x_wconf 87' lang='lat' dir='ltr'>loquendi</span> 
     </span>
     <span class='ocr_line' id='line_1_43' title="bbox 98 2506 737 2570; baseline -0.003 -21"><span class='ocrx_word' id='word_1_284' title='bbox 98 2518 196 2560; x_wconf 88' lang='lat' dir='ltr'>tetigi</span> <span class='ocrx_word' id='word_1_285' title='bbox 219 2517 261 2548; x_wconf 88' lang='lat' dir='ltr'>ad</span> <span class='ocrx_word' id='word_1_286' title='bbox 285 2506 430 2570; x_wconf 77' lang='lat' dir='ltr'>Apolog.</span> <span class='ocrx_word' id='word_1_287' title='bbox 455 2517 548 2548; x_wconf 86' lang='lat' dir='ltr'>Socr.</span> <span class='ocrx_word' id='word_1_288' title='bbox 572 2526 604 2557; x_wconf 87' lang='grc' dir='ltr'>Ρ</span> <span class='ocrx_word' id='word_1_289' title='bbox 620 2514 673 2548; x_wconf 88' lang='lat'>30.</span> <span class='ocrx_word' id='word_1_290' title='bbox 697 2515 737 2546; x_wconf 91' lang='lat' dir='ltr'>A.</span> 
     </span>
    </p>

    <p class='ocr_par' dir='ltr' id='par_1_6' title="bbox 100 2553 742 2740">
     <span class='ocr_line' id='line_1_44' title="bbox 145 2553 739 2604; baseline -0.007 -10"><span class='ocrx_word' id='word_1_291' title='bbox 145 2561 254 2594; x_wconf 81' lang='grc' dir='ltr'><em>ὅσον</em></span> <span class='ocrx_word' id='word_1_292' title='bbox 287 2559 391 2602; x_wconf 80' lang='grc' dir='ltr'><em>δόξα</em></span> <span class='ocrx_word' id='word_1_293' title='bbox 423 2558 592 2604; x_wconf 73' lang='grc' dir='ltr'><strong><em>ψευδὴς</em></strong></span> <span class='ocrx_word' id='word_1_294' title='bbox 626 2572 658 2592; x_wconf 77' lang='grc' dir='ltr'>π.</span> <span class='ocrx_word' id='word_1_295' title='bbox 684 2553 739 2591; x_wconf 78' lang='grc' dir='ltr'>ὧν</span> 
     </span>
     <span class='ocr_line' id='line_1_45' title="bbox 100 2605 740 2650; baseline -0.005 -10.995"><span class='ocrx_word' id='word_1_296' title='bbox 100 2620 128 2639; x_wconf 81' lang='grc' dir='ltr'>κ.</span> <span class='ocrx_word' id='word_1_297' title='bbox 155 2620 180 2639; x_wconf 88' lang='grc' dir='ltr'><strong>τ.</strong></span> <span class='ocrx_word' id='word_1_298' title='bbox 205 2606 244 2650; x_wconf 84' lang='grc' dir='ltr'>λ.]</span> <span class='ocrx_word' id='word_1_299' title='bbox 274 2605 500 2638; x_wconf 82' lang='lat' dir='ltr'>Heindorf.</span> <span class='ocrx_word' id='word_1_300' title='bbox 524 2606 606 2638; x_wconf 87' lang='lat' dir='ltr'>olim</span> <span class='ocrx_word' id='word_1_301' title='bbox 629 2605 740 2647; x_wconf 91' lang='lat' dir='ltr'>requi-</span> 
     </span>
     <span class='ocr_line' id='line_1_46' title="bbox 100 2650 741 2693; baseline -0.005 -8"><span class='ocrx_word' id='word_1_302' title='bbox 100 2654 198 2685; x_wconf 85' lang='lat' dir='ltr'>rebat</span> <span class='ocrx_word' id='word_1_303' title='bbox 233 2652 468 2684; x_wconf 78' lang='lat' dir='ltr'>accusativum</span> <span class='ocrx_word' id='word_1_304' title='bbox 499 2650 604 2692; x_wconf 75' lang='grc' dir='ltr'><em>δόξαι</em></span> <span class='ocrx_word' id='word_1_305' title='bbox 630 2650 741 2693; x_wconf 77' lang='grc' dir='ltr'><em>ψειδῆ</em></span> 
     </span>
     <span class='ocr_line' id='line_1_47' title="bbox 100 2696 742 2740; baseline -0.003 -11"><span class='ocrx_word' id='word_1_306' title='bbox 100 2702 235 2740; x_wconf 84' lang='lat' dir='ltr'>propter</span> <span class='ocrx_word' id='word_1_307' title='bbox 282 2696 540 2739; x_wconf 81' lang='lat' dir='ltr'>praecedentem</span> <span class='ocrx_word' id='word_1_308' title='bbox 577 2696 742 2728; x_wconf 84' lang='lat' dir='ltr'>accusati-</span> 
     </span>
    </p>
   </div>
   <div class='ocr_carea' id='block_1_5' title="bbox 791 1340 1448 2731">
    <p class='ocr_par' dir='ltr' id='par_1_7' title="bbox 791 1340 1438 1917">
     <span class='ocr_line' id='line_1_48' title="bbox 792 1340 1434 1381; baseline -0.002 -9"><span class='ocrx_word' id='word_1_309' title='bbox 792 1351 873 1372; x_wconf 85' lang='lat' dir='ltr'>vum</span> <span class='ocrx_word' id='word_1_310' title='bbox 900 1351 974 1372; x_wconf 84' lang='lat' dir='ltr'>cum</span> <span class='ocrx_word' id='word_1_311' title='bbox 1000 1340 1182 1372; x_wconf 83' lang='lat' dir='ltr'>infinitivo.</span> <span class='ocrx_word' id='word_1_312' title='bbox 1228 1340 1268 1371; x_wconf 88' lang='lat' dir='ltr'>In</span> <span class='ocrx_word' id='word_1_313' title='bbox 1294 1350 1360 1381; x_wconf 89' lang='lat' dir='ltr'>quo</span> <span class='ocrx_word' id='word_1_314' title='bbox 1384 1340 1434 1371; x_wconf 91' lang='lat' dir='ltr'>iu-</span> 
     </span>
     <span class='ocr_line' id='line_1_49' title="bbox 792 1385 1435 1428; baseline -0.003 -10"><span class='ocrx_word' id='word_1_315' title='bbox 792 1386 880 1418; x_wconf 84' lang='lat' dir='ltr'>dicio</span> <span class='ocrx_word' id='word_1_316' title='bbox 926 1387 1037 1417; x_wconf 84' lang='lat' dir='ltr'>virum</span> <span class='ocrx_word' id='word_1_317' title='bbox 1081 1386 1256 1428; x_wconf 85' lang='lat' dir='ltr'>egregium</span> <span class='ocrx_word' id='word_1_318' title='bbox 1301 1385 1435 1426; x_wconf 87' lang='lat' dir='ltr'>decepit</span> 
     </span>
     <span class='ocr_line' id='line_1_50' title="bbox 791 1431 1433 1473; baseline -0.005 -9"><span class='ocrx_word' id='word_1_319' title='bbox 791 1432 878 1464; x_wconf 87' lang='lat' dir='ltr'>ratio</span> <span class='ocrx_word' id='word_1_320' title='bbox 950 1432 1154 1473; x_wconf 87' lang='lat' dir='ltr'>scriptorum</span> <span class='ocrx_word' id='word_1_321' title='bbox 1215 1431 1433 1462; x_wconf 84' lang='lat' dir='ltr'>Latinorum:</span> 
     </span>
     <span class='ocr_line' id='line_1_51' title="bbox 794 1475 1435 1509; baseline -0.003 0"><span class='ocrx_word' id='word_1_322' title='bbox 794 1477 917 1509; x_wconf 87' lang='lat' dir='ltr'>Graeci</span> <span class='ocrx_word' id='word_1_323' title='bbox 945 1477 1036 1508; x_wconf 87' lang='lat' dir='ltr'>enim</span> <span class='ocrx_word' id='word_1_324' title='bbox 1067 1477 1102 1507; x_wconf 88' lang='lat' dir='ltr'>in</span> <span class='ocrx_word' id='word_1_325' title='bbox 1127 1475 1324 1508; x_wconf 84' lang='lat' dir='ltr'>huiusmodi</span> <span class='ocrx_word' id='word_1_326' title='bbox 1348 1486 1435 1508; x_wconf 89' lang='lat' dir='ltr'>com-</span> 
     </span>
     <span class='ocr_line' id='line_1_52' title="bbox 793 1521 1437 1565; baseline -0.003 -11"><span class='ocrx_word' id='word_1_327' title='bbox 793 1523 1029 1565; x_wconf 87' lang='lat' dir='ltr'>parationibus</span> <span class='ocrx_word' id='word_1_328' title='bbox 1061 1521 1160 1553; x_wconf 88' lang='lat' dir='ltr'>modo</span> <span class='ocrx_word' id='word_1_329' title='bbox 1195 1531 1312 1553; x_wconf 82' lang='lat' dir='ltr'>casum</span> <span class='ocrx_word' id='word_1_330' title='bbox 1342 1531 1437 1562; x_wconf 89' lang='lat' dir='ltr'>prae-</span> 
     </span>
     <span class='ocr_line' id='line_1_53' title="bbox 794 1566 1438 1606; baseline -0.003 -7"><span class='ocrx_word' id='word_1_331' title='bbox 794 1568 928 1599; x_wconf 88' lang='lat' dir='ltr'>cedenti</span> <span class='ocrx_word' id='word_1_332' title='bbox 981 1567 1111 1598; x_wconf 90' lang='lat' dir='ltr'>nomini</span> <span class='ocrx_word' id='word_1_333' title='bbox 1169 1566 1438 1606; x_wconf 86' lang='lat' dir='ltr'>accommodant,</span> 
     </span>
     <span class='ocr_line' id='line_1_54' title="bbox 794 1612 1436 1653; baseline -0.003 -9"><span class='ocrx_word' id='word_1_334' title='bbox 794 1613 894 1644; x_wconf 89' lang='lat' dir='ltr'>modo</span> <span class='ocrx_word' id='word_1_335' title='bbox 927 1613 1178 1643; x_wconf 86' lang='lat' dir='ltr'>nominativum</span> <span class='ocrx_word' id='word_1_336' title='bbox 1201 1615 1351 1653; x_wconf 88' lang='lat' dir='ltr'>ponunt,</span> <span class='ocrx_word' id='word_1_337' title='bbox 1386 1612 1436 1643; x_wconf 87' lang='lat' dir='ltr'>in-</span> 
     </span>
     <span class='ocr_line' id='line_1_55' title="bbox 795 1657 1438 1698; baseline -0.003 -8"><span class='ocrx_word' id='word_1_338' title='bbox 795 1658 931 1690; x_wconf 89' lang='lat' dir='ltr'>tellecto</span> <span class='ocrx_word' id='word_1_339' title='bbox 949 1658 1052 1688; x_wconf 82' lang='lat' dir='ltr'>verbo</span> <span class='ocrx_word' id='word_1_340' title='bbox 1078 1657 1260 1698; x_wconf 84' lang='lat' dir='ltr'>superiore.</span> <span class='ocrx_word' id='word_1_341' title='bbox 1286 1667 1318 1690; x_wconf 79' lang='lat' dir='ltr'>v,</span> <span class='ocrx_word' id='word_1_342' title='bbox 1337 1657 1438 1688; x_wconf 90' lang='lat' dir='ltr'>Dor-</span> 
     </span>
     <span class='ocr_line' id='line_1_56' title="bbox 795 1700 1436 1744; baseline 0 -10"><span class='ocrx_word' id='word_1_343' title='bbox 795 1703 888 1735; x_wconf 81' lang='lat' dir='ltr'>vill.</span> <span class='ocrx_word' id='word_1_344' title='bbox 914 1702 955 1734; x_wconf 87' lang='lat' dir='ltr'>ad</span> <span class='ocrx_word' id='word_1_345' title='bbox 974 1702 1102 1734; x_wconf 84' lang='lat' dir='ltr'>Charit.</span> <span class='ocrx_word' id='word_1_346' title='bbox 1125 1713 1157 1744; x_wconf 90' lang='lat' dir='ltr'>p.</span> <span class='ocrx_word' id='word_1_347' title='bbox 1172 1700 1248 1734; x_wconf 77' lang='lat'>538.</span> <span class='ocrx_word' id='word_1_348' title='bbox 1274 1701 1325 1733; x_wconf 88' lang='lat' dir='ltr'>ed.</span> <span class='ocrx_word' id='word_1_349' title='bbox 1343 1702 1436 1742; x_wconf 85' lang='lat' dir='ltr'>Lips.</span> 
     </span>
     <span class='ocr_line' id='line_1_57' title="bbox 797 1745 1437 1788; baseline -0.002 -7"><span class='ocrx_word' id='word_1_350' title='bbox 797 1748 1017 1781; x_wconf 80' lang='lat' dir='ltr'>Schaefer.</span> <span class='ocrx_word' id='word_1_351' title='bbox 1043 1748 1173 1779; x_wconf 86' lang='lat' dir='ltr'>Melett.</span> <span class='ocrx_word' id='word_1_352' title='bbox 1199 1747 1284 1778; x_wconf 80' lang='lat' dir='ltr'>critt.</span> <span class='ocrx_word' id='word_1_353' title='bbox 1307 1757 1339 1788; x_wconf 89' lang='lat' dir='ltr'>p.</span> <span class='ocrx_word' id='word_1_354' title='bbox 1361 1745 1437 1780; x_wconf 81' lang='grc'>126.</span> 
     </span>
     <span class='ocr_line' id='line_1_58' title="bbox 794 1793 1437 1835; baseline -0.003 -10"><span class='ocrx_word' id='word_1_355' title='bbox 794 1795 914 1835; x_wconf 84' lang='lat' dir='ltr'>Itaque</span> <span class='ocrx_word' id='word_1_356' title='bbox 930 1798 1048 1835; x_wconf 80' lang='lat' dir='ltr'>postea</span> <span class='ocrx_word' id='word_1_357' title='bbox 1070 1802 1170 1824; x_wconf 90' lang='lat' dir='ltr'>suum</span> <span class='ocrx_word' id='word_1_358' title='bbox 1194 1793 1267 1834; x_wconf 86' lang='lat' dir='ltr'>ipse</span> <span class='ocrx_word' id='word_1_359' title='bbox 1291 1802 1437 1824; x_wconf 84' lang='lat' dir='ltr'>errorem</span> 
     </span>
     <span class='ocr_line' id='line_1_59' title="bbox 796 1835 1437 1882; baseline -0.003 -11"><span class='ocrx_word' id='word_1_360' title='bbox 796 1840 970 1882; x_wconf 82' lang='lat' dir='ltr'>corrigens</span> <span class='ocrx_word' id='word_1_361' title='bbox 995 1838 1038 1869; x_wconf 87' lang='lat' dir='ltr'>ad</span> <span class='ocrx_word' id='word_1_362' title='bbox 1058 1837 1233 1869; x_wconf 86' lang='lat' dir='ltr'>Phaedon.</span> <span class='ocrx_word' id='word_1_363' title='bbox 1254 1848 1286 1879; x_wconf 82' lang='grc' dir='ltr'><strong>Ρ.</strong></span> <span class='ocrx_word' id='word_1_364' title='bbox 1304 1835 1378 1871; x_wconf 92' lang='grc'>111.</span> <span class='ocrx_word' id='word_1_365' title='bbox 1396 1838 1437 1869; x_wconf 91' lang='grc' dir='ltr'>Α.</span> 
     </span>
     <span class='ocr_line' id='line_1_60' title="bbox 796 1883 1082 1917; baseline -0.007 -1"><span class='ocrx_word' id='word_1_366' title='bbox 796 1885 910 1917; x_wconf 87' lang='lat' dir='ltr'>docuit</span> <span class='ocrx_word' id='word_1_367' title='bbox 931 1883 1082 1915; x_wconf 86' lang='lat' dir='ltr'>meliora.</span> 
     </span>
    </p>

    <p class='ocr_par' dir='ltr' id='par_1_8' title="bbox 798 1926 1448 2731">
     <span class='ocr_line' id='line_1_61' title="bbox 842 1926 1439 1965; baseline -0.005 -3"><span class='ocrx_word' id='word_1_368' title='bbox 842 1931 880 1962; x_wconf 89' lang='lat' dir='ltr'>B.</span> <span class='ocrx_word' id='word_1_369' title='bbox 936 1929 1004 1960; x_wconf 79' lang='grc' dir='ltr'>καὶ</span> <span class='ocrx_word' id='word_1_370' title='bbox 1059 1926 1439 1965; x_wconf 80' lang='grc' dir='ltr'>διαλ1’ωμει·τὸι</span> 
     </span>
     <span class='ocr_line' id='line_1_62' title="bbox 798 1971 1439 2020; baseline -0.002 -14"><span class='ocrx_word' id='word_1_371' title='bbox 798 1974 964 2020; x_wconf 70' lang='grc' dir='ltr'><em>λόγοπ]</em></span> <span class='ocrx_word' id='word_1_372' title='bbox 993 1973 1156 2006; x_wconf 82' lang='lat' dir='ltr'>Similiter</span> <span class='ocrx_word' id='word_1_373' title='bbox 1186 1972 1275 2004; x_wconf 89' lang='lat' dir='ltr'>infra</span> <span class='ocrx_word' id='word_1_374' title='bbox 1306 1983 1338 2014; x_wconf 91' lang='lat' dir='ltr'>p.</span> <span class='ocrx_word' id='word_1_375' title='bbox 1362 1971 1439 2005; x_wconf 84' lang='grc'><strong>505.</strong></span> 
     </span>
     <span class='ocr_line' id='line_1_63' title="bbox 799 2016 1441 2062; baseline -0.006 -10"><span class='ocrx_word' id='word_1_376' title='bbox 799 2020 842 2052; x_wconf 84' lang='lat' dir='ltr'>C:</span> <span class='ocrx_word' id='word_1_377' title='bbox 868 2023 901 2051; x_wconf 88' lang='grc' dir='ltr'>τί</span> <span class='ocrx_word' id='word_1_378' title='bbox 921 2021 988 2052; x_wconf 63' lang='grc' dir='ltr'>οὖν</span> <span class='ocrx_word' id='word_1_379' title='bbox 1013 2018 1054 2062; x_wconf 85' lang='grc' dir='ltr'>δὴ</span> <span class='ocrx_word' id='word_1_380' title='bbox 1078 2016 1285 2060; x_wconf 76' lang='grc' dir='ltr'><em>ποιήσομε];</em></span> <span class='ocrx_word' id='word_1_381' title='bbox 1316 2018 1441 2059; x_wconf 78' lang='grc' dir='ltr'>μεταξυ</span> 
     </span>
     <span class='ocr_line' id='line_1_64' title="bbox 799 2061 1439 2107; baseline -0.005 -11"><span class='ocrx_word' id='word_1_382' title='bbox 799 2065 857 2097; x_wconf 75' lang='grc' dir='ltr'>τὸ1</span> <span class='ocrx_word' id='word_1_383' title='bbox 883 2061 1439 2107; x_wconf 59' lang='grc' dir='ltr'>λόγοι’καταλ1ῗομει;11110ὶὸ11.</span> 
     </span>
     <span class='ocr_line' id='line_1_65' title="bbox 800 2105 1440 2147; baseline -0.008 -4"><span class='ocrx_word' id='word_1_384' title='bbox 800 2111 930 2142; x_wconf 85' lang='lat' dir='ltr'>Soloee</span> <span class='ocrx_word' id='word_1_385' title='bbox 956 2114 1057 2142; x_wconf 83' lang='lat' dir='ltr'>extr:</span> <span class='ocrx_word' id='word_1_386' title='bbox 1083 2121 1148 2140; x_wconf 75' lang='grc' dir='ltr'>ιιι</span> <span class='ocrx_word' id='word_1_387' title='bbox 1169 2106 1208 2139; x_wconf 83' lang='grc' dir='ltr'>δὲ</span> <span class='ocrx_word' id='word_1_388' title='bbox 1234 2105 1440 2147; x_wconf 69' lang='grc' dir='ltr'><em>διαλύσομεν</em></span> 
     </span>
     <span class='ocr_line' id='line_1_66' title="bbox 802 2153 1440 2196; baseline -0.005 -9"><span class='ocrx_word' id='word_1_389' title='bbox 802 2155 861 2187; x_wconf 65' lang='grc' dir='ltr'>τὸ]</span> <span class='ocrx_word' id='word_1_390' title='bbox 897 2153 1066 2196; x_wconf 81' lang='grc' dir='ltr'><em>διάλογοι.</em></span> <span class='ocrx_word' id='word_1_391' title='bbox 1123 2153 1242 2193; x_wconf 83' lang='lat' dir='ltr'>Itaque</span> <span class='ocrx_word' id='word_1_392' title='bbox 1284 2162 1353 2183; x_wconf 90' lang='grc'>11011</span> <span class='ocrx_word' id='word_1_393' title='bbox 1389 2164 1440 2184; x_wconf 86' lang='lat' dir='ltr'>as-</span> 
     </span>
     <span class='ocr_line' id='line_1_67' title="bbox 801 2197 1441 2239; baseline -0.008 -6"><span class='ocrx_word' id='word_1_394' title='bbox 801 2201 928 2233; x_wconf 87' lang='lat' dir='ltr'>sentior</span> <span class='ocrx_word' id='word_1_395' title='bbox 959 2197 1246 2236; x_wconf 87' lang='lat' dir='ltr'>Heindorfi0‚</span> <span class='ocrx_word' id='word_1_396' title='bbox 1287 2198 1346 2239; x_wconf 88' lang='lat' dir='ltr'>qui</span> <span class='ocrx_word' id='word_1_397' title='bbox 1381 2197 1441 2229; x_wconf 72' lang='grc' dir='ltr'>τὸ]</span> 
     </span>
     <span class='ocr_line' id='line_1_68' title="bbox 801 2242 1441 2288; baseline -0.005 -11"><span class='ocrx_word' id='word_1_398' title='bbox 801 2244 905 2288; x_wconf 62' lang='grc' dir='ltr'>λόγονΙ</span> <span class='ocrx_word' id='word_1_399' title='bbox 941 2242 1090 2276; x_wconf 69' lang='grc' dir='ltr'><em>διαλίειν</em></span> <span class='ocrx_word' id='word_1_400' title='bbox 1126 2243 1196 2274; x_wconf 85' lang='lat' dir='ltr'>dici</span> <span class='ocrx_word' id='word_1_401' title='bbox 1233 2253 1303 2274; x_wconf 91' lang='lat' dir='ltr'>non</span> <span class='ocrx_word' id='word_1_402' title='bbox 1341 2253 1441 2285; x_wconf 81' lang='lat' dir='ltr'>posse</span> 
     </span>
     <span class='ocr_line' id='line_1_69' title="bbox 800 2286 1440 2330; baseline -0.005 -8"><span class='ocrx_word' id='word_1_403' title='bbox 800 2297 895 2322; x_wconf 82' lang='lat' dir='ltr'>ratus</span> <span class='ocrx_word' id='word_1_404' title='bbox 941 2288 1001 2320; x_wconf 75' lang='grc' dir='ltr'>τὸν</span> <span class='ocrx_word' id='word_1_405' title='bbox 1049 2286 1215 2330; x_wconf 75' lang='grc' dir='ltr'><em>σύλλ·ογοι</em></span> <span class='ocrx_word' id='word_1_406' title='bbox 1258 2287 1440 2330; x_wconf 83' lang='lat' dir='ltr'>legendum</span> 
     </span>
     <span class='ocr_line' id='line_1_70' title="bbox 802 2333 1443 2378; baseline -0.005 -11"><span class='ocrx_word' id='word_1_407' title='bbox 802 2334 960 2378; x_wconf 84' lang='lat' dir='ltr'>putabat,</span> <span class='ocrx_word' id='word_1_408' title='bbox 993 2344 1094 2375; x_wconf 85' lang='lat' dir='ltr'>quam</span> <span class='ocrx_word' id='word_1_409' title='bbox 1118 2333 1319 2372; x_wconf 87' lang='lat' dir='ltr'>lectionem,</span> <span class='ocrx_word' id='word_1_410' title='bbox 1351 2333 1443 2365; x_wconf 84' lang='lat' dir='ltr'>haud</span> 
     </span>
     <span class='ocr_line' id='line_1_71' title="bbox 804 2379 1444 2412; baseline -0.003 0"><span class='ocrx_word' id='word_1_411' title='bbox 804 2381 906 2412; x_wconf 85' lang='lat' dir='ltr'>dubie</span> <span class='ocrx_word' id='word_1_412' title='bbox 952 2390 994 2410; x_wconf 81' lang='lat' dir='ltr'>ex</span> <span class='ocrx_word' id='word_1_413' title='bbox 1041 2379 1249 2410; x_wconf 85' lang='lat' dir='ltr'>correctione</span> <span class='ocrx_word' id='word_1_414' title='bbox 1298 2379 1444 2410; x_wconf 88' lang='lat' dir='ltr'>alicuius</span> 
     </span>
     <span class='ocr_line' id='line_1_72' title="bbox 803 2423 1445 2468; baseline -0.005 -11"><span class='ocrx_word' id='word_1_415' title='bbox 803 2424 1018 2468; x_wconf 87' lang='lat' dir='ltr'>grammatici</span> <span class='ocrx_word' id='word_1_416' title='bbox 1047 2427 1173 2463; x_wconf 83' lang='lat' dir='ltr'>ortam,</span> <span class='ocrx_word' id='word_1_417' title='bbox 1207 2423 1388 2455; x_wconf 87' lang='lat' dir='ltr'>Bodleian.</span> <span class='ocrx_word' id='word_1_418' title='bbox 1411 2428 1445 2455; x_wconf 87' lang='lat' dir='ltr'>et</span> 
     </span>
     <span class='ocr_line' id='line_1_73' title="bbox 805 2465 1445 2503; baseline -0.005 -1"><span class='ocrx_word' id='word_1_419' title='bbox 805 2472 944 2503; x_wconf 65' lang='lat' dir='ltr'>WIeerm.</span> <span class='ocrx_word' id='word_1_420' title='bbox 968 2468 1101 2501; x_wconf 87' lang='lat' dir='ltr'>codices</span> <span class='ocrx_word' id='word_1_421' title='bbox 1124 2467 1264 2500; x_wconf 88' lang='lat' dir='ltr'>habent.</span> <span class='ocrx_word' id='word_1_422' title='bbox 1281 2487 1324 2492; x_wconf 93' lang='lat'>—-</span> <span class='ocrx_word' id='word_1_423' title='bbox 1349 2465 1445 2500; x_wconf 82' lang='grc' dir='ltr'><em>οἷον</em></span> 
     </span>
     <span class='ocr_line' id='line_1_74' title="bbox 810 2513 1446 2556; baseline -0.005 -9"><span class='ocrx_word' id='word_1_424' title='bbox 810 2515 858 2547; x_wconf 86' lang='grc' dir='ltr'>σὺ</span> <span class='ocrx_word' id='word_1_425' title='bbox 880 2513 898 2546; x_wconf 80' lang='grc' dir='ltr'><em>ὑ</em></span> <span class='ocrx_word' id='word_1_426' title='bbox 911 2518 1055 2556; x_wconf 77' lang='grc' dir='ltr'><em>φηγεῑ,</em></span> <span class='ocrx_word' id='word_1_427' title='bbox 1082 2513 1251 2555; x_wconf 90' lang='lat' dir='ltr'>qualem</span> <span class='ocrx_word' id='word_1_428' title='bbox 1269 2517 1314 2545; x_wconf 87' lang='lat' dir='ltr'>tu</span> <span class='ocrx_word' id='word_1_429' title='bbox 1331 2524 1446 2555; x_wconf 85' lang='lat' dir='ltr'>prae-</span> 
     </span>
     <span class='ocr_line' id='line_1_75' title="bbox 808 2559 1446 2592; baseline -0.006 0"><span class='ocrx_word' id='word_1_430' title='bbox 808 2560 934 2592; x_wconf 85' lang='lat' dir='ltr'>ducis</span> <span class='ocrx_word' id='word_1_431' title='bbox 990 2563 1030 2591; x_wconf 91' lang='lat' dir='ltr'>et</span> <span class='ocrx_word' id='word_1_432' title='bbox 1077 2559 1302 2590; x_wconf 88' lang='lat' dir='ltr'>informas.</span> <span class='ocrx_word' id='word_1_433' title='bbox 1375 2559 1446 2589; x_wconf 87' lang='lat' dir='ltr'>De-</span> 
     </span>
     <span class='ocr_line' id='line_1_76' title="bbox 808 2600 1446 2644; baseline -0.006 -6"><span class='ocrx_word' id='word_1_434' title='bbox 808 2605 1019 2638; x_wconf 83' lang='lat' dir='ltr'>mosthen.</span> <span class='ocrx_word' id='word_1_435' title='bbox 1060 2605 1112 2636; x_wconf 90' lang='lat' dir='ltr'>De</span> <span class='ocrx_word' id='word_1_436' title='bbox 1152 2604 1276 2635; x_wconf 86' lang='lat' dir='ltr'>Coron.</span> <span class='ocrx_word' id='word_1_437' title='bbox 1308 2613 1338 2644; x_wconf 89' lang='lat' dir='ltr'>p.</span> <span class='ocrx_word' id='word_1_438' title='bbox 1369 2600 1446 2634; x_wconf 91' lang='grc'><strong>277.</strong></span> 
     </span>
     <span class='ocr_line' id='line_1_77' title="bbox 810 2645 1448 2690; baseline -0.008 -8"><span class='ocrx_word' id='word_1_439' title='bbox 810 2651 862 2682; x_wconf 86' lang='lat' dir='ltr'>ed.</span> <span class='ocrx_word' id='word_1_440' title='bbox 894 2649 1028 2681; x_wconf 84' lang='lat' dir='ltr'>Reisk.:</span> <span class='ocrx_word' id='word_1_441' title='bbox 1067 2647 1148 2681; x_wconf 82' lang='grc' dir='ltr'><em>κατὰ</em></span> <span class='ocrx_word' id='word_1_442' title='bbox 1179 2646 1239 2690; x_wconf 76' lang='grc' dir='ltr'>τὴν</span> <span class='ocrx_word' id='word_1_443' title='bbox 1273 2645 1448 2689; x_wconf 71' lang='grc' dir='ltr'><em>ὑφήγησιν</em></span> 
     </span>
     <span class='ocr_line' id='line_1_78' title="bbox 811 2691 1448 2731; baseline -0.006 -4"><span class='ocrx_word' id='word_1_444' title='bbox 811 2693 948 2731; x_wconf 76' lang='grc' dir='ltr'><em>τούτου,</em></span> <span class='ocrx_word' id='word_1_445' title='bbox 987 2694 1047 2726; x_wconf 79' lang='lat' dir='ltr'>wie</span> <span class='ocrx_word' id='word_1_446' title='bbox 1081 2693 1190 2726; x_wconf 74' lang='lat' dir='ltr'>dieser</span> <span class='ocrx_word' id='word_1_447' title='bbox 1225 2693 1271 2725; x_wconf 76' lang='lat' dir='ltr'>sie</span> <span class='ocrx_word' id='word_1_448' title='bbox 1307 2691 1448 2724; x_wconf 71' lang='lat' dir='ltr'>anleitet.</span> 
     </span>
    </p>
   </div>
  </div>
 </body>
</html>
