1687 2969
521 162 761 201 GORGIAS.
1428 163 1504 199 199

791 163 835 200 P.
865 165 957 199 483.
989 163 1048 200 ed.
1081 163 1136 200 St.

159 287 234 320 τας
260 270 389 313 πλέον
428 270 557 324 ἔχειν,
597 271 666 311 ἵνα
702 269 760 324 μὴ
789 271 932 311 αὐτῶν
960 269 1091 311 πλέον
1119 270 1260 323 ἔχωσι,
1291 268 1504 323 λέγουσιν,

160 337 216 385 ὠς
246 337 422 390 αἰσχρὸν
459 336 530 377 καὶ
566 336 716 377 ἄδικον
753 337 801 376 τὸ
830 337 1118 385 πλεονεκτεῖν,
1156 334 1224 376 καὶ
1266 341 1391 376 τοῦτο
1420 331 1505 375 ἔστι

158 403 206 442 τὸ
236 401 420 449 ἀδικεῖν,
462 399 510 442 τὸ
538 399 668 443 πλέον
695 402 781 441 τῶν
809 402 948 440 ἄλλων
977 403 1113 454 ζητεῖν
1142 398 1269 454 ἔχειν·
1309 400 1504 453 ἀγαπῶσι

158 467 258 519 γάρ,
301 462 438 519 οἶμαι,
479 465 599 507 αὐτοὶ
629 465 682 507 ἂν
710 465 758 507 τὸ
799 465 893 506 ἴσον
921 464 1041 519 ἔχωσι
1081 466 1337 517 φαυλότεροι
1374 468 1505 513 ὄντες.

162 532 268 590 Cap.
299 532 521 575 XXXIX.
579 531 648 573 διὰ
686 537 821 574 ταῦτα
873 531 926 586 δὴ
964 534 1082 588 νόμῳ
1129 533 1206 587 μὲν
1243 539 1369 574 τοῦτο
1418 532 1504 573 ἄδι-

158 614 238 640 κον
265 598 336 640 καὶ
365 598 538 652 αἰσχρὸν
566 596 741 651 λέγεται,
771 597 817 638 τὸ
847 598 976 640 πλέον
1000 601 1135 652 ζητεῖν
1160 596 1266 651 ἔχειν
1294 601 1379 638 τῶν
1405 600 1504 638 πολ-

157 666 258 713 λῶν,
288 663 356 705 καὶ
385 664 548 705 α’δικεῖν
578 664 682 705 αὐτὸ
710 666 937 705 καλοῦσιν·
978 664 1005 717 ἦ
1033 661 1076 704 δέ
1105 678 1165 715 γε,
1196 659 1337 717 οἶμαι,
1378 664 1506 715 φύσις

158 728 265 783 αὐτὴ
293 729 524 782 ἀποφαίνει
554 729 682 778 αὐτό,
722 728 786 769 ὅτι
813 729 978 770 δίκαιόν
1005 726 1088 769 ἐστι
1131 729 1207 769 τὸν
1236 729 1392 782 ἀμείνω
1430 733 1508 768 τοῦ

548 777 669 790 W

155 795 346 848 χείρονος
374 793 504 835 πλέον
543 792 651 847 ἔχειν
679 794 749 835 καὶ
784 794 860 834 τὸν
899 794 1194 845 δυνατώτερον
1230 797 1309 835 τοῦ
1349 793 1505 834 ἀδυνα-

156 859 355 912 τωτέρου.
412 859 537 913 δηλοῖ
561 858 606 900 δὲ
633 863 766 900 ταῦτα
794 862 1010 913 πολλαχοῦ
1039 859 1101 900 ὅτι
1132 858 1268 908 οὕτως
1296 857 1397 912 ἔχει,
1436 857 1506 899 καὶ

157 996 252 1039 οἶμαι
275 1000 325 1032 sic
349 999 437 1032 inter
459 999 643 1032 articulum
675 1004 709 1031 et
743 1010 866 1032 nomen
897 1000 1112 1032 interiectum
1144 1000 1231 1033 bene
1262 1003 1376 1032 tuetur
1399 999 1506 1031 Hein-

157 1045 284 1078 dorfius
322 1046 541 1101 comparatis
562 1045 648 1078 locis
682 1046 735 1077 De
768 1046 849 1087 Rep.
882 1046 978 1077 ΥΙΙΙ.
1019 1056 1051 1087 p.
1083 1044 1158 1078 564.
1190 1046 1230 1077 A.
1264 1050 1295 1076 et
1327 1045 1502 1077 Demosth.

156 1092 252 1133 Lept.
280 1092 310 1130 ἕ.
335 1088 384 1130 4.
409 1091 470 1122 ubi
502 1087 594 1129 οἶμαι
627 1091 717 1122 inte1
749 1091 1034 1132 pmepositionem
1067 1095 1099 1122 et
1122 1101 1246 1123 nomen
1280 1091 1504 1124 interiectum.

158 1138 208 1168 De
234 1135 381 1168 articulo
405 1136 493 1168 conf.
517 1135 694 1168 Demosth.
719 1135 793 1167 adv.
821 1136 951 1168 Conon.
976 1147 1006 1177 p.
1022 1134 1116 1168 1268.
1131 1134 1185 1168 2ῖ.
1210 1136 1262 1168 ed.
1287 1137 1324 1168 R.
1336 1149 1341 1166 :
1369 1148 1399 1167 οι
1426 1134 1504 1177 γάο,

156 1177 273 1220 οἶμαι,
306 1180 471 1222 βέλτιστοι
502 1181 556 1212 καὶ
590 1179 706 1223 ἥκιστα
737 1194 764 1213 κ.
798 1194 821 1213 τ.
854 1182 893 1219 λ.,
927 1182 1004 1213 coll.
1040 1181 1212 1213 Schaefer.
1244 1183 1371 1223 Appar.
1398 1182 1437 1212 T.
1463 1181 1504 1212 V.

157 1238 188 1269 p.
214 1225 268 1259 96.
313 1225 412 1259 Adde
435 1227 488 1258 De
518 1227 599 1268 Rep.
632 1226 726 1258 VIII.
755 1237 788 1268 p.
819 1225 895 1259 568.
928 1227 965 1260 C.
1021 1227 1160 1259 Scilicet
1192 1227 1342 1259 Graecos
1373 1230 1506 1259 constat

156 1271 378 1314 parenthesin
403 1272 542 1312 arctius,
567 1282 669 1313 quam
693 1282 755 1304 nos
772 1271 932 1312 solemus,
958 1282 1033 1303 cum
1046 1273 1208 1314 primaria
1226 1272 1394 1304 enuntiati
1409 1276 1505 1313 parte

156 1317 379 1350 coniunxisse
403 1321 437 1349 et
459 1327 537 1349 cum
561 1327 601 1349 ea
624 1317 719 1349 velut
743 1318 779 1348 in
804 1328 909 1349 unum
935 1318 1141 1349 confudisse.
1178 1318 1291 1349 Tenui
1315 1322 1430 1349 tamen
1455 1317 1505 1348 in-

155 1362 426 1417 tex-punctionem
449 1362 702 1417 perspicuitatis
727 1373 860 1394 caussa.

222 1409 264 1440 D.
283 1405 534 1448 ἀποφαίνει
559 1419 610 1439 αι
621 1407 683 1449 το]
711 1408 767 1441 Sic
792 1407 908 1439 Cla1k.
927 1408 1004 1439 Vat.
1029 1407 1134 1440 Coisl.
1154 1407 1255 1440 Vind.
1272 1407 1302 1439 1.
1318 1407 1349 1440 2.
1371 1406 1401 1439 6.
1426 1408 1504 1439 Par.

156 1453 473 1485 BCEFW.F101·.
498 1464 527 1485 a.
551 1452 584 1484 b.
610 1463 641 1485 c.
665 1453 695 1485 d.
721 1453 743 1484 f.
759 1464 802 1486 m.
829 1464 858 1484 o.
883 1463 909 1484 s.
934 1450 1314 1507 Χ.Υ111ἕ.ἆποᾳ·αιί·οι
1338 1450 1390 1484 ἂι.
1417 1453 1505 1485 Bek-

156 1499 260 1530 kerus
284 1502 318 1530 et
341 1499 440 1530 Turr.
466 1510 509 1531 ex
532 1499 612 1530 Par.
636 1499 677 1530 V.
703 1498 869 1530 dederunt
894 1495 1087 1538 ἀποααιίει
1112 1499 1165 1529 αὐ.

155 1621 192 1652 111
227 1619 338 1653 libera
370 1619 547 1662 republica
587 1620 794 1658 viventibus,

156 1666 270 1708 qualis
312 1666 378 1698 fuit
409 1666 533 1698 civitas
562 1666 795 1706 Atheniensis,

156 1713 299 1744 verbum
331 1711 482 1743 medium
511 1716 713 1753 usurpatur;
746 1723 796 1744 se-

866 1631 1071 1663 quamquam
1109 1632 1177 1653 non
1216 1621 1375 1663 displicet
1416 1621 1506 1662 quod

865 1667 1094 1698 Bekkerus
1129 1677 1171 1697 ex
1195 1677 1264 1710 unp
1290 1666 1363 1698 cod.
1390 1667 1431 1698 V.
1455 1678 1505 1698 re-

866 1713 956 1753 cepit
980 1709 1172 1752 dffooeat'l·et
1204 1712 1258 1743 αὑ.
1306 1712 1395 1744 Nam
1419 1712 1506 1743 diffi-

157 1767 216 1788 cus
240 1767 294 1788 res
319 1767 355 1788 se
378 1756 501 1797 habet,
526 1757 587 1788 ubi
609 1767 719 1789 sermo
746 1762 797 1789 est

155 1801 196 1834 de
228 1802 403 1844 tyrannis,
435 1803 495 1843 qm'
525 1802 661 1834 civibus
691 1804 795 1844 impe-

156 1851 235 1880 rant
272 1857 360 1889 quae
401 1847 476 1880 fieri
520 1848 682 1889 cupiunt,
729 1849 795 1890 ipsi

155 1897 269 1924 autem
285 1892 421 1935 legibus
438 1903 507 1924 non
525 1892 794 1935 obstringuntur.

153 1956 199 1962 —
230 1936 332 1971 τοὺς
376 1936 593 1972 ἐπαίνους
627 1943 659 1970 et
697 1951 790 1971 toz

155 1980 325 2025 ψόγους
359 1983 503 2015 articulo
540 1983 672 2016 adiecto
712 1983 795 2015 dicit

153 2027 310 2060 laudes
345 2031 380 2059 et
420 2029 795 2070 vituperationes,

155 2071 281 2114 quibus
323 2072 375 2104 uti
419 2078 678 2106 consueverunt
726 2073 795 2105 vid.

154 2117 383 2150 Matthiae.
418 2117 796 2158 Gr.§.267.K1·ue-

156 2173 239 2206 ger.
266 2163 323 2195 Gr.
349 2163 378 2202 ἓ.
403 2162 459 2202 46,
482 2162 514 2203 5,
538 2163 569 2195 1.

201 2208 238 2239 C.
277 2205 479 2251 ἀγαπῶσι
517 2207 618 2251 γάρ,
659 2203 794 2251 οἶμαι]

156 2264 250 2285 nam
273 2254 474 2285 contenti
498 2258 618 2292 sunt,
644 2257 682 2285 ut
703 2254 794 2285 Men.

155 2309 186 2340 p.
213 2297 265 2330 75.
291 2298 329 2330 C.
353 2299 406 2330 De
436 2300 507 2341 Rep
511 2298 581 2333 ubl.
606 2299 684 2340 I.p
663 2309 696 2340 p.
719 2296 797 2331 330.

156 2343 193 2374 B.
218 2343 280 2375 III.
304 2354 337 2385 p.
360 2342 437 2376 399.
463 2343 501 2376 C.
526 2344 566 2375 V.
598 2355 630 2386 p.
653 2342 731 2376 450.
755 2344 796 2375 A.

157 2388 248 2419 Tim.
271 2398 303 2429 p.
328 2387 382 2420 29.
408 2389 445 2420 C.
494 2387 581 2422 30.
604 2390 643 2420 Β.
669 2388 712 2422 al.

202 2400 794 2474 Cap.XXX1XpD.d.-roqta1

161 2489 222 2509 νει
247 2474 362 2514 αὐτό,
389 2477 457 2510 ὅτι
469 2478 525 2532 „⁵3]
573 2479 726 2520 Vulgata
750 2478 796 2509 le-

158 2523 223 2554 ctio
249 2519 441 2562 αποφαίνοι
465 2521 507 2555 ἔτι
529 2535 600 2556 reru
621 2524 733 2556 lenius
759 2533 797 2554 ac

157 2567 344 2599 modestius
375 2568 563 2610 significat,
603 2580 704 2611 quam
736 2579 796 2609 pio

159 2612 314 2645 Calliclis
338 2613 499 2654 superbia
522 2618 556 2645 et
579 2613 797 2646 confidentia.

158 2657 264 2689 Codd.
302 2657 441 2699 plurimi
475 2657 666 2699 ἀποφαίνει
703 2655 796 2694 αὐτό,

158 2702 248 2745 quod
302 2703 537 2745 recipiendum
588 2704 798 2747 putavimus,

866 1757 966 1789 cilior
989 1757 1051 1789 illa
1081 1757 1181 1789 lectio
1206 1756 1310 1789 facile
1334 1757 1445 1799 potuit
1468 1758 1505 1788 in

865 1803 963 1844 peius
992 1803 1136 1841 mutari,
1175 1802 1281 1835 altera
1312 1812 1380 1834 non
1413 1803 1504 1834 item.

867 1848 1000 1889 Quippe
1025 1845 1108 1879 αὐτό
1139 1847 1354 1880 referendum
1381 1854 1431 1879 est
1462 1847 1505 1880 ad

867 1891 901 1924 τὸ
929 1892 1033 1924 πλέον
1058 1894 1170 1934 ζητεῖν
1194 1893 1282 1934 ἔχειν
1300 1896 1367 1924 τῶν
1384 1891 1503 1924 ἄλλων.

866 1939 980 1978 Quum
1005 1943 1118 1969 autem
1141 1938 1313 1970 sufficeret
1335 1938 1506 1970 addidisse

867 1982 913 2015 ὅτι
932 1982 1067 2015 δίκαιοίΙ
1086 1982 1165 2021 ἐστι,
1193 1983 1354 2015 Callicles
1370 1983 1505 2015 dicendi

864 2029 995 2060 fervore
1026 2027 1206 2070 abreptus,
1237 2028 1402 2070 neglectis
1432 2039 1505 2060 ver-

866 2074 919 2105 bis
934 2073 1229 2115 praecedentibus,
1253 2074 1378 2106 adiecit
1402 2074 1505 2105 etiam

865 2118 968 2150 haec:
1002 2116 1062 2149 τὸν
1091 2116 1223 2157 ἀμείνω
1256 2122 1316 2150 τοῦ
1345 2121 1503 2160 χείρονος

866 2176 893 2195 κ.
922 2176 944 2194 τ.
971 2164 996 2194 λ.

913 2207 1045 2249 δηλοῖ
1085 2208 1130 2240 δὲ
1177 2211 1305 2240 ταῦτα
1358 2209 1504 2240 πολλα-

865 2252 950 2295 χοῦ]
983 2254 1026 2284 H.
1058 2263 1085 2284 e.
1126 2254 1406 2285 manifestum
1442 2258 1507 2286 est

867 2302 1007 2330 autem
1032 2297 1120 2337 hoc,
1147 2298 1230 2340 δῆλα
1256 2298 1295 2330 δὲ
1319 2297 1421 2330 ταῦτα’
1436 2298 1506 2331 ἐστι

866 2345 1044 2385 πολλαχοῦ.
1090 2343 1298 2375 Herodot.
1336 2344 1404 2384 IX,
1443 2343 1505 2377 68:

867 2387 968 2429 δηλοῖ
1014 2399 1046 2419 τε
1089 2387 1184 2427 ἐμοὶ,
1231 2387 1280 2420 ὅτι
1321 2387 1430 2420 πάντα
1470 2388 1507 2420 τὰ

868 2432 1045 2475 ποήγματα
1066 2436 1133 2465 τῶν
1149 2433 1345 2475 βαρβάοωιν
1360 2432 1507 2475 ἤρτηντο

867 2477 904 2509 ἑκ
930 2478 1110 2519 Περσέων.
1158 2478 1206 2510 Id.
1231 2480 1282 2518 ΙΙ,
1317 2478 1400 2511 117.
1427 2477 1507 2510 κατὰ

867 2526 968 2555 ταῦτα
1003 2522 1041 2555 δὲ
1080 2521 1118 2554 τὰ
1151 2523 1393 2565 ἔπεα-δηλοῖ
1429 2526 1506 2565 (pa-

866 2570 959 2609 tet),
999 2567 1048 2600 ὅτι
1082 2565 1145 2600 οἰκ
1176 2566 1323 2611 Όμήοοι
1363 2566 1400 2600 τὰ
1434 2567 1505 2600 Kv'-

868 2625 950 2654 πρια
975 2611 1059 2645 ἔπεά
1085 2612 1188 2651 ἐστιν,
1214 2614 1274 2645 ubi
1293 2615 1323 2645 V
1334 2614 1505 2645 alcken.

866 2659 990 2690 frustra
1023 2657 1126 2701 δῆλονΙ
1157 2658 1358 2701 corrigebat.
1396 2659 1506 2690 Plat.

865 2705 917 2735 De
942 2703 1084 2746 Republ.
1109 2705 1168 2736 VI.
1199 2715 1232 2746 p.
1256 2703 1333 2737 497.
1359 2703 1401 2736 G:
1436 2702 1508 2735 τότε
