1687 2969
250 187 329 221 330
812 184 1074 223 PLATONIS

246 292 408 344 ταύτην
435 292 514 345 τὴν
542 293 784 346 ἀδυναμίαν
826 293 1162 347 ἀποθνήσκοιμι,
1210 293 1499 348 ἀγανακτοίην
1528 297 1594 336 ἀν·

249 357 283 397 εί
312 356 357 398 δὲ
398 360 624 410 κολακικῆς
662 357 885 411 ῥητορικῆς
922 357 1059 414 ἐνδείᾳ
1096 359 1330 412 τελευτῴην
1359 357 1512 412 ἔγωγε,
1551 357 1598 401 εὖ

179 425 216 466 Ε
249 417 367 471 οἶδαἸ
418 421 482 462 ὅτι
520 422 674 478 ῥᾳδίως
713 423 819 471 ἴδοις
854 426 907 464 ἀν
947 438 995 477 με
1046 422 1237 475 φέροντα
1276 426 1352 465 τὸν
1389 427 1596 466 θάνατον.

248 487 352 528 αὐτὸ
380 486 457 540 μὲν
485 487 565 540 γὰρ
595 488 641 529 τὸ
671 489 962 542 ἀποθνήσκειν
991 488 1129 537 οὐδεὶς
1160 491 1371 542 φοβεῖται,
1402 489 1511 538 ὅςτις
1539 489 1596 544 μὴ

247 553 517 594 παντάπασιν
546 548 765 606 ἀλόγιστός
791 569 833 595 τε
860 552 929 595 καὶ
959 555 1171 607 ἄνανδρός
1213 553 1320 604 ἐστι,
1362 556 1410 596 τὸ
1440 554 1484 596 δὲ
1512 556 1597 596 ἀδι-

246 621 336 660 κεῖν
377 620 595 672 φοβεῖται·
646 623 816 661 πολλῶν
861 619 944 672 γὰρ
992 620 1261 673 ἀδικημάτων
1297 620 1482 673 γέμοντα
1520 619 1598 674 τὴν

247 683 390 738 ψυχὴν
439 684 496 732 εἰς
530 681 678 726 ΓἈιδου
726 683 958 737 ἀφικέσθαι
1005 687 1181 726 πάντων
1229 683 1406 739 ἔσχατον
1455 689 1600 728 κακῶν

248 748 370 790 ἐστιν.
401 749 436 790 εἰ
464 748 508 790 δὲ
537 751 691 802 βούλει,
723 750 790 792 σοὶ
820 749 914 803 ἐγώ,
945 751 1001 799 ὡς
1027 758 1154 793 τοῦτο
1177 751 1313 799 οὕτως
1343 750 1433 805 ἔχει,
1465 750 1598 792 ἐθέλω

246 815 375 892 λόγον
404 813 526 865 λέξαι.
570 817 705 856 ΚΑΛ.
733 812 832 857 Ἀλλ’
864 815 1029 868 ἐπείπερ
1058 832 1104 870 γε
1133 815 1204 858 καὶ
1224 813 1355 858 τᾶλλα
1378 815 1598 869 έπέρανας,

246 880 317 921 καὶ
346 887 473 921 τοῦτο
502 878 704 932 πέρανον

334 946 440 1005 Cap.
472 947 686 989 LXXIX.
763 944 892 990 2152.
893 944 1048 989 Ακουε
1077 948 1143 1019 δή,
1175 949 1295 1001 φασί,
1325 949 1437 1002 μάλα
1465 951 1599 990 καλου

245 1015 392 1066 λόγουἹ
427 1014 476 1054 ὃν
505 1013 558 1054 συ
586 1013 664 1067 μὲν
696 1013 842 1067 ἡγήσει
870 1017 1038 1068 μῦθον
1069 1013 1126 1061 ὡς
1154 1013 1235 1067 ἐγὼ
1265 1010 1401 1068 οἶμαι,
1445 1013 1526 1067 ἐγὼ
1555 1012 1599 1055 δὲ

248 1080 397 1132 λόγον·
440 1079 496 1127 ὡς
536 1079 675 1132 ἀληθῆ
704 1080 785 1132 γὰο
825 1082 929 1121 ὄντα
959 1090 1027 1121 σοι
1065 1078 1166 1128 λέξω
1205 1080 1231 1119 ἃ
1268 1078 1404 1133 μέλλω
1445 1078 1596 1132 λέγειν.

235 1141 397 1197 ’Ώςπερ
426 1141 717 1198 γὰρ“Ὀμηρος
745 1145 864 1198 λέγει,
895 1145 1157 1198 διενείμαντο
1182 1144 1260 1197 τὴν
1279 1143 1414 1198 ἀρχὴν
1442 1144 1465 1185 6
1493 1140 1600 1192 Ζεὺς

248 1208 318 1251 καὶ
347 1210 371 1251 6
403 1210 625 1251 Ποσειδῶν
664 1209 733 1250 καὶ
763 1210 785 1251 6
817 1210 1051 1257 Πλούτων,
1092 1208 1233 1263 ἐπειδὴ
1273 1209 1389 1261 παρὰ
1417 1214 1495 1250 τοῦ
1523 1225 1597 1250 πα-

248 1276 346 1328 τρὸς
373 1276 628 1329 παρέλαβον.
670 1271 724 1328 «ἦν
753 1271 833 1316 οὖν
869 1275 1003 1328 νόμος
1032 1275 1101 1316 ὅδε
1131 1275 1225 1327 περὶ
1256 1276 1502 1328 ἀνθρώπων
1533 1274 1598 1315 ἐπὶ

134 957 216 999 523

315 1400 354 1431 Ε.
387 1396 620 1441 ἀλόγιστος
660 1410 701 1430 τε
726 1398 794 1429 καὶ
829 1395 1075 1439 ἄνανδρος]
1121 1397 1162 1429 V.
1188 1394 1311 1439 ἄλογος
1349 1398 1469 1429 invitis
1501 1397 1599 1429 codd.

248 1445 415 1476 omnibus.
441 1445 546 1476 Recto
570 1445 638 1475 iam
663 1445 738 1475 Bas.
766 1442 796 1475 2.
820 1441 1005 1485 ἀλόγιστος.
1032 1443 1121 1474 cons.
1146 1442 1292 1485 Apolog.
1318 1442 1408 1474 Soer.
1433 1453 1462 1484 p.
1482 1441 1536 1475 37.
1562 1444 1598 1474 U.

315 1498 410 1532 Ἀλλ’
439 1500 621 1540 ἐπείπερ
655 1512 701 1542 γε
724 1499 787 1542 -—-]
814 1500 855 1531 V.
881 1497 1065 1541 ἐπειδήπερ
1092 1498 1146 1530 καὶ
1174 1492 1288 1535 τᾶλλα,
1315 1498 1407 1539 quod
1430 1502 1598 1529 mutatum

248 1557 290 1578 ex
316 1546 431 1578 Clark.
457 1547 534 1577 Vat.
560 1546 665 1577 Coisl.
689 1546 866 1584 Pal-isinis,
891 1545 980 1577 Flor.
1007 1555 1036 1575 a.
1063 1543 1094 1576 b.
1120 1555 1145 1575 0.
1172 1543 1203 1575 d.
1227 1554 1271 1575 m.
1297 1554 1326 1575 o.
1351 1554 1385 1575 x.

314 1610 351 1640 P.
378 1607 453 1641 523.
483 1611 563 1639 νῦν
589 1608 646 1639 ἔτι
672 1606 808 1650 ἔστιν]
836 1608 1018 1649 Porperam
1044 1606 1151 1649 vulgo
1178 1604 1283 1637 ἐστίν.

315 1671 352 1702 Β.
380 1669 421 1703 ἐς
446 1668 656 1711 μακάρων
685 1668 866 1712 νήσους]
901 1669 958 1701 Sic
982 1669 1059 1700 Par.
1085 1669 1126 1699 V.
1152 1679 1212 1710 pro
1236 1667 1331 1710 vulg.
1356 1666 1407 1701 εἰς
1432 1678 1481 1706 μ.,
1507 1666 1597 1708 quod

293 1784 331 1815 E.
375 1780 523 1816 οὐδεὶς
560 1782 788 1824 φοβεῖται]
837 1783 888 1813 De
959 1781 1058 1823 quasi
1081 1780 1253 1823 proveibii
1277 1781 1426 1822 speciem
1450 1780 1598 1811 1··.eferiet

248 1829 390 1871 repetito
421 1828 525 1860 verbo
557 1839 589 1862 v.
615 1828 657 1860 ad
693 1839 725 1869 p.
749 1827 824 1860 516.
850 1828 888 1859 E.

294 1875 377 1916 Cap.
401 1875 560 1906 LXXIX.
585 1875 621 1905 P.
641 1872 717 1906 523.
736 1871 889 1905 ΥἈκουε

251 1918 315 1961 δή,
344 1922 466 1960 φασί,
499 1931 529 1958 μ.
557 1921 640 1951 καλ.
673 1918 720 1961 λ.]
770 1919 888 1959 Sequi-

249 1969 303 1996 tm·
326 1964 563 1997 nobilissimus
586 1965 694 2003 loeus,
720 1975 785 2005 quo
811 1963 889 1994 Pla-

250 2014 301 2049 to,
334 2010 447 2051 qualis
477 2011 591 2041 futura
624 2010 668 2040 sit
698 2010 888 2041 animorum

250 2062 326 2097 post
349 2056 438 2088 hanc
462 2056 567 2087 vitam
591 2054 758 2093 conditio,
792 2053 890 2085 fabu-

250 2101 321 2133 lose
353 2111 391 2132 ae
415 2101 548 2142 poetice
580 2101 748 2142 exposuit.
795 2099 889 2131 Idem

249 2153 486 2189 argumentum
523 2146 685 2177 tractavit
715 2145 888 2176 Phaedon.

251 2203 281 2233 p.
316 2190 390 2224 107.
418 2192 461 2223 D.
494 2202 584 2232 seqq.
612 2192 663 2222 De
688 2190 830 2232 Republ.
856 2201 888 2231 p.

250 2235 316 2269 614
349 2247 460 2278 seqq.,
499 2237 557 2268 sed
591 2236 726 2267 diversa
758 2236 890 2267 ratione

252 2293 310 2323 pro
336 2282 469 2313 diverso
506 2282 702 2324 scriptionis
733 2280 890 2312 consilio.

253 2328 303 2359 Do
318 2328 460 2366 caussis,
486 2327 610 2368 quibus
629 2330 801 2368 permotus
818 2326 891 2368 phi-

252 2372 415 2414 losophus
446 2383 529 2403 usus
554 2373 599 2403 sit
622 2372 815 2403 fabularum
841 2371 891 2402 in-

252 2417 418 2456 volucris,
451 2417 535 2448 alibi
559 2417 792 2459 exposuimus.
839 2417 890 2447 De

252 2462 398 2494 formula
431 2460 536 2493 ἄκουε
562 2461 620 2504 δή,
653 2473 720 2503 qua
750 2465 892 2492 utuntur

253 2508 295 2547 ii,
332 2508 390 2549 qui
433 2508 498 2538 sibi
544 2511 708 2549 exoptant
754 2506 891 2538 audien-

253 2554 348 2593 tiam,
369 2553 429 2584 ubi
446 2552 527 2594 quid
544 2558 701 2584 narratur
717 2552 892 2584 auditione

255 2609 323 2630 non
354 2598 553 2640 indignum,
593 2599 814 2638 exposuimus
850 2597 893 2628 ad

255 2644 436 2675 Timaeum
476 2654 507 2684 p.
544 2643 596 2676 20.
637 2644 678 2674 D.
741 2641 892 2674 Verbum

259 2691 349 2727 φασί
376 2689 581 2730 interponit,
615 2688 695 2730 quia
726 2688 892 2719 sollemne

256 2735 322 2767 1100
359 2734 423 2766 fuit
460 2733 622 2766 narrandi
658 2733 813 2773 initium,
856 2735 894 2764 ut

960 1828 1159 1868 Oppmtune
1191 1826 1336 1858 contulit
1367 1826 1401 1856 H
1412 1836 1428 1857 e
1437 1826 1449 1856 i
1461 1837 1482 1856 n
1492 1825 1513 1856 d
1522 1836 1540 1857 ο
1551 1826 1597 1856 1f.

959 1873 1047 1904 Tim.
1084 1883 1115 1914 p.
1149 1870 1201 1904 20.
1239 1872 1289 1902 D:
1329 1868 1434 1902 ἅκοιε
1467 1870 1528 1912 δή,
1570 1869 1596 1902 (ὑ

962 1915 1161 1957 Emmaus,
1195 1915 1297 1958 λόγου
1323 1914 1409 1954 μάλα
1434 1915 1498 1953 μὲν
1521 1912 1598 1945 ἀτό-

959 1975 1044 2000 ποι,
1071 1962 1269 1993 παντάπασι
1288 1973 1326 2003 γε
1339 1958 1407 2004 μὴ1
1430 1957 1598 2002 ἀληθοῦς,

958 2007 1019 2038 ubi
1057 2007 1181 2039 sehol.:
1230 2018 1328 2037 τουτο
1369 2004 1598 2045 παωιμιῑῦδές

960 2052 1053 2084 ἑοτιι
1079 2050 1134 2093 ἐφ’
1162 2046 1213 2084 (111
1230 2050 1488 2105 ἐκκαλέσασθαι
1511 2051 1598 2103 βον-

959 2097 1090 2136 λόμεθα
1125 2094 1184 2129 τὸ]
1218 2094 1408 2133 ἀκούοιητα
1442 2097 1523 2127 ι’σοι·
1555 2093 1598 2125 6¹1

961 2147 1004 2186 τῷ
1031 2142 1130 2184 διέχοι
1157 2140 1199 2185 δὴ
1224 2142 1261 2174 τὰ
1287 2140 1360 2183 ἄξια
1385 2139 1502 2182 ἀκοῆς.
1537 2141 1598 2172 Ce-

959 2195 1067 2221 terum
1108 2188 1294 2219 laudantui
1334 2188 1418 2218 haec
1455 2198 1475 2217 a
1506 2185 1599 2217 Plu-

960 2233 1117 2266 tarcho
1144 2234 1186 2265 ad
1210 2233 1369 2275 Apollon.
1395 2242 1426 2272 p.
1444 2230 1517 2263 120.
1543 2241 1599 2262 us-

961 2291 1026 2321 que
1051 2279 1137 2320 adp
1142 2277 1250 2312 5.24.
1275 2279 1322 2309 B:
1351 2275 1514 2315 σώματος,
1538 2273 1595 2307 ἀπ’

962 2322 1134 2367 ἀλλήλοιν,
1160 2324 1202 2356 ab
1220 2321 1411 2355 Eusebio
1437 2323 1597 2363 Praepar.

959 2369 1184 2411 Evang.XII,
1209 2368 1239 2401 6.
1263 2379 1294 2410 p.
1313 2366 1389 2399 577.
1406 2366 1458 2398 ed.
1472 2368 1599 2407 Vigor„

961 2426 981 2447 a
1012 2414 1286 2446 Theodoreto
1320 2413 1438 2444 Graec.
1475 2412 1596 2443 Affeot.

962 2461 1075 2492 Curat.
1113 2459 1264 2492 Sermon.
1290 2459 1348 2491 XI.
1382 2468 1413 2499 p.
1438 2456 1515 2489 649.
1546 2457 1596 2488 ed.

962 2505 1141 2545 Sirmond„
1189 2515 1208 2535 a
1245 2503 1432 2534 Stobaeo
1479 2502 1597 2544 Eolog.

961 2550 1065 2592 Phys.
1105 2550 1130 2581 I.
1171 2560 1205 2591 p
1237 2548 1312 2581 142.
1351 2548 1509 2579 Imitatus
1549 2552 1600 2579 est

962 2596 1055 2627 huno
1092 2595 1207 2626 locum
1241 2594 1509 2625 Plutarchus
1547 2592 1599 2624 De

963 2641 994 2673 S.
1021 2641 1061 2672 N.
1087 2641 1128 2671 V.
1153 2651 1184 2682 p.
1210 2638 1261 2671 72.
1287 2639 1338 2691 ed:
1362 2636 1538 2679 Wyttenb.

1007 2687 1154 2724 ιιῦθό1
1185 2704 1227 2708 —
1259 2681 1339 2726 ἐγώ
1373 2682 1418 2715 δὲ
1450 2681 1598 2725 λόγο1]

967 2730 1094 2764 Μῦθος
1119 2730 1160 2762 de
1184 2729 1312 2770 fabula,
1337 2727 1436 2771 λόγος
1462 2728 1503 2760 de
1525 2738 1600 2759 nai-
