1687 2969
247 121 663 166 PHAEDRUS.
696 123 745 164 Ρ.
778 125 857 165 249
889 130 930 165 et
961 125 1042 166 250
1078 123 1142 166 St.
1291 127 1368 167 107

18 240 91 292 αἶς
125 237 175 283 τὸ
211 241 289 292 τῆς
322 238 496 296 μνήμης
529 241 688 290 ἱκανῶς
722 237 947 295 πάρεστιν.
996 235 1130 284 αὗται
1176 243 1220 285 δὲ
1255 240 1367 285 ὅταν

17 325 62 351 τι
98 308 186 350 τῶν
219 311 305 351 ἐκεῖ
338 305 538 364 ὁμοίωμα
575 306 736 358 ἰ’δωσιν,
769 305 1088 359 ἐκπλήττονται
1110 311 1183 351 καὶ
1205 307 1362 354 οὐκέθ’

17 372 170 418 αὑτῶν
205 378 457 430 γίγνονται,
493 372 517 417 ὃ
556 373 595 417 6³
643 377 732 417 ἔστι
768 373 819 417 τὸ
855 373 1014 424 πάθος
1046 374 1260 428 ἀγνοοῦσι
1294 373 1365 420 διὰ

15 440 66 485 τὸ
97 439 156 497 μὴ
197 444 361 492 ἱκανῶς
386 440 757 494 διαισθάνεσθαι.
795 440 1073 493 δικαιοσύνης
1094 445 1174 498 μὲν
1190 437 1270 486 οὖν
1293 446 1366 487 καὶ

15 507 321 567 σωφροσύνης,
359 511 431 552 καὶ
466 507 550 552 ὅσα
585 507 698 550 ἄλλα
737 511 857 564 τίμια
893 517 1080 568 ψυχαῖς,
1118 508 1197 552 οὐκ
1232 514 1370 554 ἔνεστι
1411 571 1413 573 ¹

16 581 178 634 ςιέγγος
215 575 343 619 οὐδὲν
379 581 424 619 ἐν
460 583 552 626 τοῖς
586 577 684 636 τῇδε
721 573 1010 632 ὁμοιώμασιν,
1045 574 1159 619 ἀλλὰ
1181 576 1226 619 δι’
1257 577 1370 633 ἀμυ-

18 645 133 700 δρῶν
171 640 374 698 ὁργάνων
407 641 534 698 μόγις
568 643 718 685 αὐτῶν
753 646 824 685 καὶ
861 641 1004 697 ὀλίγοι
1038 646 1107 686 ἐπὶ
1143 642 1224 694 τὰς
1257 645 1370 688 εἰκό-

15 728 97 761 νας
132 708 272 761 ἰόντες
306 712 507 752 θεῶνται
543 708 594 753 τὸ
631 712 709 754 τοῦ
729 713 1015 760 εὶκασθὲντος
1038 717 1173 764 γένος.
1208 710 1369 762 καλλος

18 779 63 821 δὲ
99 774 192 820 τότ’
236 770 291 830 ἦν
315 780 422 820 ἰδεῖν
439 776 660 833 λαμπρόν,
697 775 769 821 ὅτε
791 775 871 821 σὺν
897 776 1121 833 εὐδαίμονι
1145 780 1263 834 χορῷ
1281 798 1368 834 μα-

15 846 176 900 καρίαν
212 841 322 904 ὄψιν
362 861 405 887 τε
441 846 514 888 καὶ
551 848 688 895 θέαν,
736 843 942 899 ἑπόμενοι
984 844 1093 899 μετὰ
1138 849 1217 901 μὲν
1265 845 1368 897 Διὸς

15 908 163 968 ἡμεῖς,
200 908 327 955 ἄλλοι
366 914 410 955 δὲ
445 910 541 967 μετ’
581 909 719 955 ἄλλον
755 914 904 968 θεῶν,
941 911 1057 955 εἶδόν
1093 930 1136 956 τε
1173 916 1244 956 καὶ
1279 919 1367 957 ἐτε-
1422 968 1425 969 ⁷

15 980 180 1022 λοῦντο
216 980 304 1022 τῶν
340 981 523 1022 τελετῶν
557 978 610 1032 ἣν
632 982 763 1036 θέμις
783 981 916 1032 λέγειν
935 979 1292 1036 μακαριωτάτην,
1313 979 1365 1034 ἣν
1430 970 1436 983 “

15 1043 288 1102 ώργιοὶζομεν
322 1043 557 1102 ὁλόκληροι
597 1049 677 1102 μὲν
725 1045 854 1090 αὐτοὶ
898 1044 1022 1097 ὅντες
1055 1050 1127 1090 καὶ
1165 1046 1367 1100 ἀπαθεῖς

16 1114 175 1165 κακῶν,
210 1110 295 1157 ὅσα
329 1111 447 1169 ἡμᾶς
479 1118 525 1157 ἐν
560 1112 723 1170 ὑστέρῳ
737 1111 886 1170 χρόνῳ
907 1112 1127 1170 ὑπέμενεν,
1148 1113 1367 1174 ὁλόκληρα

110 1264 152 1300 Β.
200 1264 271 1297 καὶ
296 1265 464 1309 ὀλίγοι]
489 1264 619 1308 ὀλίγοις
641 1263 903 1301 ΛΕΝΟΤἽ).

109 1309 206 1343 τότ’
241 1307 289 1352 »ἷν
319 1313 432 1345 ἰδεῖν
462 1311 686 1356 λαμπρὸν]
722 1312 898 1346 Bekkerus
932 1313 1043 1346 invitis
1069 1314 1162 1347 libris
1188 1325 1264 1348 cum
1291 1319 1374 1348 vett.

18 1355 115 1390 editt.
140 1356 258 1390 dedit:
285 1357 367 1390 τότε
393 1370 428 1390 τε
455 1354 495 1399 ἧν
519 1359 610 1391 ἰδεῖν.

109 1406 191 1435 τῶν
214 1403 417 1448 τελετῶν]
452 1405 623 1437 Articulus
649 1415 667 1437 e
693 1404 784 1437 libris
808 1407 988 1447 permultis
1012 1406 1122 1448 iisque
1146 1407 1285 1448 optimis
1311 1417 1371 1438 nu-

18 1453 297 1529 perfireqocatus.
344 1449 430 1483 Mox
463 1452 566 1493 vulgo
592 1450 808 1496 ὅργιάζομεν.
855 1452 968 1485 Recte
996 1452 1077 1487 Veu.
1104 1454 1138 1485 Σ
1162 1452 1256 1487 vind.
1287 1454 1314 1488 l.
1341 1453 1374 1487 3.

19 1618 51 1651 p.
77 1607 155 1644 739.
183 1608 226 1641 nd
253 1610 456 1642 Antonin.
484 1610 666 1653 v1.§.35.
780 1609 938 1647 κάλλος
966 1611 1007 1643 δὲ
1043 1611 1132 1644 τότ’
1168 1608 1219 1653 ἧν
1245 1612 1309 1655 --]
1338 1613 1375 1646 V.

19 1654 126 1697 intpp.
162 1654 206 1687 ad
239 1654 442 1698 Sophocl.
474 1656 561 1689 Oed.
590 1657 665 1690 Col.

19 1710 51 1734 v.
87 1700 164 1734 651.
213 1701 393 1733 Philoctet.
433 1712 463 1736 v,
501 1702 578 1736 950.
623 1702 666 1735 ad

20 1746 247 1789 Aristoph.
274 1747 375 1788 Vesp.
401 1758 432 1782 v.
459 1747 538 1781 642.
568 1748 664 1792 (662.

20 1790 74 1825 ed.
98 1792 234 1832 Inven.)
260 1793 493 1827 Commentar.
511 1795 664 1829 Dindort'.

20 1847 52 1880 ρ.
69 1836 148 1872 445.
174 1838 403 1871 Hermann.
430 1839 472 1871 ad
499 1840 611 1883 Viger.
630 1852 664 1884 p.

19 1882 98 1918 749.
129 1894 208 1918 ann.
247 1885 322 1919 171.
359 1890 394 1918 et
419 1895 451 1928 p.
475 1885 554 1920 858.
587 1897 663 1921 ann.

19 1928 97 1964 389.
127 1930 329 1965 Valcken.
362 1931 525 1974 Opuscul.
552 1932 594 1968 T.
621 1933 662 1967 ll.

20 1985 54 2018 p.
79 1975 142 2011 291
171 1986 247 2018 sqq.

68 2066 111 2102 Β.
157 2066 291 2111 μόγις
319 2067 460 2100 αὐτῶν
483 2067 554 2099 καὶ
579 2067 664 2100 ὀλί-

21 2123 95 2156 γοι
118 2113 187 2146 ἐπὶ
209 2127 240 2147 τ.
265 2113 348 2157 clm]
377 2113 604 2146 Dissentimus
624 2114 667 2147 de

23 2158 73 2191 his
106 2159 252 2192 nonnihil
289 2170 363 2192 oum
398 2159 436 2192 C.
464 2158 529 2193 Fr.
556 2160 665 2193 Her-

22 2214 197 2246 manno,
254 2205 310 2246 qui
357 2206 403 2238 ita
451 2205 666 2238 scribendum

24 2251 171 2283 censuit:
203 2249 306 2292 μόγις
329 2251 384 2282 καὶ
407 2250 666 2292 ὀλίγοιαῦῐῶν.

24 2294 100 2329 Qua
114 2297 378 2339 transpositione
390 2296 572 2329 verborum
591 2308 665 2330 cer-

24 2345 59 2372 te
84 2350 150 2373 non
175 2352 260 2384 opus
283 2343 472 2379 videbitur,
510 2344 565 2375 ubi
596 2342 664 2375 αὔ·-

24 2389 91 2417 τῶν
118 2388 273 2420 retuleris
297 2388 339 2420 ad
369 2387 589 2431 δικαιοσύνης
614 2388 669 2419 καὶ

24 2431 246 2473 σωφροσύνης
270 2433 324 2464 καὶ
349 2432 414 2465 ὅσα
446 2434 535 2465 ἄλλα
569 2436 667 2476 τίμια

23 2480 171 2519 ψυχαῖς,
209 2482 245 2510 ut
275 2479 444 2519 genitivus
470 2491 512 2512 ex
538 2480 599 2517 τὰς
624 2482 669 2511 εἰ-

24 2521 126 2560 κόνας
155 2523 305 2566 pendere
335 2526 558 2560 existimetur.
616 2527 667 2558 De

24 2566 127 2611 μόγις
152 2568 206 2600 καὶ
232 2567 369 2610 ὀλίγοι,
401 2571 564 2604 adverbio
591 2582 666 2604 cum

24 2613 195 2647 adiectivo
220 2615 413 2656 coniuncto,
438 2626 469 2651 v,
494 2618 537 2649 ad
558 2618 669 2650 Phae-

26 2659 105 2695 don.
131 2671 161 2703 p.
182 2659 236 2695 93.
254 2660 292 2692 Β.
322 2660 453 2695 Politie.
479 2674 510 2705 p.
526 2663 604 2698 276.
628 2663 667 2697 B.

27 2714 132 2748 supra
159 2707 201 2742 ad
229 2717 260 2749 p.
289 2705 368 2740 234.
394 2706 435 2741 E.

734 1655 778 1689 nd
804 1668 835 1699 p.
860 1657 938 1690 248.
966 1658 1003 1691 B.
1034 1659 1166 1691 collatis
1191 1659 1251 1698 iis,
1288 1669 1376 1700 quae

734 1703 931 1744 scripsimus
956 1704 997 1736 ad
1023 1704 1200 1738 Phaedon.
1216 1716 1248 1746 p.
1265 1704 1318 1738 65).
1335 1705 1375 1736 C.

733 1748 894 1790 Sympos.
921 1760 951 1790 p.
966 1750 1043 1784 209.
1067 1750 1120 1791 E„
1148 1750 1237 1782 unde
1263 1750 1377 1782 disces

733 1794 868 1827 Platoni
893 1795 990 1827 liuius
1010 1796 1164 1838 imaginis
1189 1806 1286 1828 usum
1312 1797 1376 1828 ad-

732 1840 868 1873 modum
884 1852 962 1874 esse
976 1841 1239 1884 frequentatum.
1271 1842 1378 1874 Prae-

732 1891 826 1919 terea
849 1887 953 1919 adeas
973 1887 1206 1921 Lobeckiu
1221 1899 1252 1921 m
1275 1889 1381 1928 Agla-

732 1931 865 1974 opham.
891 1932 933 1967 Τ.
950 1933 974 1967 l.
991 1944 1022 1975 p.
1039 1933 1082 1967 34
1103 1945 1176 1976 sqq.
1197 1939 1232 1967 et
1251 1945 1282 1977 p.
1304 1934 1378 1968 128.

733 1979 925 2011 Dictionem
968 1979 1113 2011 ἕπεσθαι
1158 1978 1246 2022 μετοῖ
1288 1992 1381 2016 τινος

734 2024 878 2056 Astius
907 2029 941 2057 et
968 2026 1198 2060 Heindorf.
1231 2026 1272 2058 ad
1300 2026 1329 2060 h.
1357 2027 1378 2058 l.

733 2070 899 2112 exemplis
925 2071 1149 2106 illustrarunt.

781 2159 820 2193 C,
876 2157 924 2201 ἢν
963 2159 1238 2202 ιῦργιοῖζομεν
1282 2160 1382 2193 ὁλό-

735 2205 888 2248 κληροι
913 2205 978 2247 -]
1000 2207 1261 2250 Ὀργιοίζειν,
1289 2207 1379 2247 quod

737 2251 872 2293 proprie
898 2256 951 2283 est
983 2255 1104 2295 orgia
1131 2254 1380 2291 celebrare.

737 2298 800 2329 lioc
827 2299 901 2328 loco
927 2297 968 2329 ad
987 2301 1149 2342 mysteria
1172 2301 1382 2332 translatum.

736 2353 767 2375 v.
794 2343 947 2375 lacobs
974 2344 1014 2375 ad
1039 2346 1380 2387 Plnilostrat.lma‹1g.

736 2399 769 2430 p.
786 2388 863 2421 325.
891 2407 935 2411 ——-
973 2388 1383 2434 620'n2.=2790t‚i11te-

735 2434 798 2476 gri
835 2444 881 2466 ac
915 2436 1026 2477 puri,
1072 2439 1189 2479 quales
1226 2437 1276 2468 fas
1309 2442 1384 2469 erat

737 2490 812 2511 esse
845 2490 927 2519 εοε,
961 2484 1014 2522 qui
1047 2494 1085 2516 se
1120 2483 1289 2524 mysteriis
1319 2484 1382 2514 iui-

736 2525 809 2557 tiari
843 2526 979 2560 vellent.
1036 2529 1119 2561 Mox
1156 2528 1383 2569 Hit-scliig.

735 2581 796 2612 pro
822 2569 983 2613 ὑπέμενεν
1009 2575 1152 2607 consilio
1172 2584 1288 2616 parum
1319 2574 1382 2605 de-

737 2616 879 2648 liberato
906 2617 1028 2652 edidit:
1065 2625 1265 2663 περιέμειέν.
1306 2620 1380 2651 Po-

736 2661 802 2702 lyb.
823 2662 844 2696 Ι.
863 2661 920 2703 81,
946 2662 977 2699 3.
1006 2663 1021 2707 ἡ
1049 2663 1188 2702 κόλασις
1213 2664 1383 2708 ὑπομένει.

735 2706 845 2739 αὐτόν
869 2709 910 2743 al.
