1687 2969
369 162 775 206 PHAEDRUS.
813 164 858 204 P.
895 166 974 205 225)
1006 164 1067 207 St.
1349 170 1394 207 1:‘›

145 283 259 327 ΣΩ.’

149 375 281 417 ΨΑΙ.
346 372 456 415 Ἐκεῖ
489 369 588 415 σκιά
627 370 664 413 τ’
707 376 794 414 ἔστι
828 374 900 412 και
928 373 1099 427 πνεῦμα
1118 377 1307 429 μέτριον,
1327 376 1397 418 καὶ
1440 382 1476 422 Β

45 440 132 485 πόα
169 441 446 493 καθίζεσθαι
482 437 529 491 ἤ,
565 436 623 480 ἂν
657 436 947 494 βουλώμεθα,
982 443 1327 494 κατακλιθῆναι,

142 541 247 586 ΣΩ.

154 633 287 676 ΦΛΙ.
355 632 463 673 Εἰπέ
496 646 586 685 μοι,
624 622 655 671 ὦ
693 627 945 686 Σώκρατες,
984 628 1062 672 οὐκ
1095 633 1275 674 ἐνθένδε
1308 635 1407 687 μέν·

44 716 113 743 τοι
148 701 300 743 ποθὲν
344 694 437 740 ἀπὸ
484 698 562 740 τοῦ
605 695 792 739 Ἰλισσοῦ
840 698 1009 752 λέγεται
1044 695 1067 740 ὁ
1104 698 1277 755 Βορέας
1325 699 1401 751 tin

41 767 305 824 Ὠρείθυιαν
338 762 571 821 ἁρπάσαις

146 866 254 910 ΣΩ.
321 867 512 920 Λέγεται
545 863 647 924 γάρ.

151 956 282 1000 ΦΑΙ.
340 947 442 1012 τΑρ’
486 947 567 998 οὖν
602 954 811 1003 ἐνθένδε;
843 958 1053 1010 χαρίεντα
1088 956 1198 1010 γοῦν
1229 957 1302 998 καὶ
1329 973 1407 998 κα-

49 1021 180 1082 θαρὰ
217 1025 292 1066 καὶ
327 1023 525 1081 διαφανῆ
561 1019 617 1064 τὰ
654 1019 815 1065 ὑδατια
851 1026 1056 1082 φαίνεται
1092 1024 1164 1064 καὶ
1184 1020 1407 1076 ἐπιτήδεια

50 1090 206 1149 κόραις
241 1090 411 1142 παίζειν
447 1087 555 1147 παρ’
599 1088 730 1133 αὐτοὶ.

323 285 376 325 ΊἸ
411 281 525 338 μήν;

317 537 550 598 Προάγοις
583 536 655 583 ἄν.

142 1198 183 1232 Β.
232 1196 275 1238 ἧ,
311 1197 359 1229 (ἲν
389 1198 521 1240 βουλ.,
550 1199 800 1239 κατακλιθῆ
814 1196 901 1239 ναι]
935 1197 1047 1239 Vulgo
1074 1191 1096 1238 ἦ
1120 1196 1162 1228 ὃν
1185 1197 1402 1240 βουλόμεθα,

49 1243 149 1278 Bodl.
187 1238 223 1284 ἧι
254 1242 296 1275 ἂν
332 1242 551 1287 βουλόμεθα.
606 1244 864 1277 Coniunctivum
896 1242 995 1277 codd.
1036 1244 1142 1275 ceteri
1174 1243 1246 1276 sere
1283 1254 1404 1276 omnes

49 1288 324 1333 suppeditarunt.
348 1289 519 1332 Hirschig.
539 1293 719 1331 praeterea
734 1290 974 1329 κατακλινῆναι
998 1289 1146 1331 scripsit,
1172 1289 1285 1321 invitis
1302 1290 1403 1324 codd.

49 1336 214 1369 Errorem
239 1335 368 1378 primus
393 1335 541 1368 correxit
568 1335 704 1368 Bastius
730 1336 880 1379 Specim.
906 1335 978 1368 crit.
1003 1335 1035 1367 iu
1060 1335 1221 1378 Sympos.
1247 1346 1279 1378 p.
1303 1335 1358 1371 86.

52 1425 261 1470 &ngUsum
275 1425 364 1460 hunc
378 1428 582 1469 Ὺοο.με’ντοι
600 1428 630 1460 in
647 1427 697 1459 in-

767 1427 941 1460 bitramur.
1007 1426 1111 1459 Certe
1151 1437 1238 1468 quae
1278 1428 1408 1460 notavit

51 1472 341 1515 terrogationibus
356 1473 624 1517 affirmantibus»,
642 1473 698 1515 qui

53 1520 85 1553 in
95 1518 252 1552 Phaedro
268 1519 370 1552 etiam
385 1531 418 1563 p.
428 1518 506 1553 229.
519 1518 628 1553 3261
638 1544 645 1552 .
657 1519 696 1553 C.

40 1563 131 1600 267.
159 1564 198 1597 D.
229 1565 385 1606 recurrit,
415 1565 530 1598 multis
555 1564 697 1598 demon-

53 1610 237 1644 stravimus
261 1611 429 1653 exemplis
445 1610 488 1643 ad
510 1611 695 1652 Rempubl.

0 1678 1 1682 ,
54 1655 357 1697 1.c.13.inp.399.
372 1657 410 1690 B.
428 1656 501 1691 Vll.
513 1667 546 1699 p.
561 1657 638 1691 521.
657 1656 696 1690 C.

53 1703 116 1736 lx,
134 1712 166 1744 p.
182 1700 262 1736 581.
277 1703 318 1734 A.
336 1702 519 1745 Protagor.
543 1702 588 1736 iu.
607 1701 700 1735 The-

0 1747 2 1752 *
56 1751 124 1781 aet.
146 1746 275 1790 p.163.
297 1746 336 1782 E.
384 1747 438 1781 Ex
466 1748 586 1789 quibus
618 1748 702 1780 locis

58 1795 141 1827 item
157 1793 338 1836 intelligaS,
361 1804 461 1836 quam
482 1804 624 1837 magnae
649 1794 703 1827 ille

58 1839 239 1872 offensioni
283 1839 358 1872 fere
403 1850 542 1882 semper
588 1840 702 1872 fuerit.

57 1886 148 1919 Post
193 1885 333 1917 ἐνθένδε
370 1902 413 1911 --
446 1888 556 1917 ποθὲν
608 1889 703 1919 recte

59 1929 359 1964 Heindorfius
384 1931 505 1966 statuit
527 1930 704 1964 τοῦἸλισ-

61 1979 124 2009 σοῦ
149 1977 385 2019 explicationis
402 1978 512 2020 gratia
528 1987 607 2010 esse
623 1978 705 2010 sub-

61 2024 207 2055 iectum:
243 2032 346 2064 quam
375 2023 409 2055 in
433 2033 505 2056 rem
530 2028 707 2066 comparat

61 2067 208 2110 Euthyd.
231 2078 264 2110 p.
287 2068 365 2102 271¹.
392 2068 431 2103 C.
457 2070 620 2102 ἐντεῦθέν
643 2081 706 2101 πο-

61 2115 130 2146 θέν
152 2114 232 2146 εἰσιν
245 2115 280 2146 ἐκ
296 2114 397 2149 Χίου.
427 2114 570 2149 Theaet.
585 2126 616 2157 p.
631 2114 705 2150 142.

64 2159 105 2192 Β.
130 2158 241 2192 αὐτοῦ
259 2160 425 2203 Μεγαροῖ
440 2162 608 2193 κατέλυεν.
632 2162 707 2194 Alia

63 2204 96 2237 id
135 2215 243 2247 genus
285 2207 443 2249 exempla
492 2208 708 2248 collegerunt

63 2249 287 2285 Schaefer.
312 2251 355 2284 ad
373 2252 618 2295 1.ong.p.371.
646 2253 706 2285 la·-

64 2305 111 2327 co
124 2296 155 2330 b.
181 2295 225 2329 ad
243 2296 382 2330 Lucian.
402 2297 529 2332 Toxar.
548 2309 580 2341 p.
595 2299 639 2331 77
654 2309 706 2340 sq.

66 2340 142 2374 Nou
166 2351 253 2384 opus
286 2347 401 2377 autem
432 2348 485 2376 est
509 2346 706 2377 coniectura

67 2386 351 2421 Valckenarii
391 2390 521 2431 Annot.
554 2391 586 2424 iu
618 2389 705 2423 Nov.

66 2431 166 2465 Test.
184 2431 227 2465 T.
244 2432 270 2466 l.
286 2433 410 2475 pASO.
446 2433 512 2467 ἀπὸ
548 2439 611 2467 τοῦ
643 2438 706 2467 τοῦ

62 2477 211 2509 Ἰλισσοῦ
267 2479 484 2514 scribendum
545 2482 707 2525 putantis,

26 2530 30 2533 ·
68 2523 268 2566 praesertim
311 2534 413 2566 quum
452 2528 631 2560 articulum
661 2527 707 2559 ita

67 2578 134 2602 uno
171 2569 363 2611 eodemque
393 2581 475 2605 casu
499 2573 706 2615 geminatum

67 2614 158 2657 apud
189 2614 369 2648 Platonem
418 2617 554 2658 quidem
584 2618 709 2650 frustra

68 2658 264 2702 quaesieris,
301 2659 376 2694 Nec
398 2671 480 2695 vero
503 2673 708 2705 quemquam

68 2706 171 2740 alium
213 2710 367 2740 veterum
406 2708 606 2751 scriptorum
648 2707 709 2741 hac

42 2750 227 2792 'loquendi
258 2751 389 2786 ratione
423 2763 521 2794 usum
551 2765 629 2789 esse
653 2764 708 2787 ar-

766 1472 863 1506 huius
887 1473 1077 1505 iterationis
1102 1474 1260 1515 exempla
1284 1474 1408 1506 Bois-
1460 1487 1468 1491 ·

765 1518 908 1552 sonad.
941 1519 972 1550 in
1001 1517 1168 1553 Anecdot.
1192 1519 1235 1553 ll.
1270 1531 1302 1562 p.
1327 1518 1406 1554 296.

765 1565 808 1597 ad
834 1563 981 1598 Planud.
1018 1564 1103 1598 Met.
1135 1575 1167 1607 p.
1198 1565 1252 1598 73.
1291 1566 1407 1608 Eurip.

766 1611 822 1644 lli.
846 1621 877 1653 p.
905 1610 982 1645 339.
1016 1621 1056 1643 ea
1082 1611 1193 1643 omnia
1218 1616 1276 1644 aut
1298 1612 1409 1644 incer-

765 1661 820 1688 tae
848 1655 927 1688 fidei
953 1660 1051 1697 sunt,
1079 1660 1137 1688 aut
1162 1656 1332 1689 debentur
1357 1657 1408 1689 ci-

768 1702 902 1735 terioris
926 1702 1122 1742 graecitatis
1146 1704 1356 1736 auctoribus.

815 1747 894 1788 τὴν
914 1746 1175 1790 Ἰὶρείθυιαν
1200 1747 1412 1792 ἁρπάσαι]

771 1793 981 1838 Orithyiam,
1014 1792 1193 1826 Erechthei
1224 1795 1315 1836 regis
1348 1795 1413 1827 ffli-

771 1850 846 1880 am,
886 1839 1070 1872 narrabant
1112 1840 1291 1881 aliquando
1335 1850 1412 1873 cum

771 1884 926 1927 nymphis
949 1884 992 1916 ad
1012 1884 1100 1917 Ilissi
1125 1886 1213 1927 ripas
1240 1885 1413 1919 ludentem

773 1942 792 1964 a
818 1931 930 1963 Borea
955 1935 1087 1973 raptam
1113 1936 1147 1963 et
1172 1932 1204 1963 in
1230 1932 1413 1965 Thraciam

774 1977 921 2010 ablatam
955 1988 1044 2010 esse.
1102 1977 1152 2009 Ex
1183 1988 1250 2019 quo
1283 1978 1411 2010 factum

774 2033 851 2055 esse
867 2022 1039 2063 dicebaut,
1067 2027 1104 2054 ut
1127 2023 1269 2063 Boreas,
1295 2028 1415 2066 utpote

774 2079 850 2102 cuni
880 2068 1141 2101 Atheniensibus
1173 2070 1307 2101 iunctus
1339 2070 1413 2102 affi-

774 2115 897 2156 nitate,
948 2114 997 2146 his
1039 2115 1122 2156 ipsis
1160 2115 1339 2156 aliquando
1382 2115 1414 2147 in

773 2161 862 2193 bello
903 2159 1068 2192 adversus
1100 2161 1263 2192 barbaros
1292 2171 1414 2192 susce-

773 2209 834 2249 pto
869 2216 969 2248 opem
1003 2206 1119 2238 ferret.
1179 2207 1257 2240 Quo
1289 2207 1416 2239 benefi—

731 2281 733 2286 .
776 2252 830 2284 cio
856 2251 964 2283 ornati
991 2250 1213 2284 Athenienses
1239 2252 1270 2284 ci
1298 2251 1340 2284 ad
1366 2252 1415 2284 ri-

766 2297 851 2340 pam
890 2297 979 2329 llissi
1027 2307 1120 2329 aram
1161 2297 1418 2330 dedicaverunt.

775 2343 941 2376 Fabulam
963 2347 1193 2384 exposu‹-runt
1222 2343 1251 2375 H
1265 2344 1417 2388 eynius

776 2387 818 2420 ad
846 2387 1043 2430 Apollodor.
1082 2387 1121 2422 P.
1149 2389 1190 2421 ll.
1214 2400 1248 2431 p.
1273 2389 1338 2424 3:34
1366 2400 1417 2431 sq,

777 2435 921 2468 SturZ.
960 2433 1001 2465 ad
1041 2432 1231 2477 Pherecyd.
1281 2435 1417 2478 Fragm.

778 2491 812 2521 p.
837 2480 898 2515 176
918 2489 968 2520 sq.
992 2479 1098 2522 intpp.
1125 2480 1166 2513 ad
1195 2481 1352 2515 Ciceron.
1375 2480 1419 2513 de

776 2526 884 2567 Legg.
902 2525 926 2558 l.
950 2527 978 2559 1.
994 2535 1026 2568 p.
1037 2529 1069 2559 ὅ.
1083 2525 1274 2561 ed.Moser.
1304 2531 1339 2559 et
1363 2527 1418 2568 qui

775 2571 818 2603 ab
842 2571 891 2603 his
914 2571 997 2612 ipsis
1022 2575 1123 2613 atque
1151 2572 1193 2604 ab
1219 2573 1350 2605 Astio
1375 2572 1419 2605 ad

776 2616 805 2650 h.
842 2617 861 2649 l.
902 2616 1093 2649 laudantur.
1131 2617 1220 2652 conf.
1265 2618 1416 2661 inprimis

778 2662 990 2697 Herodot.
1011 2662 1184 2699 v11.189.
1212 2663 1417 2706 Sophocl.

777 2708 939 2750 Antigon.
962 2719 993 2740 v.
1021 2708 1090 2743 980
1104 2719 1177 2752 sqq.
1198 2710 1251 2744 ed.
1274 2710 1420 2742 ssruuck.

778 2753 961 2789 Pausan.
987 2753 1011 2789 l.
1039 2754 1093 2789 19.
