1687 2969
542 169 584 175 -
654 147 818 188 CXXXIII
892 170 930 173 -1-

61 263 232 307 fabulae
265 262 517 316 involucro,
553 278 640 318 quo
672 263 769 305 loco
802 262 932 305 vitam
964 263 1204 305 animorum
1235 261 1403 318 superi-

61 336 178 364 orem
220 335 457 375 eorumque
506 318 724 362 oum'diis
771 319 1087 362 immortalibus
1135 320 1405 363 coniunctio-

61 393 158 420 nem
197 376 502 433 descripserit,
547 392 591 432 p.
640 377 734 420 249.
776 374 827 418 C.
871 400 927 406 —-
969 376 1064 418 257.
1104 377 1160 417 A.
1206 375 1324 430 quod
1364 382 1408 416 et

60 432 285 477 doctrinae
333 434 706 489 imperfectionem
755 439 799 475 et
843 431 1097 474 dialecticae
1146 433 1407 487 imperitiam

61 506 155 533 eam
176 506 358 548 arguere
388 491 523 544 aiunt,
557 505 644 544 qua
673 489 767 532 fieri
788 505 875 531 non
906 490 1113 545 potuerit,
1146 495 1196 530 ut
1225 504 1291 531 res
1312 505 1407 545 gra-

60 548 262 591 vissimae
302 547 500 590 fabulose
539 562 655 588 nunc
693 553 906 589 tractatae
946 547 1267 601 explicarentur
1307 547 1408 587 sub-

60 605 204 655 tilius;
245 621 286 646 v.
318 603 828 647 Schleiermacher.
864 604 1008 645 Praei.
1042 602 1097 644 ad
1128 602 1320 645 Phaedr.
1363 619 1404 657 p.

62 663 128 704 79.
159 677 224 716 sq.
256 667 301 703 et
329 659 628 703 Krischius
659 660 686 701 l.
719 675 755 702 c.
786 675 829 716 p.
861 661 927 703 54.
959 667 1090 714 atque
1122 676 1161 716 p.
1198 661 1289 702 132.
1310 674 1406 713 sqq.

60 718 137 761 ubi
177 719 289 761 inter
326 718 411 760 alia
440 717 548 760 haec
580 717 778 773 scripsit:
840 719 1033 758 Platon
1073 719 1272 758 letaidet
1314 719 1407 757 da-

59 777 147 817 bei
179 777 264 816 die
304 776 512 816 Summe
550 777 728 815 seiner
772 776 1259 830 philosophischen
1313 774 1408 814 Ue-

59 835 468 888 berzengungen
497 834 548 872 in
578 833 674 872 das
703 833 902 873 dztnlcle
924 833 1158 873 Gemand
1187 832 1276 872 des
1299 832 1408 884 My-

63 892 182 931 tkus
232 893 350 939 ein,
390 904 468 930 um
511 904 604 929 uns
649 903 706 929 zu
755 891 1041 937 bedeecten,
1093 890 1216 929 dass
1265 890 1409 928 selue

63 947 229 987 Lehre
255 949 369 987 sich
398 947 528 987 noch
565 961 630 986 an
659 947 750 986 der
789 947 1047 986 Schwelle
1067 949 1227 1000 jener
1268 947 1408 985 Ent-

60 1004 598 1059 wickelungsstufen
645 1004 883 1054 befinde,
938 1005 1037 1047 auf
1080 1004 1311 1042 weicheri
1361 1018 1410 1041 es

63 1063 161 1101 ihm
193 1063 320 1101 noch
361 1062 504 1101 nicht
545 1060 777 1114 mo'gliclz
815 1063 911 1109 ist,
949 1061 1045 1100 das
1082 1067 1190 1099 erse
1233 1061 1408 1099 Gealz-

62 1124 183 1159 nete
220 1120 273 1158 in
312 1119 404 1158 der
444 1118 597 1157 Form
638 1119 735 1157 des
776 1118 1255 1171 philosophischen
1308 1117 1408 1155 Be-

60 1177 229 1228 grist
266 1176 699 1226 vorzecj2'c'lzren.“
774 1173 948 1215 Deinde
994 1188 1097 1214 vero
1139 1172 1269 1213 etiam
1309 1187 1408 1212 cen-

59 1236 161 1273 sent
197 1230 539 1286 disputationem
589 1229 633 1271 in
691 1229 773 1272 hoc
823 1245 954 1286 opere
1001 1230 1144 1271 minus
1193 1229 1410 1271 subtiliter

59 1302 157 1329 esse
189 1288 446 1341 institutam,
480 1287 645 1342 quippe
686 1301 818 1341 quum
848 1287 984 1328 multa
1014 1293 1233 1342 ponantur
1263 1285 1409 1341 potius

60 1351 106 1386 et
150 1351 472 1398 asseverentur,
521 1359 651 1397 quam
694 1344 981 1399 exquirantur
1025 1351 1156 1398 atque
1198 1343 1410 1398 pervesti-

61 1407 245 1459 gentur,
289 1416 434 1457 neque
465 1414 647 1443 caussae
684 1416 827 1442 reruni
856 1400 1199 1456 disceptatarum
1238 1399 1409 1441 idoneis

59 1459 301 1501 rationibus
341 1458 617 1515 aperiantur,
649 1458 785 1499 multa
823 1459 951 1499 etiam
989 1457 1242 1513 imperfecte
1277 1472 1410 1511 expo—

58 1522 242 1569 nantur,
284 1515 347 1557 ita
386 1521 436 1557 ut
475 1531 529 1557 ne
569 1515 824 1557 dialecticae
866 1514 1041 1570 quidem
1079 1514 1189 1555 ratio
1231 1529 1282 1555 ac
1323 1513 1410 1555 dis-

60 1572 247 1628 ciplina,
280 1587 391 1627 quae
421 1578 566 1614 tamen
597 1587 796 1628 magnam
827 1572 970 1627 operis
1002 1577 1170 1627 partem
1202 1571 1285 1612 sibi
1318 1571 1409 1611 vin-

61 1627 192 1683 dicet,
217 1628 345 1684 plene
365 1635 656 1682 accurateque
678 1627 899 1682 descripta
919 1629 988 1670 sit.
1020 1645 1059 1670 v.
1093 1627 1347 1670 Schleier
1358 1644 1409 1668 m.

61 1684 97 1730 I.
127 1686 179 1728 P.
209 1686 244 1727 I.
278 1700 321 1741 p.
353 1686 419 1728 65.
453 1700 549 1740 sqq.
581 1684 647 1726 ed.
680 1685 718 1727 2.
751 1685 1060 1727 Krischius
1101 1684 1128 1725 l.
1171 1700 1207 1726 c.
1240 1700 1281 1739 p.
1318 1685 1409 1726 134.

61 1757 126 1798 sq.
185 1742 310 1784 Haec
347 1742 484 1799 igitur
523 1742 607 1795 illi,
651 1757 704 1783 ex
743 1741 901 1796 quibus
943 1742 1046 1784 item
1089 1741 1203 1783 effici
1241 1741 1409 1794 volunt,

60 1805 111 1842 ut
166 1799 393 1842 Phaedrus
454 1815 533 1855 pro
601 1799 780 1841 iuvenili
855 1814 984 1854 opere
1044 1797 1269 1840 habendus
1341 1798 1410 1840 sit.

61 1854 187 1910 Quae
232 1856 406 1912 quidem
448 1856 591 1897 onmia
632 1870 718 1910 quo
757 1856 848 1897 iure
889 1857 949 1897 ita
988 1856 1269 1911 pronuntiata
1308 1855 1410 1909 sint,

59 1913 212 1970 paucis
242 1913 535 1969 disputavisse
566 1913 771 1966 sufficiet,
805 1928 938 1967 quum
968 1914 1127 1968 partim
1144 1913 1228 1954 iam
1260 1927 1313 1953 ex
1343 1912 1410 1965 iis,

63 1983 174 2025 quae
214 1985 346 2026 supra
383 1976 485 2012 sunt
514 1971 737 2026 exposita,
780 1969 885 2025 quid
925 1971 985 2011 rei
1017 1970 1411 2025 sit„perspectum

60 2026 117 2069 iri
154 2028 463 2070 existimemus.
524 2028 591 2070 Ut
632 2027 767 2084 igitur
797 2027 850 2069 ab
878 2042 928 2069 eo
962 2026 1257 2079 exordiamur,
1293 2025 1413 2080 quod

61 2090 281 2139 postremo
320 2084 416 2126 loco
457 2085 814 2137 memoravimus,
856 2083 909 2126 de
950 2083 1204 2125 dialecticae
1237 2082 1413 2137 quidem

62 2139 371 2197 descriptione,
405 2156 515 2196 quae
544 2141 590 2182 in
618 2141 703 2183 hoc
733 2156 927 2183 sermone
959 2141 1199 2192 exhibetur,
1230 2139 1413 2180 multum

62 2197 258 2240 veremur
297 2204 347 2239 ut
385 2198 471 2240 isto
510 2197 639 2240 modo
689 2198 794 2240 satis
840 2204 966 2240 caute
1006 2203 1050 2238 et
1097 2196 1411 2250 circumspecte

63 2252 303 2296 iudicatum
333 2255 405 2308 sit,
438 2270 549 2309 quae
581 2261 698 2297 certe
731 2254 787 2297 ad
817 2261 984 2296 tantam
1014 2252 1328 2308 perfectionem
1367 2253 1411 2293 in

66 2308 148 2352 hoc
185 2311 296 2353 libro
335 2312 556 2354 elaborata
592 2317 681 2366 est,
724 2317 773 2353 ut
798 2312 945 2368 potius
983 2311 1133 2352 Heus
1146 2308 1232 2350 dio
1264 2324 1410 2351 assen-

65 2365 260 2409 tiendum
297 2367 500 2411 videatur
534 2368 638 2410 Init.
676 2368 791 2411 Phil.
830 2369 944 2410 Plat.
983 2367 1084 2409 Vol.
1129 2365 1164 2406 I.
1195 2366 1244 2407 P.
1274 2366 1335 2407 Π.
1367 2383 1410 2421 p.

65 2423 134 2464 76.
164 2422 374 2467 iudicanti
403 2440 542 2480 paene
571 2432 709 2467 totam
738 2423 987 2481 philosophi
1018 2423 1232 2465 rationem
1261 2423 1306 2464 in
1336 2423 1410 2465 illo

66 2477 329 2522 declaratam
358 2496 466 2524 esse.
538 2483 757 2525 Nimirum
798 2481 1053 2524 adumbrata
1094 2481 1186 2522 eius
1218 2481 1328 2521 ratio
1360 2495 1411 2522 ac

65 2534 298 2591 disciplina
343 2545 409 2580 est
455 2540 591 2582 totius
641 2539 794 2594 scripti
842 2537 1034 2580 consiliis
1085 2537 1409 2579 convenienter.

66 2592 136 2634 Ex
175 2608 261 2648 quo
302 2600 458 2648 sponte
499 2597 805 2650 consequitur,
847 2601 896 2636 ut
936 2594 1110 2636 Platoni
1157 2594 1409 2647 neutiquam

66 2664 117 2691 ea
158 2650 264 2690 artis
306 2649 558 2696 dialecticae
599 2653 770 2708 species
797 2659 842 2693 et
872 2652 1015 2707 imago
1046 2649 1290 2692 exhibenda
1319 2652 1409 2691 fue-

6 2738 9 2740 —
65 2706 135 2761 rit,
169 2721 279 2761 quae
315 2708 512 2752 omnibus
542 2709 731 2752 numeris
762 2709 956 2765 perfecta
987 2714 1029 2750 et
1057 2707 1257 2751 absoluta
1279 2713 1408 2759 esset,
