1687 2969
552 162 594 167 -
665 143 805 181 CXXXV
880 163 922 168 -

63 256 258 312 profecto
295 270 373 310 per
423 257 560 311 ipsam
607 256 848 312 argumenti
896 263 1091 297 naturam
1139 257 1263 298 aliter
1311 256 1404 298 fieri

63 311 182 356 nullo
219 312 349 356 modo
386 312 544 368 potuit.
610 313 675 354 At
711 313 824 354 enim
861 327 966 354 vero
1005 328 1139 367 quum
1169 314 1212 356 in
1243 313 1406 370 Lysiae

63 370 257 411 oratione
295 384 321 411 a
352 370 563 424 scriptore
590 369 686 426 ipso
727 370 918 411 ovraviter
944 369 1285 425 reprehendatur
1315 370 1405 413 dia-

61 426 242 468 lecticae
281 426 516 469 contemtio
565 431 609 468 et
645 440 732 483 neg
751 427 890 479 ectio,
930 433 1020 467 tum
1051 427 1094 467 in
1125 426 1294 470 duabus
1324 427 1405 471 So-

62 483 194 526 cratis
237 483 505 526 orationibus
540 488 656 525 certe
694 498 773 539 per
803 482 946 525 omnia
975 490 1130 540 regnat
1162 484 1277 525 iusta
1307 500 1404 541 par-

60 540 169 581 tium
206 538 468 596 descriptio,
514 538 672 581 idonea
716 540 1100 595 argumentationis
1143 542 1407 597 progressio,

60 595 248 651 denique
280 597 509 639 verborum
537 612 588 638 ac
619 597 926 639 sententiarum
955 603 1078 638 tanta
1105 598 1406 654 perspicuitasq

61 660 270 708 quantam
309 652 665 696 difficillimorum
694 653 995 710 philosophiae
1023 654 1218 696 locorum
1248 661 1406 696 trac-ta-

61 711 123 752 tio
154 716 197 752 et
226 710 441 766 expositio
473 709 674 752 videatur
705 725 861 767 capere
890 711 1100 767 potuisse.
1160 711 1230 753 De
1260 717 1407 767 poste·

60 767 175 809 riore
216 773 358 809 autem
393 767 536 823 operis
574 773 697 822 parte
734 769 771 809 si
813 768 1082 822 quaerimus,
1125 768 1406 810 subtilissime

61 824 259 880 profecto
298 823 359 866 ibi
397 823 600 877 docetur,
642 830 776 866 artem
807 824 1065 867 rhetoricam
1095 825 1188 867 sine
1217 825 1408 881 philoso-

61 880 189 937 phiae
230 880 390 923 auxilio
437 896 580 936 neque
619 881 856 924 consistere
909 896 1052 937 neque
1099 897 1256 924 nomeu
1303 882 1406 923 artis

62 943 137 979 aut
164 936 336 980 laudem
373 937 581 980 scientiae
632 938 745 980 tueri
783 952 936 994 posse,
971 939 1072 993 quia
1102 946 1146 980 et
1175 954 1316 980 rerum
1343 939 1408 980 in-

62 994 208 1037 ventio
250 1000 294 1036 et
323 994 601 1037 tractationis
631 995 743 1036 ratio
773 1002 902 1050 atque
941 996 1013 1036 via
1051 1002 1095 1037 et
1138 1011 1240 1038 vero
1282 995 1409 1037 etiam

62 1050 302 1093 animorum
338 1050 651 1098 movendorum
686 1057 815 1107 atque
855 1051 1178 1094 edocendorum
1225 1053 1409 1094 facultas

61 1116 192 1163 atque
205 1108 428 1163 persuasio
448 1108 567 1150 nulla
584 1107 712 1163 plane
732 1108 916 1165 cogitari
926 1110 1081 1163 possit,
1098 1110 1226 1151 nisisi
1238 1110 1409 1165 sapien-

62 1164 149 1206 tiae
177 1164 333 1228 opibus
365 1170 632 1207 sustentetur
661 1171 702 1206 et
726 1166 957 1207 muniatur.
1009 1164 1133 1219 Quae
1154 1172 1268 1208 certe
1288 1172 1409 1208 tanto

60 1220 226 1277 ingenil
263 1221 459 1263 acumine
507 1221 722 1276 explicata
771 1228 898 1275 sunt,
947 1229 998 1263 ut
1041 1237 1095 1264 ne
1146 1223 1409 1266 Aristoteles

62 1276 236 1331 quidem
267 1277 531 1320 dubitaverit
560 1279 605 1319 in
634 1277 717 1321 hac
747 1278 1003 1335 disciplinae
1024 1279 1266 1322 rhetoricae
1288 1285 1410 1336 parte

60 1333 259 1377 Platonis
298 1334 443 1392 legere
481 1334 679 1391 vestigia.
747 1334 1023 1391 Quamquam
1060 1338 1106 1378 in
1139 1336 1205 1379 his
1236 1352 1411 1393 quoque

60 1392 331 1434 sermonibus
378 1392 679 1447 reperiuntur,
731 1408 842 1447 quae
889 1408 981 1434 non
1032 1398 1120 1436 tam
1170 1393 1412 1436 subtilitate

61 1446 292 1491 dialectica
312 1449 613 1504 exquiruntur,
646 1463 775 1504 quam
791 1449 1046 1506 simpliciter
1068 1458 1117 1492 ut
1146 1451 1230 1492 iam
1259 1451 1410 1493 inven-

60 1510 107 1546 ta
153 1511 458 1561 proponuntur
519 1511 651 1561 atque
718 1506 1025 1549 diiudicantur.
1102 1508 1165 1549 At
1213 1508 1411 1549 nimirum

60 1567 163 1604 sunt
191 1562 298 1605 haec
336 1562 480 1604 omnia
505 1562 599 1604 eius
629 1563 827 1619 generis⁷
866 1569 914 1606 ut
945 1579 1033 1605 non
1061 1570 1151 1606 tam
1180 1565 1226 1606 in
1254 1565 1411 1607 mentis

61 1618 326 1675 cogitatione
347 1634 476 1673 quam
497 1619 542 1661 in
557 1634 701 1661 rerum
721 1634 804 1662 usu
817 1626 860 1661 et
869 1621 1138 1675 experientia
1158 1621 1304 1676 posita
1322 1622 1412 1664 sint

60 1673 247 1730 ideoque
304 1674 573 1717 dialecticam
624 1675 987 1732 disceptationem
1039 1693 1166 1734 aegre
1221 1679 1409 1733 capiant.

63 1731 154 1775 Sed
191 1732 295 1775 satis
335 1731 389 1775 de
432 1731 516 1775 his.
583 1732 818 1789 Reliquum
856 1739 944 1787 est⁷
987 1741 1037 1775 ut
1081 1736 1134 1777 ‹le
1164 1735 1411 1790 mythorum

62 1804 146 1831 usu
185 1788 416 1831 dicendum
446 1790 517 1832 sit.
578 1789 631 1831 In
674 1791 832 1845 quibus
882 1789 1127 1834 iudicandis
1180 1792 1411 1848 plurimum

61 1845 154 1887 faui
186 1846 459 1900 arbitramur,
494 1847 570 1901 qui
609 1861 759 1889 eorum
797 1862 972 1890 caussas
1010 1855 1054 1890 et
1083 1850 1276 1905 origines
1307 1848 1409 1891 inde

61 1908 287 1958 repetunt,
328 1902 448 1957 quod
476 1903 788 1960 philosophus,
828 1919 914 1958 quo
954 1910 1148 1962 tempore
1188 1906 1273 1948 illis
1303 1920 1411 1947 usus

61 1959 132 2013 sit,
170 1958 350 2001 iuvenili
386 1959 579 2014 quodam
633 1961 765 2002 animi
818 1961 988 2003 fervore
1044 1963 1250 2019 abreptus
1301 1962 1411 2004 vivi-

61 2014 205 2058 diores
245 2022 289 2058 et
329 2016 560 2060 alacriores
600 2031 751 2060 sensus
779 2018 974 2060 nondum
1002 2020 1108 2062 satis
1136 2033 1412 2076 compescere

62 2083 106 2113 et
133 2072 351 2115 moderari
377 2080 453 2115 aut
481 2074 662 2116 rationis
692 2081 913 2130 tamquam
951 2076 1074 2118 freno
1114 2090 1317 2118 coercere
1346 2074 1412 2117 di-

64 2128 232 2171 dicerit.
302 2128 444 2183 Quasi
478 2145 583 2173 vero
621 2131 797 2188 mythus
837 2132 1141 2187 philosophus,
1182 2147 1310 2188 quem
1343 2131 1412 2173 di-

63 2199 159 2227 cere
188 2184 363 2241 licebit,
408 2186 491 2229 soli
521 2188 774 2242 phantasiae
804 2188 995 2231 ludibrio
1027 2187 1236 2231 debeatur
1266 2204 1316 2232 ac
1345 2189 1411 2230 ni-

64 2240 125 2282 hil
161 2242 207 2284 in
245 2257 291 2285 se
329 2245 552 2286 contineat
587 2244 858 2288 reconditius
897 2253 942 2287 et
978 2246 1248 2300 abstrusius,
1293 2244 1411 2301 quod

67 2297 249 2340 arctiore
307 2300 493 2356 quadam
563 2318 661 2344 cum
762 2302 1008 2358 hilosophia
1088 2302 1412 2345 necessitudine

67 2354 352 2398 contineatur.
445 2358 616 2414 Nempe
675 2359 731 2400 ha
764 2365 806 2400 et
860 2358 932 2400 ille
1008 2359 1209 2414 profecto
1279 2359 1410 2417 origi-

66 2425 163 2452 nem
211 2417 342 2466 atque
394 2428 594 2458 caussam
652 2415 793 2457 ideam
845 2418 1092 2470 quampiam
1154 2431 1409 2472 repraesen-

64 2473 216 2522 tatque
253 2482 422 2525 semper
459 2487 510 2514 ac
540 2471 740 2529 depingit
778 2487 920 2514 rerum
959 2478 1121 2514 statum
1151 2473 1339 2529 aliquem
1368 2479 1412 2515 et

65 2523 384 2581 conditionem,
426 2528 596 2582 qualem
636 2534 817 2584 propter
846 2528 969 2570 ideae
1007 2529 1190 2572 alicuius
1232 2529 1410 2572 eviden-

64 2580 168 2622 tiam
226 2581 333 2636 poni
387 2598 436 2625 ac
481 2585 617 2626 statui
666 2600 844 2627 necesse
904 2586 981 2639 sit,
1029 2587 1090 2628 ita
1139 2586 1314 2641 quidem
1363 2593 1410 2628 ut

65 2636 110 2678 in
147 2637 221 2680 illo
252 2644 368 2680 statu
408 2639 695 2684 describendo
735 2648 886 2683 utatur
924 2643 993 2684 vel
1023 2643 1239 2699 religiosis
1269 2659 1409 2699 popu-

63 2692 216 2737 larium
257 2695 532 2749 opinionibus
569 2699 637 2740 vel
678 2698 850 2754 placitis
891 2714 941 2741 ac
982 2699 1166 2742 decretis
1206 2700 1408 2757 physico-
