1687 2969
420 125 832 172 PHAEDRUS.
870 127 922 171 P.
956 129 1048 169 ⁸239.
1081 127 1144 170 St,
1400 128 1452 168 59

99 245 325 302 ἀνάνδρου
361 247 542 298 διαίτης,
580 244 830 302 ἀλλοτρίοις
851 242 1053 301 χρώμασι
1073 247 1146 287 καὶ
1182 243 1366 299 κόσμοις
1379 242 1457 301 χή-

100 329 162 357 τει
199 316 367 357 οἰκείων
400 311 715 369 κοσμούμενον,
753 308 836 356 ὅσα
873 327 919 354 τε
943 308 1058 353 ἄλλα
1095 310 1274 362 τούτοις
1307 315 1458 355 ἕπεται

101 378 250 424 πάντα
285 379 615 432 ἐπιτηδεύοντα.
651 376 680 422 ἃ
716 381 841 432 δῆλα,
880 380 952 421 καὶ
989 376 1069 422 οὐκ
1097 375 1224 429 ἄξιον
1258 383 1458 436 περαιτέ-

101 463 160 503 ρω
207 449 489 502 προβαίνειν,
541 444 629 489 ἀλλ’
679 448 726 489 ἓν
769 445 1015 504 κεφάλαιον
1054 443 1341 501 ὁρισαμένους
1384 445 1450 489 ἐπ’

99 511 208 558 ἄλλο
245 517 368 556 ἰέναι.
406 511 457 557 τὸ
495 511 579 570 γὰρ
617 515 827 563 τοιοΐιτον
864 515 988 568 σῶμα
1027 517 1072 555 ἐν
1098 514 1272 565 πολέμῳ
1311 529 1354 556 τε
1384 516 1457 556 καὶ

99 578 255 632 ἄλλαις
285 584 462 637 χρείαις,
499 579 602 624 ὅσαι
635 579 835 636 μεγάλαι,
889 582 1036 635 οἱμὲν
1065 581 1224 637 ἐχθροὶ
1248 578 1456 638 θαρροῦ-

100 663 191 699 σιν,
236 651 278 692 οἱ
319 650 363 690 δὲ
409 649 531 706 φίλοι
574 649 645 690 καὶ
691 646 818 690 αὐτοὶ
874 651 914 690 οἱ
959 650 1138 704 ἐρασταὶ
1186 648 1454 705 φοβοῦνται.

103 717 252 765 Τοῦτο
285 717 366 770 μὲν
401 708 482 758 οὖν
515 712 572 765 ὡς
608 717 744 766 (δῆλον
780 718 944 758 ἐατέον.

207 780 269 826 Τὸ
305 780 340 825 δ’
382 781 534 840 ὲᾳεξῆς
568 779 740 840 ῥητέον,
777 785 876 824 τίνα
913 780 1017 838 ἡμῖν
1043 780 1256 839 ὠφέλειαν
1290 777 1315 832 ἢ
1354 785 1453 824 τίνα

99 848 276 906 βλάβην
310 851 408 906 περὶ
446 847 526 902 τὴν
561 851 714 902 κτῆσιν
743 846 770 901 ἡ
808 851 885 892 τοῦ
922 851 1111 905 ἐρῶντος
1145 845 1294 903 ὁμιλία
1317 864 1362 891 τε
1382 851 1455 893 καὶ
1503 837 1521 864 ⁴*

99 920 356 974 ἐπιτροπεία
391 916 634 973 παρέξεται.
672 917 812 974 σαφὲς
847 913 899 969 δὴ
935 916 1070 960 τοῦτό
1112 933 1158 971 γε
1194 917 1329 958 παντὶ
1362 922 1454 971 μέν,

97 982 289 1040 μάλιστα
327 985 371 1027 δὲ
406 985 467 1038 τῷ
503 985 676 1043 ἐραστῇ,
715 980 784 1026 ὅτι
820 985 906 1025 τῶν
934 982 1161 1043 φιλτάτων
1198 998 1242 1025 τε
1277 985 1350 1025 καὶ
1388 981 1457 1027 εὐ-

99 1049 449 1111 νουστάτωνκαὶ
473 1049 727 1093 θειοτάτων
745 1049 982 1105 κτημάτων
1001 1047 1207 1109 ὀρφανὸν
1226 1046 1311 1104 πρὸ
1342 1067 1453 1095 παν-

101 1115 175 1169 τὸς
212 1115 370 1172 εὔξαιτ’
428 1114 486 1161 ἂν
525 1115 637 1161 εἶναι
680 1114 758 1161 τὸν
792 1115 1022 1175 ἐρώμενον.
1059 1113 1231 1174 πατρὸς
1258 1115 1344 1175 γὰρ
1379 1120 1454 1161 καὶ

190 1205 230 1239 C.
278 1202 519 1247 μαλθακόν
551 1203 669 1246 τινα]
727 1203 785 1236 Sic
824 1204 942 1245 optimi
982 1204 1185 1246 plurimique
1225 1203 1327 1239 codd.
1367 1214 1453 1239 mss.

42 1272 49 1274 -
99 1250 213 1293 vulgo
238 1249 313 1282 τινὰ
339 1248 538 1292 μαλθακόν,
564 1249 655 1291 quod
683 1253 799 1282 tuetur
829 1250 911 1282 Ven.
940 1250 977 1283 Ξ.

192 1297 234 1329 D.
260 1295 523 1339 ἀλλοτρίοις
541 1294 762 1339 χρώμασι]
793 1296 830 1330 V.
857 1295 1050 1338 ἀλλοτρίοις
1077 1307 1111 1327 τε
1126 1306 1182 1338 χρ.
1215 1294 1326 1327 invitis
1349 1295 1452 1331 codd.

100 1352 169 1375 uno
195 1346 341 1384 excepto
371 1342 452 1376 Ven.
479 1341 507 1374 Ξ
530 1342 668 1374 omuino
695 1341 862 1374 omnibus.

192 1388 233 1422 E.
270 1388 533 1431 ἐπιτροπεία
558 1388 819 1431 παρέξεται]
847 1386 965 1429 steph.
991 1387 1172 1429 ἐπιτροηία
1204 1396 1281 1419 cum
1309 1387 1385 1421 cod.
1415 1388 1453 1420 Ε.

189 1432 376 1478 μάλιστα
411 1434 452 1465 δὲ
485 1437 536 1477 τῷ
571 1432 650 1476 ἕρ]
687 1433 785 1468 Bodl.
821 1439 855 1467 et
885 1434 1033 1466 nonnulli
1065 1434 1120 1466 alii
1146 1445 1181 1475 γε
1209 1443 1270 1474 pro
1301 1433 1339 1465 δέ
1362 1433 1455 1468 Flor.

99 1513 204 1548 tarch.
230 1513 371 1546 Conviv.
397 1512 591 1555 Sept.Sap-
614 1524 645 1555 p.
671 1513 744 1547 152.

99 1560 142 1594 D.
168 1570 212 1591 Ξ
233 1570 265 1602 p.
291 1559 368 1594 950.
397 1559 471 1592 Vol.
497 1559 521 1592 Ι.
549 1558 604 1591 ed.
631 1558 696 1591 Ox.

146 1606 189 1640 D.
213 1603 335 1646 χήτει
359 1604 537 1636 οἰκείων
561 1603 617 1646 κ.]
656 1604 685 1638 h.
713 1615 741 1637 e.

101 1650 144 1683 in
188 1651 517 1694 Ermangeltmg
571 1649 741 1691 cigner.

101 1697 312 1730 Timaeus
363 1707 394 1738 p.
437 1695 517 1730 275.
577 1697 741 1737 „Xryuc

102 1742 233 1782 σπάνις,
268 1743 394 1780 ἔνδεια,
431 1743 626 1784 στέρησις.“
677 1742 740 1774 Ubi

101 1788 413 1822 Ruhnkenius:
441 1787 615 1829 „Phaedri
632 1789 741 1820 locum

101 1834 254 1867 adhibuit
281 1833 551 1867 Plutarchus
578 1833 619 1867 T.
645 1834 685 1866 ll.
711 1844 742 1875 p.

102 1880 157 1914 51.
193 1881 232 1918 D.
257 1884 358 1922 atque
383 1879 547 1912 imitando
574 1881 745 1921 expressit

102 1925 232 1960 Philo
268 1925 310 1959 T.
348 1926 371 1959 l.
406 1936 438 1968 p.
475 1925 551 1960 568.
585 1924 744 1969 χρώμασι

103 1971 165 2013 τὴν
209 1971 294 2014 ὄψιν
333 1970 602 2014 ύπογραφομένη
643 1970 744 2011 χήτει

102 2022 245 2061 φυσικῆς
279 2015 513 2060 εὖμορφίας.“
573 2017 740 2050 Addimus

106 2064 268 2097 Aeliau.
287 2063 382 2098 HA.
404 2062 506 2097 V.39.
531 2062 740 2106 τροφῆςχή-

103 2121 166 2144 τει.
193 2109 401 2142 Philostr.
436 2108 474 2141 V.
501 2109 597 2141 AM.
629 2119 660 2151 p.
685 2110 740 2143 91.

101 2153 202 2197 χήτει
231 2157 298 2187 τῶν
320 2155 540 2196 ἆιναγκανίων.
580 2154 632 2188 ld.
655 2155 692 2187 V.
709 2166 741 2198 p.

105 2200 183 2234 218.
230 2198 330 2242 χήτει
373 2199 550 2242 βουκόλου
596 2201 741 2232 δικαίου.

105 2246 258 2280 Iulian.
292 2247 352 2281 Or.
383 2246 423 2280 ll.
467 2257 499 2288 p.
531 2245 586 2279 50.
620 2246 659 2279 B.
680 2245 745 2287 χή-

102 2303 156 2324 τει
185 2292 338 2332 χαλινοῦ.
379 2292 463 2335 Syn
476 2302 530 2324 es,
569 2302 600 2334 p.
627 2292 682 2326 20.
715 2303 745 2326 a.

104 2336 314 2370 Themist.
368 2349 400 2379 p.
448 2336 526 2373 306.
582 2338 614 2369 b.
665 2338 746 2370 Dio

107 2381 240 2424 Chrys
253 2387 331 2417 ost.
357 2383 416 2415 Or.
434 2383 511 2416 XII.
526 2394 559 2425 p.
585 2382 664 2417 225.
692 2383 746 2418 ed.

106 2427 245 2469 Emper.
269 2426 368 2469 χήτει
392 2432 457 2460 τῶν
480 2427 683 2473 κρειττόνων
708 2441 744 2461 τε

107 2473 164 2505 καὶ
179 2472 306 2511 ζώντων
320 2473 541 2515 διδασκάλων,
553 2475 609 2507 ubi
623 2475 654 2507 R.
666 2475 748 2507 eis-

107 2519 207 2552 kivus
243 2517 345 2559 χήτει
385 2520 561 2552 verissime
600 2521 746 2553 restituit

107 2575 170 2607 pro
186 2565 332 2597 lectione
343 2564 499 2598 librorum
509 2565 551 2606 δή
562 2579 606 2598 τι.
626 2566 746 2598 Omni-

106 2619 151 2643 no
183 2609 275 2642 istud
294 2607 393 2650 χήτει
423 2609 515 2647 τινὸς
545 2609 747 2654 πράγματος

107 2667 126 2688 a
152 2655 353 2698 posterioris
377 2656 500 2688 aetatis
523 2657 747 2699 scriptoribus

108 2701 314 2735 creberrime
323 2705 520 2743 usurpatum
531 2706 594 2744 est,
603 2706 641 2735 ut
650 2704 748 2746 plane

813 1514 844 1546 iu
886 1523 982 1545 usum
1021 1513 1193 1555 vulgarem
1231 1512 1357 1544 abiisse
1383 1513 1456 1545 exi-

813 1559 1016 1592 stimandum
1051 1559 1105 1593 sit.
1161 1558 1245 1590 Mox
1278 1558 1457 1590 Suckow

811 1596 935 1648 (Form'
949 1605 1010 1637 der
1028 1604 1116 1638 plat.
1135 1603 1309 1644 Schriften
1329 1615 1360 1645 p.
1377 1603 1456 1639 210.

812 1650 888 1694 sq.)
925 1650 1105 1692 legendum
1132 1650 1307 1682 contendit
1338 1652 1457 1691 ἐπιτη-

811 1696 870 1730 δειί
906 1709 929 1727 ω
944 1709 976 1736 ν,
1011 1697 1205 1728 coniectura
1233 1695 1458 1737 ineptissima.

857 1741 944 1774 οἶλλ>
973 1741 1008 1772 ἓν
1036 1740 1281 1782 κεφάλαιον
1300 1739 1368 1782 ἆρι
1391 1754 1459 1773 σα-

812 1787 1008 1831 μὲνους],
1088 1788 1239 1819 Astius
1288 1787 1458 1819 coniecit:

811 1834 886 1866 ἀλλ’
915 1835 948 1866 ἐν
972 1834 1142 1874 κεφαλαίῳ
1171 1831 1226 1876 ὁρ.
1275 1833 1351 1866 Qua
1376 1843 1459 1865 con-

811 1881 939 1913 iectura
966 1879 1058 1921 quod
1085 1880 1165 1911 olim
1191 1878 1309 1919 scripsi
1327 1889 1379 1911 me
1396 1879 1459 1911 ad—

812 1927 950 1959 modum
965 1926 1073 1957 vereri
1087 1929 1124 1957 ut
1142 1935 1230 1966 opus
1242 1930 1346 1964 esset,
1366 1924 1458 1957 idem

812 1983 899 2005 nunc
922 1971 1000 2004 mihi
1018 1971 1234 2004 iudicandum
1255 1981 1330 2002 esse
1346 1970 1456 2003 video.

813 2019 848 2051 ln
882 2019 1001 2051 oculos
1036 2017 1121 2049 enim
1157 2017 1295 2049 incurrit
1328 2015 1458 2048 formu—

808 2066 875 2098 lam
900 2063 932 2095 ἓν
956 2062 1141 2104 κεφάλαιον
1173 2061 1356 2106 ὁρίζεσθαι
1381 2072 1459 2094 esse

810 2120 960 2150 unum,
1004 2109 1114 2149 quod
1148 2117 1359 2140 summum
1399 2108 1459 2139 sit

813 2162 853 2190 et
885 2155 1072 2188 maxime
1109 2154 1339 2196 generale,
1387 2152 1459 2185 de-

812 2200 1016 2234 finiendo
1055 2209 1217 2242 ponere
1269 2202 1312 2231 et
1358 2208 1458 2230 con-

814 2248 1029 2280 stituere:
1071 2255 1138 2286 quo
1178 2254 1282 2277 sensu
1321 2244 1459 2287 ponitur

813 2292 1138 2335 κεφαλαιοῦσθαίτι
1149 2290 1248 2332 Reip.
1266 2290 1324 2323 IX.
1336 2302 1368 2333 p.
1380 2290 1459 2325 576.

818 2340 857 2373 Β.
885 2339 929 2370 Et
945 2336 1043 2369 video
1060 2346 1149 2368 nuuc
1164 2336 1271 2368 virum
1291 2337 1460 2379 optimum

815 2388 991 2428 postrema
1043 2393 1143 2423 quam
1195 2382 1276 2414 fecit
1315 2382 1461 2415 Phaedri

817 2430 969 2463 editione
1026 2427 1231 2470 palinodiam
1282 2428 1460 2462 cecinisse.

818 2477 905 2508 Post
922 2472 1006 2505 ἀλλὰ
1030 2472 1351 2516 epraecedentiov'u
1366 2473 1461 2508 ἄξιον

816 2519 1001 2553 commode
1021 2529 1081 2561 per
1103 2530 1250 2562 zeugma
1270 2511 1462 2561 intelligere

815 2567 894 2600 licet
936 2563 1053 2596 ἱκανόν
1094 2567 1186 2598 ἐστιν
1233 2569 1293 2598 aut
1349 2566 1461 2598 Simile

815 2611 990 2654 quiddam.

861 2669 879 2688 ο
893 2656 905 2687 ἱ
919 2658 991 2699 μὲν
1008 2655 1165 2699 ἐχθροὶ
1189 2654 1460 2701 θιιῤῥοῦσιν]

816 2703 847 2738 h.
871 2713 900 2737 e.
923 2712 990 2735 uon
1016 2706 1183 2737 metuunt.
1233 2703 1284 2736 De
1317 2699 1463 2744 θαρῤεῖν
