1687 2969
455 195 528 232 AD
559 194 802 233 GORGIAM
831 195 1102 232 PLATONIS.
1411 196 1458 230 31

113 307 293 353 habeam,
330 306 370 344 id
400 320 550 356 semper
577 307 672 343 mihi
703 307 893 355 agendum
922 306 1108 353 iudicavi,
1149 310 1194 344 ut
1223 307 1270 343 ad
1300 306 1464 343 iudicem

110 362 264 401 veniam
294 364 419 401 animo
450 378 564 414 quam
585 364 784 401 sanissimo
814 363 1023 412 praeditus,
1057 377 1099 400 ae
1128 366 1166 401 te
1193 376 1347 413 quoque
1376 364 1463 399 hor-

111 425 190 466 tor,
231 424 275 458 ut
304 420 430 457 missis
459 423 573 458 rebus
604 420 782 458 inanibus
821 424 860 457 te
898 424 1047 457 eastum
1075 434 1291 470 purumque
1321 433 1461 458 serves

112 477 296 527 Alioquin
336 477 457 523 enim,
497 477 563 514 ubi
596 478 642 513 ad
674 477 818 513 iudices
848 477 1058 513 inferorum
1088 477 1257 522 veneris,
1300 477 1462 524 ringeris

109 534 272 571 fortasse
301 538 339 571 et
368 534 578 570 haesitabis
608 538 646 571 01
676 533 786 582 inops
826 533 972 569 consilii
1003 533 1077 570 eris
1118 538 1156 572 01
1197 547 1344 570 summa
1376 546 1463 570 con-

111 590 270 627 tumelia
300 590 488 627 afficieris
521 592 562 627 P.
597 593 687 626 526.
719 591 758 626 C.
790 612 845 615 ——
882 591 972 627 527.
1004 592 1050 626 A.

196 646 326 686 Quum
354 646 472 695 igitur
490 646 687 683 meliorem
708 646 865 684 vivendi
883 646 1081 692 rationem,
1113 659 1229 696 quam
1256 647 1349 683 haee
1379 660 1463 683 mea

110 706 180 748 est,
210 703 377 740 indicare
408 717 485 740 11011
516 703 718 752 potueritis
754 716 966 753 verumque
997 716 1079 740 csse
1110 703 1333 752 apparuerit
1363 704 1462 753 quod

110 772 225 808 supra
254 759 434 805 dicebam,
467 761 678 796 cavendum
708 772 790 796 esse
820 759 941 807 magis
972 759 1153 796 iniuriam
1184 773 1232 796 110
1266 759 1461 805 faciamus,

109 829 226 866 quam
254 829 302 852 ne
323 816 568 865 accipiamus,
601 816 761 866 ideoque
791 816 1007 853 rhetoricen
1028 829 1177 865 semper
1207 816 1298 854 iusti
1329 829 1462 852 caussa

109 873 365 910 adhibendam
395 873 547 919 esseffiffi
580 873 700 920 agite,
732 873 825 909 milii
857 874 1116 922 obtemperate
1158 886 1296 923 meque
1336 873 1462 923 sequi-

109 929 204 965 mini
233 929 334 975 illue,
365 943 440 979 quo
469 930 629 979 profecti
659 930 762 966 beati
794 929 912 975 eritis,
943 935 1023 967 tam
1053 930 1132 967 vivi
1164 943 1279 979 quam
1310 939 1401 966 mori
1412 930 1460 966 111.

110 986 210 1022 Nam
248 986 313 1036 qui
352 986 510 1024 virtutis
549 991 607 1023 est
645 986 860 1032 studiosus,
903 986 934 1023 is
974 986 1069 1022 nihil
1108 986 1253 1034 indigni
1292 999 1462 1036 unquam

108 1042 294 1090 patietur,
334 1043 484 1080 etiamsi
515 1044 562 1079 ab
592 1043 810 1079 hominibus
840 1043 1022 1091 improbis
1053 1056 1201 1080 summa
1232 1043 1463 1080 contumelia

109 1098 310 1136 afficiatur.
366 1099 442 1136 Ubi
471 1112 562 1136 vero
592 1100 639 1136 ad
667 1099 941 1147 rempublicam
971 1099 1135 1138 velimus
1166 1101 1353 1145 accedere,
1386 1113 1462 1136 11011

108 1155 214 1203 prius
243 1156 315 1192 hoc
343 1156 546 1201 faciemus,
588 1169 723 1206 quam,
765 1155 900 1205 ecquid
931 1156 1006 1192 iam
1036 1156 1075 1193 in
1106 1157 1252 1194 virtute
1294 1157 1461 1205 profece-

107 1211 238 1257 rimus,
269 1212 511 1261 exploratum
540 1213 761 1249 habeamus.
820 1213 948 1261 Turpe
988 1217 1045 1250 est
1077 1213 1178 1250 enim
1215 1214 1460 1259 nescientem,

108 1268 200 1318 quid
228 1270 372 1305 bonum
400 1269 461 1316 sit,
492 1270 583 1320 quid
614 1269 732 1315 utile,
766 1269 858 1319 quid
890 1270 1106 1316 honestum,
1139 1269 1301 1306 aliorum
1331 1283 1392 1307 res
1424 1274 1463 1307 01

107 1325 263 1373 negotia
291 1338 422 1363 curare
452 1326 564 1364 velle.
623 1325 800 1376 Denique
829 1327 900 1362 1100
931 1331 1149 1369 teneamus,
1191 1327 1373 1375 optimam
1404 1326 1461 1364 vi-

107 1382 223 1419 vendi
242 1382 431 1420 rationem
447 1383 487 1419 in
516 1396 559 1420 eo
589 1382 702 1428 cerni,
733 1386 777 1419 111
797 1383 1083 1431 temperantiae,
1114 1383 1286 1420 iustitiae
1308 1383 1461 1420 ceteris-

107 1452 182 1488 que
201 1438 410 1477 virtntibus
428 1440 547 1477 dediti
568 1444 606 1477 et.
626 1439 803 1477 vivamus
821 1444 860 1477 01
879 1440 1097 1477 moriamur.
1130 1441 1170 1476 P.
1187 1441 1277 1477 527.
1291 1442 1336 1477 A.
1355 1462 1399 1465 ——
1416 1441 1459 1477 E.

198 1620 260 1668 Π.
310 1621 569 1687 Expositio
606 1623 845 1687 propositi
882 1632 928 1670 et
965 1622 1159 1670 consilii
1196 1623 1370 1688 operis.

191 1724 277 1761 Hoc
304 1724 423 1772 igitur
451 1725 538 1762 libri
569 1730 841 1773 argumentum
871 1730 948 1771 est;
981 1740 1056 1777 quo
1078 1732 1254 1764 enarrate
1275 1727 1460 1777 sequitur,

109 1784 163 1826 111,
193 1780 284 1831 quid
302 1781 412 1819 Plato
442 1782 483 1818 in
512 1795 556 1819 00
574 1782 772 1819 scribendo
793 1784 1036 1831 spectaverit,
1067 1783 1236 1821 breviter
1266 1784 1460 1832 explican-

109 1838 200 1873 dum
219 1837 279 1875 sit.
310 1838 368 1874 De
388 1851 514 1889 quare
535 1852 768 1890 quamquam
789 1841 836 1876 ab
858 1840 942 1876 aliis
954 1840 1066 1877 aliter
1084 1844 1141 1877 est
1163 1840 1373 1877 iudicatum
1383 1840 1460 1887 m⁶),

107 1897 247 1941 tamen,
268 1894 336 1931 ubi
356 1894 522 1944 primum
543 1895 747 1943 diligenter
767 1896 1055 1942 attenderimus,
1074 1896 1167 1946 quid
1187 1898 1344 1934 tandem
1364 1897 1459 1933 illud

107 1950 168 1996 sit,
199 1951 245 1988 de
275 1963 350 2001 quo
381 1956 535 1999 agatur,
569 1966 612 1989 ac
640 1953 777 1990 deinde
808 1967 959 1990 omnem
991 1953 1263 2002 disputationis
1292 1954 1372 1991 vim
1403 1959 1460 1991 at-

108 2020 181 2056 que
211 2007 358 2056 copiam
385 2009 525 2046 mentis
555 2009 785 2057 cogitatione
813 2010 921 2047 velut
950 2010 990 2046 111
1020 2024 1140 2047 unum
1160 2010 1349 2059 complexi
1377 2010 1460 2047 fue-

107 2063 237 2110 rimus,
267 2064 350 2100 fieri
370 2068 472 2103 certe
491 2066 643 2114 poterit,
671 2070 726 2113 ut,
761 2067 852 2117 quid
881 2066 1108 2116 philosopho
1134 2071 1332 2117 tamquam
1359 2080 1461 2103 sum-

107 2133 213 2157 mum
241 2124 356 2171 atque
386 2122 584 2168 ultimum,
622 2123 670 2159 ad
699 2124 800 2174 quod
830 2136 959 2160 omnes
991 2136 1034 2160 30
1073 2124 1246 2171 singulae
1277 2123 1462 2160 sermonis

105 2180 234 2225 partes
262 2178 492 2225 referuntur,
521 2179 761 2228 propositum
790 2179 925 2226 fuerit,
966 2180 1213 2229 probabiliter
1242 2179 1459 2218 definiatur.

173 2335 208 2378 ²¹⁶)
233 2336 396 2369 Similiter
427 2338 465 2369 in
499 2337 656 2370 Phaedro
687 2338 875 2370 rhetoricae
906 2338 941 2370 id
972 2339 1183 2381 propositum
1214 2350 1287 2372 esse
1319 2339 1462 2372 docetur

108 2385 272 2423 oportere,
297 2386 334 2413 ut
357 2383 422 2414 diis
448 2384 537 2425 grati
562 2384 678 2424 simus,
702 2395 734 2426 p.
759 2383 835 2416 273.
860 2385 899 2415 E.
925 2394 1016 2425 seqq.

174 2426 227 2466 Η)
254 2427 399 2460 Mirifice
429 2429 495 2459 viri
529 2428 621 2460 docti
651 2434 720 2461 tam
753 2430 895 2470 antiqua
929 2433 1037 2460 aetate
1077 2440 1179 2470 quam
1211 2431 1459 2463 recentioribus

109 2471 318 2513 temporibus
342 2472 595 2514 dubitaverunt,
623 2474 705 2515 quid
728 2475 866 2506 tandem
882 2473 1086 2516 philosopho
1106 2475 1140 2506 in
1166 2486 1205 2507 eo
1223 2476 1460 2518 consignando

107 2522 283 2558 tamquam
305 2516 464 2549 ultimum
482 2523 583 2560 atque
602 2529 772 2551 summum
792 2520 894 2551 fuerit
918 2520 1138 2561 propositum.
1172 2521 1260 2553 Nam
1281 2521 1341 2553 ubi
1359 2532 1460 2563 quae-

107 2562 213 2593 rimus
238 2562 279 2594 de
302 2567 455 2595 veterum
480 2565 676 2596 criticorum
700 2565 764 2596 hae
790 2565 825 2595 in
850 2575 974 2596 caussa
998 2564 1146 2605 iudiciis,
1172 2570 1381 2608 quantopere
1406 2567 1459 2598 illi

108 2617 149 2638 ea
173 2606 213 2638 de
238 2618 272 2638 re
296 2608 385 2639 inter
409 2619 445 2639 se
469 2609 759 2648 discordaverint,
790 2610 980 2641 certissime
1011 2614 1154 2642 testatur
1179 2611 1458 2653 Olympiodorus.

109 2653 142 2683 Is
180 2653 268 2684 enim
302 2653 338 2684 in
370 2654 538 2695 principio
573 2656 891 2687 commentariorum
929 2656 964 2686 in
997 2656 1161 2697 Gorgiam
1193 2658 1460 2698 compositorum

108 2697 193 2729 haee
218 2698 386 2739 exposuit.
434 2695 478 2730 ‘O
503 2698 541 2731 δὲ
567 2697 712 2737 σκοπὸς,
739 2701 868 2741 inquit,
893 2697 990 2732 ἄλλος
1014 2698 1123 2734 ἄλλοις
1151 2700 1273 2742 ἔδοξεν
1298 2697 1398 2734 εἶναι.
1424 2702 1460 2733 οἱ

108 2741 170 2781 μὲν
193 2740 259 2785 γάρ
288 2753 413 2782 φασιν,
447 2742 495 2775 ὅτι
522 2742 649 2777 σκοπὸς·
680 2743 772 2787 αὐτῷ
805 2745 885 2787 περὶ
914 2743 1096 2789 ῥητορικῆς
1128 2745 1367 2790 διαλεχθῆναι,
1403 2748 1457 2778 καὶ
