<?xml version="1.0" encoding="UTF-8"?>
<!DOCTYPE html PUBLIC "-//W3C//DTD XHTML 1.0 Transitional//EN"
    "http://www.w3.org/TR/xhtml1/DTD/xhtml1-transitional.dtd">
<html xmlns="http://www.w3.org/1999/xhtml" xml:lang="en" lang="en">
 <head>
  <title>
</title>
<meta http-equiv="Content-Type" content="text/html;charset=utf-8" />
  <meta name='ocr-system' content='tesseract 3.04.00' />
  <meta name='ocr-capabilities' content='ocr_page ocr_carea ocr_par ocr_line ocrx_word'/>
</head>
<body>
  <div class='ocr_page' id='page_1' title='image "./n1operaomniarecens04platuoft/n1operaomniarecens04platuoft_0461.png"; bbox 0 0 1687 2969; ppageno 0'>
   <div class='ocr_carea' id='block_1_1' title="bbox 482 210 1489 252">
    <p class='ocr_par' dir='ltr' id='par_1_1' title="bbox 482 210 1489 252">
     <span class='ocr_line' id='line_1_1' title="bbox 482 210 1489 252; baseline 0.005 -5"><span class='ocrx_word' id='word_1_1' title='bbox 482 210 555 247; x_wconf 89' lang='lat' dir='ltr'>AD</span> <span class='ocrx_word' id='word_1_2' title='bbox 585 210 832 248; x_wconf 87' lang='lat' dir='ltr'>GORGIAM</span> <span class='ocrx_word' id='word_1_3' title='bbox 860 212 1130 251; x_wconf 76' lang='lat' dir='ltr'>PLATONIS.</span> <span class='ocrx_word' id='word_1_4' title='bbox 1439 219 1489 252; x_wconf 83' lang='lat'>69</span> 
     </span>
    </p>
   </div>
   <div class='ocr_carea' id='block_1_2' title="bbox 113 321 1507 2792">
    <p class='ocr_par' dir='ltr' id='par_1_2' title="bbox 113 321 1507 2792">
     <span class='ocr_line' id='line_1_2' title="bbox 135 321 1485 376; baseline 0.003 -17"><span class='ocrx_word' id='word_1_5' title='bbox 135 336 204 360; x_wconf 89' lang='lat' dir='ltr'>nos</span> <span class='ocrx_word' id='word_1_6' title='bbox 234 321 399 360; x_wconf 88' lang='lat' dir='ltr'>reditum</span> <span class='ocrx_word' id='word_1_7' title='bbox 430 322 511 360; x_wconf 90' lang='lat' dir='ltr'>eius</span> <span class='ocrx_word' id='word_1_8' title='bbox 540 322 580 359; x_wconf 89' lang='lat' dir='ltr'>in</span> <span class='ocrx_word' id='word_1_9' title='bbox 600 323 770 361; x_wconf 87' lang='lat' dir='ltr'>Atticam</span> <span class='ocrx_word' id='word_1_10' title='bbox 799 324 846 360; x_wconf 86' lang='lat' dir='ltr'>ad</span> <span class='ocrx_word' id='word_1_11' title='bbox 877 337 1021 360; x_wconf 89' lang='lat' dir='ltr'>aunum</span> <span class='ocrx_word' id='word_1_12' title='bbox 1042 325 1200 362; x_wconf 83' lang='lat' dir='ltr'>tertium</span> <span class='ocrx_word' id='word_1_13' title='bbox 1222 327 1282 363; x_wconf 83' lang='lat' dir='ltr'>vel</span> <span class='ocrx_word' id='word_1_14' title='bbox 1304 334 1485 376; x_wconf 80' lang='lat' dir='ltr'>quartum</span> 
     </span>
     <span class='ocr_line' id='line_1_3' title="bbox 136 379 1484 429; baseline 0.004 -14"><span class='ocrx_word' id='word_1_15' title='bbox 136 379 285 428; x_wconf 90' lang='lat' dir='ltr'>Olymp.</span> <span class='ocrx_word' id='word_1_16' title='bbox 318 382 380 415; x_wconf 85' lang='lat'>93.</span> <span class='ocrx_word' id='word_1_17' title='bbox 410 379 653 416; x_wconf 86' lang='lat' dir='ltr'>referendum</span> <span class='ocrx_word' id='word_1_18' title='bbox 682 393 763 417; x_wconf 85' lang='lat' dir='ltr'>esse</span> <span class='ocrx_word' id='word_1_19' title='bbox 794 385 985 429; x_wconf 85' lang='lat' dir='ltr'>putamus.</span> <span class='ocrx_word' id='word_1_20' title='bbox 1035 382 1141 417; x_wconf 71' lang='lat' dir='ltr'>Haec</span> <span class='ocrx_word' id='word_1_21' title='bbox 1173 388 1300 419; x_wconf 81' lang='lat' dir='ltr'>autem</span> <span class='ocrx_word' id='word_1_22' title='bbox 1331 383 1359 418; x_wconf 78' lang='lat' dir='ltr'>si</span> <span class='ocrx_word' id='word_1_23' title='bbox 1394 397 1484 420; x_wconf 81' lang='lat' dir='ltr'>vere</span> 
     </span>
     <span class='ocr_line' id='line_1_4' title="bbox 134 435 1507 488; baseline 0.003 -16"><span class='ocrx_word' id='word_1_24' title='bbox 134 435 189 472; x_wconf 83' lang='lat' dir='ltr'>ita</span> <span class='ocrx_word' id='word_1_25' title='bbox 225 438 441 484; x_wconf 87' lang='lat' dir='ltr'>ponuntur,</span> <span class='ocrx_word' id='word_1_26' title='bbox 481 436 591 473; x_wconf 90' lang='lat' dir='ltr'>Plato</span> <span class='ocrx_word' id='word_1_27' title='bbox 630 449 721 473; x_wconf 89' lang='lat' dir='ltr'>sane</span> <span class='ocrx_word' id='word_1_28' title='bbox 759 436 1057 485; x_wconf 85' lang='lat' dir='ltr'>prudentissimo</span> <span class='ocrx_word' id='word_1_29' title='bbox 1097 438 1253 474; x_wconf 84' lang='lat' dir='ltr'>consilio</span> <span class='ocrx_word' id='word_1_30' title='bbox 1292 439 1364 476; x_wconf 83' lang='grc'><strong>1100</strong></span> <span class='ocrx_word' id='word_1_31' title='bbox 1404 439 1507 488; x_wconf 74' lang='lat' dir='ltr'>ipso*</span> 
     </span>
     <span class='ocr_line' id='line_1_5' title="bbox 133 491 1485 542; baseline 0.003 -14"><span class='ocrx_word' id='word_1_32' title='bbox 133 494 302 540; x_wconf 80' lang='lat' dir='ltr'>tempore</span> <span class='ocrx_word' id='word_1_33' title='bbox 334 491 563 541; x_wconf 80' lang='lat' dir='ltr'>colloquium</span> <span class='ocrx_word' id='word_1_34' title='bbox 602 491 724 537; x_wconf 87' lang='lat' dir='ltr'>istud,</span> <span class='ocrx_word' id='word_1_35' title='bbox 765 493 811 529; x_wconf 90' lang='lat' dir='ltr'>dc</span> <span class='ocrx_word' id='word_1_36' title='bbox 842 506 916 542; x_wconf 91' lang='lat' dir='ltr'>quo</span> <span class='ocrx_word' id='word_1_37' title='bbox 958 493 1103 539; x_wconf 82' lang='lat' dir='ltr'>agitur,</span> <span class='ocrx_word' id='word_1_38' title='bbox 1144 495 1318 531; x_wconf 80' lang='lat' dir='ltr'>habitum</span> <span class='ocrx_word' id='word_1_39' title='bbox 1349 495 1485 541; x_wconf 80' lang='lat' dir='ltr'>finxit3</span> 
     </span>
     <span class='ocr_line' id='line_1_6' title="bbox 133 547 1483 600; baseline 0.003 -16"><span class='ocrx_word' id='word_1_40' title='bbox 133 547 312 585; x_wconf 83' lang='lat' dir='ltr'>convenit</span> <span class='ocrx_word' id='word_1_41' title='bbox 341 547 443 584; x_wconf 89' lang='lat' dir='ltr'>enim</span> <span class='ocrx_word' id='word_1_42' title='bbox 472 548 544 585; x_wconf 92' lang='lat' dir='ltr'>hoc</span> <span class='ocrx_word' id='word_1_43' title='bbox 573 548 686 596; x_wconf 88' lang='lat' dir='ltr'>plane</span> <span class='ocrx_word' id='word_1_44' title='bbox 718 561 803 585; x_wconf 89' lang='lat' dir='ltr'>cum</span> <span class='ocrx_word' id='word_1_45' title='bbox 833 549 1015 586; x_wconf 72' lang='lat' dir='ltr'>historiae.</span> <span class='ocrx_word' id='word_1_46' title='bbox 1045 549 1130 593; x_wconf 87' lang='lat' dir='ltr'>fide,</span> <span class='ocrx_word' id='word_1_47' title='bbox 1161 564 1277 600; x_wconf 76' lang='lat' dir='ltr'>quam</span> <span class='ocrx_word' id='word_1_48' title='bbox 1308 564 1330 587; x_wconf 92' lang='lat' dir='ltr'>a</span> <span class='ocrx_word' id='word_1_49' title='bbox 1360 552 1483 600; x_wconf 88' lang='lat' dir='ltr'>philo-</span> 
     </span>
     <span class='ocr_line' id='line_1_7' title="bbox 131 604 1482 658; baseline 0.004 -18"><span class='ocrx_word' id='word_1_50' title='bbox 131 604 249 652; x_wconf 87' lang='lat' dir='ltr'>sopho</span> <span class='ocrx_word' id='word_1_51' title='bbox 288 604 386 640; x_wconf 83' lang='lat' dir='ltr'>male</span> <span class='ocrx_word' id='word_1_52' title='bbox 416 604 629 652; x_wconf 77' lang='lat' dir='ltr'>neglectam</span> <span class='ocrx_word' id='word_1_53' title='bbox 668 618 749 641; x_wconf 85' lang='lat' dir='ltr'>esse</span> <span class='ocrx_word' id='word_1_54' title='bbox 780 611 922 642; x_wconf 83' lang='lat' dir='ltr'>temere</span> <span class='ocrx_word' id='word_1_55' title='bbox 954 606 1151 655; x_wconf 72' lang='lat' dir='ltr'>conquesti</span> <span class='ocrx_word' id='word_1_56' title='bbox 1192 613 1292 644; x_wconf 76' lang='lat' dir='ltr'>sunt.</span> <span class='ocrx_word' id='word_1_57' title='bbox 1352 609 1482 658; x_wconf 80' lang='lat' dir='ltr'>Atque</span> 
     </span>
     <span class='ocr_line' id='line_1_8' title="bbox 133 660 1482 712; baseline 0.004 -16"><span class='ocrx_word' id='word_1_58' title='bbox 133 661 330 697; x_wconf 83' lang='lat' dir='ltr'>confirmat</span> <span class='ocrx_word' id='word_1_59' title='bbox 358 660 457 697; x_wconf 82' lang='lat' dir='ltr'>hano</span> <span class='ocrx_word' id='word_1_60' title='bbox 487 660 716 697; x_wconf 88' lang='lat' dir='ltr'>sententiam</span> <span class='ocrx_word' id='word_1_61' title='bbox 736 661 957 709; x_wconf 73' lang='lat' dir='ltr'>planissime</span> <span class='ocrx_word' id='word_1_62' title='bbox 990 662 1105 698; x_wconf 87' lang='lat' dir='ltr'>etiam</span> <span class='ocrx_word' id='word_1_63' title='bbox 1130 662 1235 707; x_wconf 84' lang='lat' dir='ltr'>illud,</span> <span class='ocrx_word' id='word_1_64' title='bbox 1266 664 1367 712; x_wconf 86' lang='lat' dir='ltr'>quod</span> <span class='ocrx_word' id='word_1_65' title='bbox 1389 665 1482 701; x_wconf 83' lang='lat' dir='ltr'>Gor-</span> 
     </span>
     <span class='ocr_line' id='line_1_9' title="bbox 129 715 1479 770; baseline 0.003 -18"><span class='ocrx_word' id='word_1_66' title='bbox 129 715 211 764; x_wconf 83' lang='lat' dir='ltr'>gias</span> <span class='ocrx_word' id='word_1_67' title='bbox 240 715 383 765; x_wconf 88' lang='lat' dir='ltr'>pariter</span> <span class='ocrx_word' id='word_1_68' title='bbox 421 720 536 766; x_wconf 86' lang='lat' dir='ltr'>atque</span> <span class='ocrx_word' id='word_1_69' title='bbox 568 717 741 754; x_wconf 74' lang='lat' dir='ltr'>Socrates</span> <span class='ocrx_word' id='word_1_70' title='bbox 782 717 821 753; x_wconf 90' lang='lat' dir='ltr'>in</span> <span class='ocrx_word' id='word_1_71' title='bbox 852 718 922 754; x_wconf 83' lang='lat' dir='ltr'>hoc</span> <span class='ocrx_word' id='word_1_72' title='bbox 961 731 1073 766; x_wconf 82' lang='lat' dir='ltr'>opere</span> <span class='ocrx_word' id='word_1_73' title='bbox 1116 723 1312 768; x_wconf 89' lang='lat' dir='ltr'>tamquam</span> <span class='ocrx_word' id='word_1_74' title='bbox 1351 717 1479 770; x_wconf 71' lang='grc' dir='ltr'><em>γηρά-</em></span> 
     </span>
     <span class='ocr_line' id='line_1_10' title="bbox 131 772 1480 826; baseline 0.003 -17"><span class='ocrx_word' id='word_1_75' title='bbox 131 785 288 817; x_wconf 76' lang='grc' dir='ltr'><em>σκοντες</em></span> <span class='ocrx_word' id='word_1_76' title='bbox 316 772 356 808; x_wconf 83' lang='grc'>111</span> <span class='ocrx_word' id='word_1_77' title='bbox 386 785 539 826; x_wconf 70' lang='lat' dir='ltr'>scenam</span> <span class='ocrx_word' id='word_1_78' title='bbox 567 773 710 810; x_wconf 87' lang='lat' dir='ltr'>inducti</span> <span class='ocrx_word' id='word_1_79' title='bbox 743 779 843 811; x_wconf 89' lang='lat' dir='ltr'>sunt.</span> <span class='ocrx_word' id='word_1_80' title='bbox 914 775 1012 810; x_wconf 86' lang='lat' dir='ltr'>Nam</span> <span class='ocrx_word' id='word_1_81' title='bbox 1043 788 1077 822; x_wconf 88' lang='lat' dir='ltr'>p.</span> <span class='ocrx_word' id='word_1_82' title='bbox 1110 777 1201 811; x_wconf 71' lang='lat'>461.</span> <span class='ocrx_word' id='word_1_83' title='bbox 1234 775 1272 811; x_wconf 82' lang='lat' dir='ltr'>C.</span> <span class='ocrx_word' id='word_1_84' title='bbox 1305 775 1480 814; x_wconf 73' lang='lat' dir='ltr'>Socrates</span> 
     </span>
     <span class='ocr_line' id='line_1_11' title="bbox 129 825 1481 880; baseline 0.002 -15"><span class='ocrx_word' id='word_1_85' title='bbox 129 829 176 865; x_wconf 91' lang='lat' dir='ltr'>ad</span> <span class='ocrx_word' id='word_1_86' title='bbox 204 829 360 865; x_wconf 88' lang='lat' dir='ltr'>Polum:</span> <span class='ocrx_word' id='word_1_87' title='bbox 392 827 423 866; x_wconf 74' lang='grc' dir='ltr'>εὖ</span> <span class='ocrx_word' id='word_1_88' title='bbox 452 825 634 866; x_wconf 76' lang='grc' dir='ltr'>κάλλιστε</span> <span class='ocrx_word' id='word_1_89' title='bbox 659 828 790 874; x_wconf 62' lang='lat' dir='ltr'>Ham,</span> <span class='ocrx_word' id='word_1_90' title='bbox 821 825 921 866; x_wconf 73' lang='grc' dir='ltr'><em>ἀλλά</em></span> <span class='ocrx_word' id='word_1_91' title='bbox 951 843 1010 867; x_wconf 82' lang='grc' dir='ltr'>τοι</span> <span class='ocrx_word' id='word_1_92' title='bbox 1041 828 1261 880; x_wconf 63' lang='grc' dir='ltr'>ἐξεπίτηδες</span> <span class='ocrx_word' id='word_1_93' title='bbox 1285 828 1481 880; x_wconf 68' lang='grc' dir='ltr'>κτώμεθα</span> 
     </span>
     <span class='ocr_line' id='line_1_12' title="bbox 128 880 1478 938; baseline 0.002 -17"><span class='ocrx_word' id='word_1_94' title='bbox 128 880 310 935; x_wconf 64' lang='grc' dir='ltr'>ἑταίρους</span> <span class='ocrx_word' id='word_1_95' title='bbox 327 883 390 921; x_wconf 78' lang='grc' dir='ltr'>καὶ</span> <span class='ocrx_word' id='word_1_96' title='bbox 414 881 519 931; x_wconf 75' lang='grc' dir='ltr'><strong><em>υἶεῖς,</em></strong></span> <span class='ocrx_word' id='word_1_97' title='bbox 545 884 625 930; x_wconf 67' lang='grc' dir='ltr'>ἵνα,</span> <span class='ocrx_word' id='word_1_98' title='bbox 648 883 804 922; x_wconf 64' lang='grc' dir='ltr'>ἐπειδὰν</span> <span class='ocrx_word' id='word_1_99' title='bbox 827 882 939 923; x_wconf 58' lang='grc' dir='ltr'><em>αὐτοὶ</em></span> <span class='ocrx_word' id='word_1_100' title='bbox 971 883 1314 938; x_wconf 63' lang='grc' dir='ltr'>πρεσβύτεροι</span> <span class='ocrx_word' id='word_1_101' title='bbox 1344 885 1478 938; x_wconf 72' lang='grc' dir='ltr'><em>γιγνό-</em></span> 
     </span>
     <span class='ocr_line' id='line_1_13' title="bbox 125 936 1480 994; baseline 0.003 -16"><span class='ocrx_word' id='word_1_102' title='bbox 125 955 236 990; x_wconf 74' lang='grc' dir='ltr'>μενοι</span> <span class='ocrx_word' id='word_1_103' title='bbox 266 937 555 991; x_wconf 67' lang='grc' dir='ltr'>σφαλλῑόμεθα,</span> <span class='ocrx_word' id='word_1_104' title='bbox 585 936 776 992; x_wconf 73' lang='grc' dir='ltr'><em>πάρόντες</em></span> <span class='ocrx_word' id='word_1_105' title='bbox 797 938 907 990; x_wconf 53' lang='grc' dir='ltr'>ὑμᾶς</span> <span class='ocrx_word' id='word_1_106' title='bbox 938 939 974 979; x_wconf 77' lang='grc' dir='ltr'>οἱ</span> <span class='ocrx_word' id='word_1_107' title='bbox 1004 939 1183 993; x_wconf 66' lang='grc' dir='ltr'>νεώτεροι</span> <span class='ocrx_word' id='word_1_108' title='bbox 1215 941 1480 994; x_wconf 72' lang='grc' dir='ltr'>ἕηανορθυῖῑε</span> 
     </span>
     <span class='ocr_line' id='line_1_14' title="bbox 128 994 1477 1048; baseline 0.002 -15"><span class='ocrx_word' id='word_1_109' title='bbox 128 994 243 1046; x_wconf 68' lang='grc' dir='ltr'>ἡμῶν</span> <span class='ocrx_word' id='word_1_110' title='bbox 276 994 341 1035; x_wconf 79' lang='grc' dir='ltr'>τὸν</span> <span class='ocrx_word' id='word_1_111' title='bbox 369 996 460 1046; x_wconf 77' lang='grc' dir='ltr'>βίον</span> <span class='ocrx_word' id='word_1_112' title='bbox 498 996 560 1034; x_wconf 78' lang='grc' dir='ltr'>καὶ</span> <span class='ocrx_word' id='word_1_113' title='bbox 601 996 642 1034; x_wconf 71' lang='grc' dir='ltr'>ἓν</span> <span class='ocrx_word' id='word_1_114' title='bbox 671 995 795 1048; x_wconf 58' lang='grc' dir='ltr'>ἔργοις</span> <span class='ocrx_word' id='word_1_115' title='bbox 822 998 884 1034; x_wconf 71' lang='grc' dir='ltr'>καὶ</span> <span class='ocrx_word' id='word_1_116' title='bbox 929 997 970 1035; x_wconf 71' lang='grc' dir='ltr'>ἐν</span> <span class='ocrx_word' id='word_1_117' title='bbox 999 995 1139 1048; x_wconf 68' lang='grc' dir='ltr'><em>λόγοις.</em></span> <span class='ocrx_word' id='word_1_118' title='bbox 1177 999 1240 1036; x_wconf 76' lang='grc' dir='ltr'>καὶ</span> <span class='ocrx_word' id='word_1_119' title='bbox 1272 1002 1341 1036; x_wconf 78' lang='grc' dir='ltr'>νῦν</span> <span class='ocrx_word' id='word_1_120' title='bbox 1379 999 1419 1037; x_wconf 62' lang='grc' dir='ltr'>εἴ</span> <span class='ocrx_word' id='word_1_121' title='bbox 1443 1015 1477 1038; x_wconf 80' lang='grc' dir='ltr'>τι</span> 
     </span>
     <span class='ocr_line' id='line_1_15' title="bbox 127 1051 1478 1106; baseline 0.001 -16"><span class='ocrx_word' id='word_1_122' title='bbox 127 1051 220 1103; x_wconf 69' lang='grc' dir='ltr'>ἐγώ</span> <span class='ocrx_word' id='word_1_123' title='bbox 250 1052 335 1090; x_wconf 80' lang='grc' dir='ltr'>καὶ</span> <span class='ocrx_word' id='word_1_124' title='bbox 365 1052 591 1104; x_wconf 74' lang='grc' dir='ltr'><em>Γοργίας</em></span> <span class='ocrx_word' id='word_1_125' title='bbox 622 1051 663 1090; x_wconf 74' lang='grc' dir='ltr'>ἐν</span> <span class='ocrx_word' id='word_1_126' title='bbox 693 1058 775 1099; x_wconf 75' lang='grc' dir='ltr'>τοῖς</span> <span class='ocrx_word' id='word_1_127' title='bbox 805 1051 933 1104; x_wconf 63' lang='grc' dir='ltr'><em>λόγοις</em></span> <span class='ocrx_word' id='word_1_128' title='bbox 955 1051 1235 1105; x_wconf 67' lang='grc' dir='ltr'><em>σᾳαλλόμεθα,</em></span> <span class='ocrx_word' id='word_1_129' title='bbox 1266 1054 1316 1092; x_wconf 66' lang='grc' dir='ltr'>σὺ</span> <span class='ocrx_word' id='word_1_130' title='bbox 1337 1055 1478 1106; x_wconf 64' lang='grc' dir='ltr'>παριὼν</span> 
     </span>
     <span class='ocr_line' id='line_1_16' title="bbox 128 1105 1477 1160; baseline 0.002 -14"><span class='ocrx_word' id='word_1_131' title='bbox 128 1106 381 1160; x_wconf 47' lang='lat' dir='ltr'>&amp;nando-stov·</span> <span class='ocrx_word' id='word_1_132' title='bbox 422 1108 572 1155; x_wconf 74' lang='grc' dir='ltr'><strong><em>δίκαιος</em></strong></span> <span class='ocrx_word' id='word_1_133' title='bbox 610 1106 644 1146; x_wconf 72' lang='grc' dir='ltr'>δ’</span> <span class='ocrx_word' id='word_1_134' title='bbox 687 1105 728 1156; x_wconf 70' lang='grc' dir='ltr'>εἷ’,</span> <span class='ocrx_word' id='word_1_135' title='bbox 771 1111 853 1147; x_wconf 86' lang='grc'><strong>0011.</strong></span> <span class='ocrx_word' id='word_1_136' title='bbox 884 1125 918 1159; x_wconf 88' lang='lat' dir='ltr'>p.</span> <span class='ocrx_word' id='word_1_137' title='bbox 952 1115 1042 1147; x_wconf 70' lang='lat'>463.</span> <span class='ocrx_word' id='word_1_138' title='bbox 1075 1112 1118 1148; x_wconf 81' lang='lat' dir='ltr'>E.</span> <span class='ocrx_word' id='word_1_139' title='bbox 1167 1112 1316 1149; x_wconf 83' lang='lat' dir='ltr'>Habuit</span> <span class='ocrx_word' id='word_1_140' title='bbox 1356 1113 1477 1160; x_wconf 80' lang='lat' dir='ltr'>igitur</span> 
     </span>
     <span class='ocr_line' id='line_1_17' title="bbox 126 1166 1475 1216; baseline 0.003 -14"><span class='ocrx_word' id='word_1_141' title='bbox 126 1166 312 1212; x_wconf 75' lang='lat' dir='ltr'>Socrates,</span> <span class='ocrx_word' id='word_1_142' title='bbox 342 1179 417 1216; x_wconf 87' lang='lat' dir='ltr'>quo</span> <span class='ocrx_word' id='word_1_143' title='bbox 446 1169 615 1215; x_wconf 89' lang='lat' dir='ltr'>tempore</span> <span class='ocrx_word' id='word_1_144' title='bbox 646 1167 876 1216; x_wconf 84' lang='lat' dir='ltr'>colloquium</span> <span class='ocrx_word' id='word_1_145' title='bbox 906 1167 1082 1204; x_wconf 87' lang='lat' dir='ltr'>habitum</span> <span class='ocrx_word' id='word_1_146' title='bbox 1111 1172 1312 1216; x_wconf 77' lang='lat' dir='ltr'>putamus,</span> <span class='ocrx_word' id='word_1_147' title='bbox 1357 1182 1475 1206; x_wconf 84' lang='lat' dir='ltr'>annos</span> 
     </span>
     <span class='ocr_line' id='line_1_18' title="bbox 125 1222 1475 1273; baseline 0.001 -14"><span class='ocrx_word' id='word_1_148' title='bbox 125 1222 327 1271; x_wconf 80' lang='lat' dir='ltr'>sexaginta</span> <span class='ocrx_word' id='word_1_149' title='bbox 365 1226 567 1273; x_wconf 84' lang='lat' dir='ltr'>quattuor;</span> <span class='ocrx_word' id='word_1_150' title='bbox 610 1222 670 1259; x_wconf 88' lang='lat' dir='ltr'>cui</span> <span class='ocrx_word' id='word_1_151' title='bbox 701 1223 815 1260; x_wconf 86' lang='lat' dir='ltr'>aetati</span> <span class='ocrx_word' id='word_1_152' title='bbox 860 1224 924 1272; x_wconf 85' lang='lat' dir='ltr'>qui</span> <span class='ocrx_word' id='word_1_153' title='bbox 964 1223 1091 1260; x_wconf 85' lang='lat' dir='ltr'>minus</span> <span class='ocrx_word' id='word_1_154' title='bbox 1132 1224 1334 1261; x_wconf 75' lang='lat' dir='ltr'>convenire</span> <span class='ocrx_word' id='word_1_155' title='bbox 1376 1226 1475 1262; x_wconf 88' lang='lat' dir='ltr'>arbi-</span> 
     </span>
     <span class='ocr_line' id='line_1_19' title="bbox 125 1278 1473 1329; baseline 0.002 -13"><span class='ocrx_word' id='word_1_156' title='bbox 125 1279 215 1316; x_wconf 83' lang='lat' dir='ltr'>trati</span> <span class='ocrx_word' id='word_1_157' title='bbox 246 1283 347 1325; x_wconf 91' lang='lat' dir='ltr'>sunt,</span> <span class='ocrx_word' id='word_1_158' title='bbox 378 1279 479 1329; x_wconf 88' lang='lat' dir='ltr'>quod</span> <span class='ocrx_word' id='word_1_159' title='bbox 500 1278 673 1315; x_wconf 74' lang='lat' dir='ltr'>Callicles</span> <span class='ocrx_word' id='word_1_160' title='bbox 695 1279 783 1327; x_wconf 80' lang='lat' dir='ltr'>Cap.</span> <span class='ocrx_word' id='word_1_161' title='bbox 806 1279 890 1315; x_wconf 83' lang='lat' dir='ltr'>LX.</span> <span class='ocrx_word' id='word_1_162' title='bbox 913 1292 999 1315; x_wconf 78' lang='lat' dir='ltr'>eum</span> <span class='ocrx_word' id='word_1_163' title='bbox 1031 1279 1138 1317; x_wconf 84' lang='lat' dir='ltr'>iubet</span> <span class='ocrx_word' id='word_1_164' title='bbox 1166 1286 1294 1317; x_wconf 84' lang='lat' dir='ltr'>mente</span> <span class='ocrx_word' id='word_1_165' title='bbox 1326 1287 1473 1319; x_wconf 79' lang='lat' dir='ltr'>mutata</span> 
     </span>
     <span class='ocr_line' id='line_1_20' title="bbox 125 1335 1473 1387; baseline 0.001 -15"><span class='ocrx_word' id='word_1_166' title='bbox 125 1335 330 1386; x_wconf 85' lang='lat' dir='ltr'>aliquando</span> <span class='ocrx_word' id='word_1_167' title='bbox 371 1335 484 1371; x_wconf 83' lang='lat' dir='ltr'>aliam</span> <span class='ocrx_word' id='word_1_168' title='bbox 523 1335 679 1373; x_wconf 73' lang='lat' dir='ltr'>vivendi</span> <span class='ocrx_word' id='word_1_169' title='bbox 718 1335 820 1372; x_wconf 71' lang='lat' dir='ltr'>viani</span> <span class='ocrx_word' id='word_1_170' title='bbox 861 1340 898 1372; x_wconf 88' lang='lat' dir='ltr'>et</span> <span class='ocrx_word' id='word_1_171' title='bbox 936 1336 1123 1373; x_wconf 87' lang='lat' dir='ltr'>rationem</span> <span class='ocrx_word' id='word_1_172' title='bbox 1153 1336 1317 1384; x_wconf 84' lang='lat' dir='ltr'>ingredi,</span> <span class='ocrx_word' id='word_1_173' title='bbox 1358 1351 1473 1387; x_wconf 83' lang='lat' dir='ltr'>quam</span> 
     </span>
     <span class='ocr_line' id='line_1_21' title="bbox 124 1391 1473 1442; baseline 0.002 -14"><span class='ocrx_word' id='word_1_174' title='bbox 124 1392 277 1442; x_wconf 86' lang='lat' dir='ltr'>qualem</span> <span class='ocrx_word' id='word_1_175' title='bbox 317 1392 440 1428; x_wconf 90' lang='lat' dir='ltr'>adhuc</span> <span class='ocrx_word' id='word_1_176' title='bbox 479 1395 667 1441; x_wconf 88' lang='lat' dir='ltr'>sequutus</span> <span class='ocrx_word' id='word_1_177' title='bbox 698 1392 765 1437; x_wconf 82' lang='lat' dir='ltr'>sit,</span> <span class='ocrx_word' id='word_1_178' title='bbox 808 1391 997 1441; x_wconf 85' lang='lat' dir='ltr'>siquidem</span> <span class='ocrx_word' id='word_1_179' title='bbox 1036 1393 1164 1430; x_wconf 69' lang='lat' dir='ltr'>salvus</span> <span class='ocrx_word' id='word_1_180' title='bbox 1206 1399 1243 1430; x_wconf 87' lang='lat' dir='ltr'>et</span> <span class='ocrx_word' id='word_1_181' title='bbox 1273 1393 1473 1431; x_wconf 74' lang='lat' dir='ltr'>incolumis</span> 
     </span>
     <span class='ocr_line' id='line_1_22' title="bbox 122 1447 1471 1497; baseline 0.001 -12"><span class='ocrx_word' id='word_1_182' title='bbox 122 1448 244 1485; x_wconf 86' lang='lat' dir='ltr'>Vitam</span> <span class='ocrx_word' id='word_1_183' title='bbox 274 1448 410 1495; x_wconf 85' lang='lat' dir='ltr'>degere</span> <span class='ocrx_word' id='word_1_184' title='bbox 439 1447 556 1493; x_wconf 75' lang='lat' dir='ltr'>velit,</span> <span class='ocrx_word' id='word_1_185' title='bbox 595 1447 621 1483; x_wconf 93' lang='lat' dir='ltr'>ii</span> <span class='ocrx_word' id='word_1_186' title='bbox 660 1461 737 1484; x_wconf 92' lang='lat' dir='ltr'>non</span> <span class='ocrx_word' id='word_1_187' title='bbox 766 1447 948 1485; x_wconf 74' lang='lat' dir='ltr'>videntur</span> <span class='ocrx_word' id='word_1_188' title='bbox 988 1448 1080 1485; x_wconf 87' lang='lat' dir='ltr'>satis</span> <span class='ocrx_word' id='word_1_189' title='bbox 1116 1449 1354 1497; x_wconf 70' lang='lat' dir='ltr'>reputavisse</span> <span class='ocrx_word' id='word_1_190' title='bbox 1404 1451 1471 1487; x_wconf 91' lang='lat' dir='ltr'>ho-</span> 
     </span>
     <span class='ocr_line' id='line_1_23' title="bbox 122 1503 1470 1553; baseline 0.002 -13"><span class='ocrx_word' id='word_1_191' title='bbox 122 1504 264 1541; x_wconf 88' lang='lat' dir='ltr'>minem</span> <span class='ocrx_word' id='word_1_192' title='bbox 301 1503 471 1542; x_wconf 73' lang='lat' dir='ltr'>novitiae</span> <span class='ocrx_word' id='word_1_193' title='bbox 519 1503 741 1552; x_wconf 85' lang='lat' dir='ltr'>disciplinae</span> <span class='ocrx_word' id='word_1_194' title='bbox 790 1504 900 1552; x_wconf 88' lang='lat' dir='ltr'>plane</span> <span class='ocrx_word' id='word_1_195' title='bbox 949 1505 1122 1541; x_wconf 85' lang='lat' dir='ltr'>deditum</span> <span class='ocrx_word' id='word_1_196' title='bbox 1171 1511 1209 1542; x_wconf 89' lang='lat' dir='ltr'>et</span> <span class='ocrx_word' id='word_1_197' title='bbox 1254 1506 1470 1553; x_wconf 83' lang='lat' dir='ltr'>praeditum</span> 
     </span>
     <span class='ocr_line' id='line_1_24' title="bbox 120 1560 1471 1609; baseline 0.001 -13"><span class='ocrx_word' id='word_1_198' title='bbox 120 1560 274 1609; x_wconf 82' lang='lat' dir='ltr'>ingenio</span> <span class='ocrx_word' id='word_1_199' title='bbox 314 1560 491 1597; x_wconf 85' lang='lat' dir='ltr'>calidiore</span> <span class='ocrx_word' id='word_1_200' title='bbox 531 1560 683 1596; x_wconf 89' lang='lat' dir='ltr'>omnino</span> <span class='ocrx_word' id='word_1_201' title='bbox 723 1560 895 1597; x_wconf 85' lang='lat' dir='ltr'>acerbius</span> <span class='ocrx_word' id='word_1_202' title='bbox 947 1565 985 1598; x_wconf 87' lang='lat' dir='ltr'>et</span> <span class='ocrx_word' id='word_1_203' title='bbox 1025 1561 1299 1598; x_wconf 76' lang='lat' dir='ltr'>contentiosius</span> <span class='ocrx_word' id='word_1_204' title='bbox 1339 1570 1471 1599; x_wconf 84' lang='lat' dir='ltr'>contra</span> 
     </span>
     <span class='ocr_line' id='line_1_25' title="bbox 123 1616 1469 1665; baseline 0.001 -12"><span class='ocrx_word' id='word_1_205' title='bbox 123 1617 315 1655; x_wconf 80' lang='lat' dir='ltr'>Socratem</span> <span class='ocrx_word' id='word_1_206' title='bbox 343 1616 549 1665; x_wconf 83' lang='lat' dir='ltr'>disputare,</span> <span class='ocrx_word' id='word_1_207' title='bbox 580 1621 625 1653; x_wconf 89' lang='lat' dir='ltr'>ut</span> <span class='ocrx_word' id='word_1_208' title='bbox 652 1618 820 1664; x_wconf 81' lang='lat' dir='ltr'>profecto</span> <span class='ocrx_word' id='word_1_209' title='bbox 851 1616 1006 1653; x_wconf 87' lang='lat' dir='ltr'>minime</span> <span class='ocrx_word' id='word_1_210' title='bbox 1036 1622 1224 1665; x_wconf 75' lang='lat' dir='ltr'>repugnet</span> <span class='ocrx_word' id='word_1_211' title='bbox 1252 1618 1469 1655; x_wconf 78' lang='lat' dir='ltr'>verisimili-</span> 
     </span>
     <span class='ocr_line' id='line_1_26' title="bbox 120 1672 1467 1724; baseline 0.001 -14"><span class='ocrx_word' id='word_1_212' title='bbox 120 1673 265 1719; x_wconf 89' lang='lat' dir='ltr'>tudini,</span> <span class='ocrx_word' id='word_1_213' title='bbox 305 1673 406 1723; x_wconf 92' lang='lat' dir='ltr'>quod</span> <span class='ocrx_word' id='word_1_214' title='bbox 447 1672 529 1709; x_wconf 86' lang='lat' dir='ltr'>viro</span> <span class='ocrx_word' id='word_1_215' title='bbox 570 1676 694 1710; x_wconf 79' lang='lat' dir='ltr'>aetate</span> <span class='ocrx_word' id='word_1_216' title='bbox 734 1673 982 1720; x_wconf 84' lang='lat' dir='ltr'>provectiori,</span> <span class='ocrx_word' id='word_1_217' title='bbox 1022 1673 1247 1721; x_wconf 83' lang='lat' dir='ltr'>praesertim</span> <span class='ocrx_word' id='word_1_218' title='bbox 1275 1687 1397 1724; x_wconf 86' lang='lat' dir='ltr'>usque</span> <span class='ocrx_word' id='word_1_219' title='bbox 1428 1675 1467 1711; x_wconf 89' lang='lat' dir='ltr'>in</span> 
     </span>
     <span class='ocr_line' id='line_1_27' title="bbox 122 1728 1467 1779; baseline 0.001 -13"><span class='ocrx_word' id='word_1_220' title='bbox 122 1730 204 1766; x_wconf 89' lang='lat' dir='ltr'>luce</span> <span class='ocrx_word' id='word_1_221' title='bbox 241 1729 394 1778; x_wconf 86' lang='lat' dir='ltr'>publica</span> <span class='ocrx_word' id='word_1_222' title='bbox 431 1728 601 1766; x_wconf 84' lang='lat' dir='ltr'>versanti</span> <span class='ocrx_word' id='word_1_223' title='bbox 651 1733 689 1765; x_wconf 85' lang='lat' dir='ltr'>et</span> <span class='ocrx_word' id='word_1_224' title='bbox 729 1729 920 1765; x_wconf 72' lang='lat' dir='ltr'>acerrimis</span> <span class='ocrx_word' id='word_1_225' title='bbox 960 1729 1287 1766; x_wconf 86' lang='lat' dir='ltr'>criminationibus</span> <span class='ocrx_word' id='word_1_226' title='bbox 1336 1731 1467 1779; x_wconf 83' lang='lat' dir='ltr'>petito,</span> 
     </span>
     <span class='ocr_line' id='line_1_28' title="bbox 119 1785 1465 1834; baseline 0.001 -12"><span class='ocrx_word' id='word_1_227' title='bbox 119 1785 319 1823; x_wconf 89' lang='lat' dir='ltr'>consilium</span> <span class='ocrx_word' id='word_1_228' title='bbox 346 1785 386 1822; x_wconf 92' lang='lat' dir='ltr'>id</span> <span class='ocrx_word' id='word_1_229' title='bbox 416 1798 537 1832; x_wconf 83' lang='lat' dir='ltr'>genus</span> <span class='ocrx_word' id='word_1_230' title='bbox 566 1797 686 1833; x_wconf 79' lang='lat' dir='ltr'>paene</span> <span class='ocrx_word' id='word_1_231' title='bbox 707 1789 929 1833; x_wconf 71' lang='lat' dir='ltr'>protervum</span> <span class='ocrx_word' id='word_1_232' title='bbox 949 1785 1178 1834; x_wconf 83' lang='lat' dir='ltr'>suppeditat,</span> <span class='ocrx_word' id='word_1_233' title='bbox 1209 1786 1316 1823; x_wconf 86' lang='lat' dir='ltr'>cuius</span> <span class='ocrx_word' id='word_1_234' title='bbox 1337 1791 1465 1823; x_wconf 88' lang='lat' dir='ltr'>tamen</span> 
     </span>
     <span class='ocr_line' id='line_1_29' title="bbox 119 1841 1465 1889; baseline 0.001 -10"><span class='ocrx_word' id='word_1_235' title='bbox 119 1841 271 1880; x_wconf 84' lang='lat' dir='ltr'>vanitas</span> <span class='ocrx_word' id='word_1_236' title='bbox 300 1843 444 1878; x_wconf 86' lang='lat' dir='ltr'>urbane</span> <span class='ocrx_word' id='word_1_237' title='bbox 464 1841 641 1889; x_wconf 83' lang='lat' dir='ltr'>deinceps</span> <span class='ocrx_word' id='word_1_238' title='bbox 661 1841 861 1878; x_wconf 82' lang='lat' dir='ltr'>refellitur.</span> <span class='ocrx_word' id='word_1_239' title='bbox 903 1842 960 1878; x_wconf 82' lang='lat' dir='ltr'>De</span> <span class='ocrx_word' id='word_1_240' title='bbox 988 1842 1150 1889; x_wconf 77' lang='lat' dir='ltr'>Gorgiae</span> <span class='ocrx_word' id='word_1_241' title='bbox 1181 1846 1310 1879; x_wconf 83' lang='lat' dir='ltr'>autem</span> <span class='ocrx_word' id='word_1_242' title='bbox 1339 1848 1465 1881; x_wconf 85' lang='lat' dir='ltr'>aetate</span> 
     </span>
     <span class='ocr_line' id='line_1_30' title="bbox 118 1897 1464 1949; baseline 0 -13"><span class='ocrx_word' id='word_1_243' title='bbox 118 1898 150 1936; x_wconf 90' lang='lat' dir='ltr'>si</span> <span class='ocrx_word' id='word_1_244' title='bbox 180 1897 394 1949; x_wconf 86' lang='lat' dir='ltr'>quaeritur,</span> <span class='ocrx_word' id='word_1_245' title='bbox 436 1897 587 1935; x_wconf 88' lang='lat' dir='ltr'>etiamsi</span> <span class='ocrx_word' id='word_1_246' title='bbox 625 1898 671 1934; x_wconf 88' lang='lat' dir='ltr'>de</span> <span class='ocrx_word' id='word_1_247' title='bbox 702 1902 870 1945; x_wconf 84' lang='lat' dir='ltr'>tempore</span> <span class='ocrx_word' id='word_1_248' title='bbox 910 1898 991 1934; x_wconf 88' lang='lat' dir='ltr'>eius</span> <span class='ocrx_word' id='word_1_249' title='bbox 1030 1898 1149 1935; x_wconf 78' lang='lat' dir='ltr'>natali</span> <span class='ocrx_word' id='word_1_250' title='bbox 1187 1911 1324 1946; x_wconf 90' lang='lat' dir='ltr'>parum</span> <span class='ocrx_word' id='word_1_251' title='bbox 1362 1905 1464 1937; x_wconf 83' lang='lat' dir='ltr'>certo</span> 
     </span>
     <span class='ocr_line' id='line_1_31' title="bbox 118 1953 1465 2004; baseline 0.001 -13"><span class='ocrx_word' id='word_1_252' title='bbox 118 1957 277 2001; x_wconf 87' lang='lat' dir='ltr'>constet,</span> <span class='ocrx_word' id='word_1_253' title='bbox 307 1958 437 1991; x_wconf 88' lang='lat' dir='ltr'>tamen</span> <span class='ocrx_word' id='word_1_254' title='bbox 475 1957 514 1991; x_wconf 88' lang='lat' dir='ltr'>et</span> <span class='ocrx_word' id='word_1_255' title='bbox 551 1953 675 2002; x_wconf 89' lang='lat' dir='ltr'>ipsum</span> <span class='ocrx_word' id='word_1_256' title='bbox 705 1953 912 1991; x_wconf 74' lang='lat' dir='ltr'>verisimile</span> <span class='ocrx_word' id='word_1_257' title='bbox 954 1957 1031 1999; x_wconf 85' lang='lat' dir='ltr'>est,</span> <span class='ocrx_word' id='word_1_258' title='bbox 1072 1968 1146 2004; x_wconf 88' lang='lat' dir='ltr'>quo</span> <span class='ocrx_word' id='word_1_259' title='bbox 1176 1958 1347 2003; x_wconf 87' lang='lat' dir='ltr'>tempore</span> <span class='ocrx_word' id='word_1_260' title='bbox 1378 1968 1465 1993; x_wconf 90' lang='lat' dir='ltr'>cum</span> 
     </span>
     <span class='ocr_line' id='line_1_32' title="bbox 118 2009 1464 2061; baseline 0 -13"><span class='ocrx_word' id='word_1_261' title='bbox 118 2012 270 2048; x_wconf 75' lang='lat' dir='ltr'>Socrate</span> <span class='ocrx_word' id='word_1_262' title='bbox 300 2009 522 2059; x_wconf 85' lang='lat' dir='ltr'>disputavit,</span> <span class='ocrx_word' id='word_1_263' title='bbox 552 2010 735 2057; x_wconf 86' lang='lat' dir='ltr'>grandem</span> <span class='ocrx_word' id='word_1_264' title='bbox 775 2015 940 2047; x_wconf 84' lang='lat' dir='ltr'>aetatem</span> <span class='ocrx_word' id='word_1_265' title='bbox 976 2010 1176 2056; x_wconf 82' lang='lat' dir='ltr'>habuisse,</span> <span class='ocrx_word' id='word_1_266' title='bbox 1217 2013 1464 2061; x_wconf 86' lang='lat' dir='ltr'>quamobrem</span> 
     </span>
     <span class='ocr_line' id='line_1_33' title="bbox 115 2065 1464 2116; baseline 0 -12"><span class='ocrx_word' id='word_1_267' title='bbox 115 2067 188 2116; x_wconf 87' lang='lat' dir='ltr'>ipsi</span> <span class='ocrx_word' id='word_1_268' title='bbox 217 2067 259 2103; x_wconf 91' lang='lat' dir='ltr'>in</span> <span class='ocrx_word' id='word_1_269' title='bbox 289 2065 476 2116; x_wconf 90' lang='lat' dir='ltr'>colloquio</span> <span class='ocrx_word' id='word_1_270' title='bbox 514 2078 600 2102; x_wconf 89' lang='lat' dir='ltr'>cum</span> <span class='ocrx_word' id='word_1_271' title='bbox 630 2079 673 2102; x_wconf 91' lang='lat' dir='ltr'>eo</span> <span class='ocrx_word' id='word_1_272' title='bbox 702 2065 882 2103; x_wconf 88' lang='lat' dir='ltr'>instituto</span> <span class='ocrx_word' id='word_1_273' title='bbox 922 2066 1037 2103; x_wconf 86' lang='lat' dir='ltr'>etiam</span> <span class='ocrx_word' id='word_1_274' title='bbox 1069 2079 1208 2114; x_wconf 86' lang='lat' dir='ltr'>magna</span> <span class='ocrx_word' id='word_1_275' title='bbox 1244 2067 1464 2116; x_wconf 85' lang='lat' dir='ltr'>impertitur</span> 
     </span>
     <span class='ocr_line' id='line_1_34' title="bbox 115 2121 1462 2171; baseline -0.001 -10"><span class='ocrx_word' id='word_1_276' title='bbox 115 2122 356 2161; x_wconf 87' lang='lat' dir='ltr'>verecundia.</span> <span class='ocrx_word' id='word_1_277' title='bbox 415 2121 489 2158; x_wconf 65' lang='lat' dir='ltr'>Seu</span> <span class='ocrx_word' id='word_1_278' title='bbox 518 2122 565 2159; x_wconf 86' lang='lat' dir='ltr'>de</span> <span class='ocrx_word' id='word_1_279' title='bbox 595 2121 655 2159; x_wconf 90' lang='lat' dir='ltr'>his</span> <span class='ocrx_word' id='word_1_280' title='bbox 694 2121 849 2171; x_wconf 88' lang='lat' dir='ltr'>quidem</span> <span class='ocrx_word' id='word_1_281' title='bbox 887 2122 978 2171; x_wconf 82' lang='lat' dir='ltr'>quia</span> <span class='ocrx_word' id='word_1_282' title='bbox 1008 2123 1221 2160; x_wconf 78' lang='lat' dir='ltr'>accuratius</span> <span class='ocrx_word' id='word_1_283' title='bbox 1250 2123 1365 2160; x_wconf 83' lang='lat' dir='ltr'>ctiam</span> <span class='ocrx_word' id='word_1_284' title='bbox 1396 2137 1462 2160; x_wconf 85' lang='lat' dir='ltr'>ex-</span> 
     </span>
     <span class='ocr_line' id='line_1_35' title="bbox 115 2179 1461 2229; baseline -0.001 -12"><span class='ocrx_word' id='word_1_285' title='bbox 115 2180 256 2229; x_wconf 87' lang='lat' dir='ltr'>plicare</span> <span class='ocrx_word' id='word_1_286' title='bbox 285 2182 324 2216; x_wconf 90' lang='lat' dir='ltr'>et</span> <span class='ocrx_word' id='word_1_287' title='bbox 352 2179 509 2225; x_wconf 84' lang='lat' dir='ltr'>longum</span> <span class='ocrx_word' id='word_1_288' title='bbox 547 2180 605 2215; x_wconf 90' lang='lat' dir='ltr'>est</span> <span class='ocrx_word' id='word_1_289' title='bbox 636 2182 674 2215; x_wconf 82' lang='lat' dir='ltr'>et</span> <span class='ocrx_word' id='word_1_290' title='bbox 712 2191 847 2226; x_wconf 88' lang='lat' dir='ltr'>parum</span> <span class='ocrx_word' id='word_1_291' title='bbox 883 2179 1142 2223; x_wconf 84' lang='lat' dir='ltr'>fructuosum,</span> <span class='ocrx_word' id='word_1_292' title='bbox 1181 2179 1375 2227; x_wconf 87' lang='lat' dir='ltr'>pergimus</span> <span class='ocrx_word' id='word_1_293' title='bbox 1415 2182 1461 2217; x_wconf 89' lang='lat' dir='ltr'>ad</span> 
     </span>
     <span class='ocr_line' id='line_1_36' title="bbox 115 2234 1460 2286; baseline 0 -13"><span class='ocrx_word' id='word_1_294' title='bbox 115 2236 220 2281; x_wconf 83' lang='lat' dir='ltr'>illud,</span> <span class='ocrx_word' id='word_1_295' title='bbox 251 2235 352 2286; x_wconf 88' lang='lat' dir='ltr'>quod</span> <span class='ocrx_word' id='word_1_296' title='bbox 382 2247 503 2270; x_wconf 90' lang='lat' dir='ltr'>unum</span> <span class='ocrx_word' id='word_1_297' title='bbox 532 2234 656 2271; x_wconf 88' lang='lat' dir='ltr'>adhuc</span> <span class='ocrx_word' id='word_1_298' title='bbox 675 2234 721 2270; x_wconf 85' lang='lat' dir='ltr'>de</span> <span class='ocrx_word' id='word_1_299' title='bbox 752 2234 1025 2281; x_wconf 83' lang='lat' dir='ltr'>chronologicis</span> <span class='ocrx_word' id='word_1_300' title='bbox 1045 2236 1159 2271; x_wconf 85' lang='lat' dir='ltr'>rebus</span> <span class='ocrx_word' id='word_1_301' title='bbox 1179 2235 1460 2273; x_wconf 75' lang='lat' dir='ltr'>discutiendum</span> 
     </span>
     <span class='ocr_line' id='line_1_37' title="bbox 115 2289 1459 2341; baseline -0.001 -12"><span class='ocrx_word' id='word_1_302' title='bbox 115 2295 300 2341; x_wconf 85' lang='lat' dir='ltr'>superest.</span> <span class='ocrx_word' id='word_1_303' title='bbox 369 2290 525 2327; x_wconf 85' lang='lat' dir='ltr'>Etenim</span> <span class='ocrx_word' id='word_1_304' title='bbox 563 2289 817 2326; x_wconf 84' lang='lat' dir='ltr'>adiiciendum</span> <span class='ocrx_word' id='word_1_305' title='bbox 857 2290 1020 2339; x_wconf 87' lang='lat' dir='ltr'>denique</span> <span class='ocrx_word' id='word_1_306' title='bbox 1062 2295 1119 2327; x_wconf 85' lang='lat' dir='ltr'>est</span> <span class='ocrx_word' id='word_1_307' title='bbox 1158 2291 1303 2340; x_wconf 86' lang='lat' dir='ltr'>aliquid</span> <span class='ocrx_word' id='word_1_308' title='bbox 1344 2292 1459 2329; x_wconf 86' lang='lat' dir='ltr'>etiam</span> 
     </span>
     <span class='ocr_line' id='line_1_38' title="bbox 116 2345 1458 2395; baseline 0 -10"><span class='ocrx_word' id='word_1_309' title='bbox 116 2349 161 2385; x_wconf 91' lang='lat' dir='ltr'>de</span> <span class='ocrx_word' id='word_1_310' title='bbox 191 2348 294 2393; x_wconf 90' lang='lat' dir='ltr'>Polo,</span> <span class='ocrx_word' id='word_1_311' title='bbox 324 2346 485 2394; x_wconf 84' lang='lat' dir='ltr'>Gorgiae</span> <span class='ocrx_word' id='word_1_312' title='bbox 522 2346 622 2383; x_wconf 87' lang='lat' dir='ltr'>socio</span> <span class='ocrx_word' id='word_1_313' title='bbox 652 2349 767 2395; x_wconf 89' lang='lat' dir='ltr'>atque</span> <span class='ocrx_word' id='word_1_314' title='bbox 796 2345 991 2394; x_wconf 84' lang='lat' dir='ltr'>discipulo.</span> <span class='ocrx_word' id='word_1_315' title='bbox 1059 2346 1185 2383; x_wconf 81' lang='lat' dir='ltr'>Facile</span> <span class='ocrx_word' id='word_1_316' title='bbox 1214 2347 1316 2384; x_wconf 82' lang='lat' dir='ltr'>enini</span> <span class='ocrx_word' id='word_1_317' title='bbox 1346 2348 1458 2385; x_wconf 87' lang='lat' dir='ltr'>alicui</span> 
     </span>
     <span class='ocr_line' id='line_1_39' title="bbox 114 2400 1460 2451; baseline 0 -10"><span class='ocrx_word' id='word_1_318' title='bbox 114 2403 391 2441; x_wconf 86' lang='lat' dir='ltr'>dubitationem</span> <span class='ocrx_word' id='word_1_319' title='bbox 418 2402 586 2448; x_wconf 78' lang='lat' dir='ltr'>injiciat,</span> <span class='ocrx_word' id='word_1_320' title='bbox 625 2402 725 2451; x_wconf 86' lang='lat' dir='ltr'>quod</span> <span class='ocrx_word' id='word_1_321' title='bbox 756 2401 820 2438; x_wconf 92' lang='grc'><strong>1110</strong></span> <span class='ocrx_word' id='word_1_322' title='bbox 858 2401 1053 2438; x_wconf 85' lang='lat' dir='ltr'>inducitur</span> <span class='ocrx_word' id='word_1_323' title='bbox 1081 2406 1124 2439; x_wconf 87' lang='lat' dir='ltr'>ut</span> <span class='ocrx_word' id='word_1_324' title='bbox 1153 2400 1236 2447; x_wconf 73' lang='grc' dir='ltr'>νέος</span> <span class='ocrx_word' id='word_1_325' title='bbox 1264 2402 1327 2440; x_wconf 77' lang='grc' dir='ltr'>καὶ</span> <span class='ocrx_word' id='word_1_326' title='bbox 1357 2400 1460 2450; x_wconf 71' lang='grc' dir='ltr'><em>ὀξύς,</em></span> 
     </span>
     <span class='ocr_line' id='line_1_40' title="bbox 114 2458 1459 2509; baseline 0 -12"><span class='ocrx_word' id='word_1_327' title='bbox 114 2471 149 2509; x_wconf 86' lang='grc'>1).</span> <span class='ocrx_word' id='word_1_328' title='bbox 192 2462 283 2496; x_wconf 82' lang='lat'>463.</span> <span class='ocrx_word' id='word_1_329' title='bbox 323 2459 363 2495; x_wconf 81' lang='lat' dir='ltr'>C.</span> <span class='ocrx_word' id='word_1_330' title='bbox 405 2458 488 2495; x_wconf 87' lang='lat' dir='ltr'>coll.</span> <span class='ocrx_word' id='word_1_331' title='bbox 529 2460 620 2494; x_wconf 82' lang='lat'>461.</span> <span class='ocrx_word' id='word_1_332' title='bbox 663 2458 722 2503; x_wconf 82' lang='lat' dir='ltr'>C.,</span> <span class='ocrx_word' id='word_1_333' title='bbox 763 2458 887 2507; x_wconf 90' lang='lat' dir='ltr'>qualis</span> <span class='ocrx_word' id='word_1_334' title='bbox 925 2462 1025 2495; x_wconf 89' lang='lat' dir='ltr'>certe</span> <span class='ocrx_word' id='word_1_335' title='bbox 1064 2472 1140 2495; x_wconf 88' lang='lat' dir='ltr'>non</span> <span class='ocrx_word' id='word_1_336' title='bbox 1179 2460 1341 2508; x_wconf 89' lang='lat' dir='ltr'>amplius</span> <span class='ocrx_word' id='word_1_337' title='bbox 1378 2474 1459 2497; x_wconf 86' lang='lat' dir='ltr'>esse</span> 
     </span>
     <span class='ocr_line' id='line_1_41' title="bbox 113 2514 1458 2566; baseline 0.001 -14"><span class='ocrx_word' id='word_1_338' title='bbox 113 2515 258 2566; x_wconf 85' lang='lat' dir='ltr'>potuit,</span> <span class='ocrx_word' id='word_1_339' title='bbox 299 2527 373 2565; x_wconf 92' lang='lat' dir='ltr'>quo</span> <span class='ocrx_word' id='word_1_340' title='bbox 401 2518 571 2563; x_wconf 87' lang='lat' dir='ltr'>tempore</span> <span class='ocrx_word' id='word_1_341' title='bbox 600 2526 669 2550; x_wconf 89' lang='grc'><strong>1105</strong></span> <span class='ocrx_word' id='word_1_342' title='bbox 700 2527 913 2551; x_wconf 88' lang='lat' dir='ltr'>sermonem</span> <span class='ocrx_word' id='word_1_343' title='bbox 941 2514 1117 2551; x_wconf 89' lang='lat' dir='ltr'>habitum</span> <span class='ocrx_word' id='word_1_344' title='bbox 1157 2528 1239 2553; x_wconf 87' lang='grc'><strong>0550</strong></span> <span class='ocrx_word' id='word_1_345' title='bbox 1268 2517 1458 2561; x_wconf 76' lang='lat' dir='ltr'>volumus,</span> 
     </span>
     <span class='ocr_line' id='line_1_42' title="bbox 115 2569 1459 2623; baseline -0.001 -14"><span class='ocrx_word' id='word_1_346' title='bbox 115 2572 304 2623; x_wconf 88' lang='lat' dir='ltr'>siquidem</span> <span class='ocrx_word' id='word_1_347' title='bbox 333 2569 463 2607; x_wconf 86' lang='lat' dir='ltr'>statim</span> <span class='ocrx_word' id='word_1_348' title='bbox 504 2571 551 2607; x_wconf 86' lang='lat' dir='ltr'>ab</span> <span class='ocrx_word' id='word_1_349' title='bbox 588 2569 699 2607; x_wconf 90' lang='lat' dir='ltr'>initio</span> <span class='ocrx_word' id='word_1_350' title='bbox 735 2584 813 2606; x_wconf 87' lang='lat' dir='ltr'>una</span> <span class='ocrx_word' id='word_1_351' title='bbox 851 2582 936 2606; x_wconf 91' lang='lat' dir='ltr'>cum</span> <span class='ocrx_word' id='word_1_352' title='bbox 971 2571 1152 2618; x_wconf 86' lang='lat' dir='ltr'>magistro</span> <span class='ocrx_word' id='word_1_353' title='bbox 1190 2571 1230 2608; x_wconf 92' lang='lat' dir='ltr'>in</span> <span class='ocrx_word' id='word_1_354' title='bbox 1260 2572 1459 2609; x_wconf 81' lang='lat' dir='ltr'>Graeciam</span> 
     </span>
     <span class='ocr_line' id='line_1_43' title="bbox 113 2626 1457 2676; baseline -0.001 -11"><span class='ocrx_word' id='word_1_355' title='bbox 113 2627 347 2676; x_wconf 80' lang='lat' dir='ltr'>migraverit.</span> <span class='ocrx_word' id='word_1_356' title='bbox 386 2628 440 2663; x_wconf 89' lang='lat' dir='ltr'>At</span> <span class='ocrx_word' id='word_1_357' title='bbox 469 2626 571 2663; x_wconf 85' lang='lat' dir='ltr'>enim</span> <span class='ocrx_word' id='word_1_358' title='bbox 599 2639 689 2663; x_wconf 86' lang='lat' dir='ltr'>vcro</span> <span class='ocrx_word' id='word_1_359' title='bbox 719 2627 790 2662; x_wconf 90' lang='grc'><strong>1100</strong></span> <span class='ocrx_word' id='word_1_360' title='bbox 819 2630 863 2663; x_wconf 92' lang='lat' dir='ltr'>ut</span> <span class='ocrx_word' id='word_1_361' title='bbox 882 2626 937 2662; x_wconf 90' lang='lat' dir='ltr'>ita</span> <span class='ocrx_word' id='word_1_362' title='bbox 957 2631 1180 2672; x_wconf 85' lang='lat' dir='ltr'>statuamus,</span> <span class='ocrx_word' id='word_1_363' title='bbox 1211 2629 1318 2664; x_wconf 90' lang='lat' dir='ltr'>nulla</span> <span class='ocrx_word' id='word_1_364' title='bbox 1346 2628 1457 2676; x_wconf 86' lang='lat' dir='ltr'>plane</span> 
     </span>
     <span class='ocr_line' id='line_1_44' title="bbox 115 2681 1459 2732; baseline -0.001 -11"><span class='ocrx_word' id='word_1_365' title='bbox 115 2688 227 2732; x_wconf 87' lang='lat' dir='ltr'>urget</span> <span class='ocrx_word' id='word_1_366' title='bbox 255 2682 472 2721; x_wconf 86' lang='lat' dir='ltr'>necessitas.</span> <span class='ocrx_word' id='word_1_367' title='bbox 540 2682 623 2718; x_wconf 87' lang='lat' dir='ltr'>Imo</span> <span class='ocrx_word' id='word_1_368' title='bbox 652 2681 806 2720; x_wconf 74' lang='lat' dir='ltr'>videtur</span> <span class='ocrx_word' id='word_1_369' title='bbox 843 2681 907 2719; x_wconf 89' lang='lat' dir='ltr'>illc</span> <span class='ocrx_word' id='word_1_370' title='bbox 948 2685 1079 2730; x_wconf 81' lang='lat' dir='ltr'>postea</span> <span class='ocrx_word' id='word_1_371' title='bbox 1115 2684 1268 2720; x_wconf 81' lang='lat' dir='ltr'>demum</span> <span class='ocrx_word' id='word_1_372' title='bbox 1297 2684 1459 2731; x_wconf 82' lang='lat' dir='ltr'>Gorgiae</span> 
     </span>
     <span class='ocr_line' id='line_1_45' title="bbox 114 2738 1463 2792; baseline -0.001 -13"><span class='ocrx_word' id='word_1_373' title='bbox 114 2740 337 2792; x_wconf 88' lang='lat' dir='ltr'>disciplinae</span> <span class='ocrx_word' id='word_1_374' title='bbox 377 2752 416 2776; x_wconf 87' lang='lat' dir='ltr'>se</span> <span class='ocrx_word' id='word_1_375' title='bbox 446 2738 634 2776; x_wconf 86' lang='lat' dir='ltr'>dedidisse</span> <span class='ocrx_word' id='word_1_376' title='bbox 676 2738 715 2775; x_wconf 88' lang='lat' dir='ltr'>in</span> <span class='ocrx_word' id='word_1_377' title='bbox 757 2751 877 2788; x_wconf 85' lang='lat' dir='ltr'>caque</span> <span class='ocrx_word' id='word_1_378' title='bbox 907 2739 1138 2787; x_wconf 85' lang='lat' dir='ltr'>perficienda</span> <span class='ocrx_word' id='word_1_379' title='bbox 1178 2744 1216 2777; x_wconf 84' lang='lat' dir='ltr'>ct</span> <span class='ocrx_word' id='word_1_380' title='bbox 1254 2740 1463 2778; x_wconf 81' lang='lat' dir='ltr'>excolenda</span> 
     </span>
    </p>
   </div>
  </div>
 </body>
</html>
