1687 2969
246 111 321 152 132
734 109 1108 152 PLATONIS

249 226 496 283 περιβάλλει
530 224 607 269 τὸν
641 224 830 282 ἐραστὴν
864 230 936 270 καὶ
972 230 1112 285 φιλεῖ,
1148 226 1205 277 ὠς
1241 226 1397 286 σφόδρ’
1440 224 1597 270 εὔνουν

250 291 576 348 ἀσπαζόμενος,
612 290 722 336 ὅταν
756 311 801 336 τε
839 296 1243 349 συγκατακὲωνται,
1285 293 1379 344 οἶός
1412 298 1501 337 ἐστι
1537 292 1598 349 μὴ

253 358 309 404 ἂν
344 359 671 416 ἀπαρνηθῆναι
706 359 754 403 τὸ
777 359 915 404 αὑτοῦ
935 365 1064 416 μέρος
1079 363 1361 416 χαρίσασθαι
1379 362 1440 415 τῷ
1465 363 1600 417 ἐρῶν-

253 445 308 480 τι,
343 431 378 470 εὶ
413 429 594 479 δεηθείη
628 436 783 483 τυχεῖν.
820 426 842 470 ὁ
881 430 923 471 δὲ
960 426 1119 482 ὁμόζνξ
1155 421 1212 470 αὖ
1246 425 1354 482 μετὰ
1377 429 1456 470 τοῦ
1477 426 1599 480 ἡνιό-

254 511 333 551 χου
376 495 486 549 πρὸς
534 496 674 536 ταῦτα
719 494 810 549 μετ’
862 497 1014 545 αἰδοῦς
1056 497 1129 537 καὶ
1171 495 1305 549 λόγου
1353 493 1595 537 ἀντιτείνει.

256 560 370 622 Cap.
402 558 658 604 XXXVII.
711 559 789 604 ὲαν
831 564 910 616 μὲν
953 561 1006 614 δὴ
1043 556 1122 605 οὖν
1160 567 1219 613 εὶς
1255 567 1519 616 τεταγμένην
1557 577 1601 604 τε

258 631 432 672 δίαιταν
466 629 538 670 καὶ
572 630 842 708 φιλοσοφίαν
879 627 1031 689 νικήσῃ
1052 627 1108 672 τὰ
1128 631 1279 684 βελτίω
1304 630 1381 681 τῆς
1403 630 1602 678 διανοίας

175 701 212 741 B
255 694 497 751 αγαγόντα,
532 694 751 752 μακάριον
782 698 862 750 μὲν
896 699 968 738 καὶ
1007 694 1298 751 ὁμονοητικόν
1334 694 1414 739 τὸν
1435 694 1602 738 ἐνθάδε

257 765 356 820 ‘i'c'ov
392 761 642 816 διαγουσιν,
688 767 909 818 ἐγκρατεῖς
957 761 1104 806 αὐτῶν
1150 781 1223 806 και
1257 762 1429 818 κόσμιοι
1465 759 1602 813 ὄντες,

259 827 580 884 δουλωσάμενοι
615 831 694 883 μὲν
730 829 762 883 ᾡ
799 833 928 872 κακία
964 832 1111 888 ψυχῆς
1136 834 1262 885 ὲνεγί)
1263 847 1389 882 νετο,
1425 831 1604 872 ἐλευθε-

258 896 474 954 ρώσαντες
508 897 552 938 δὲ
589 897 622 950 ᾡ
658 894 816 953 ἀρετη·
851 896 1179 950 τελευτησαντες
1213 899 1257 939 δὲ
1293 894 1367 952 δή,
1404 894 1604 939 ὑπόπτε-

258 981 328 1022 ροι
370 965 443 1006 καὶ
485 964 670 1021 ἐλαφροὶ
704 964 948 1017 γεγονότες,
991 966 1078 1007 τῶν
1119 965 1252 1020 τριῶν
1284 961 1605 1019 παλαισματων

261 1032 349 1074 τῶν
387 1028 443 1081 ὠς
476 1028 664 1082 ἀληθῶς
695 1029 997 1085 Ὀλυμπιακῶν
1032 1033 1077 1073 ἓν
1100 1030 1387 1083 νενικήκασιν,
1425 1032 1477 1074 οὑ
1513 1038 1606 1085 μεῖ-

351 1184 390 1215 Ρ.
405 1182 483 1217 256.
525 1188 563 1216 Α.
599 1182 651 1226 μὴ
679 1183 729 1214 ὃν
753 1182 994 1236 ἇητιριηθῖἷ
1004 1182 1092 1229 ναι]
1118 1182 1158 1214 ἄν
1184 1194 1252 1215 om.
1279 1183 1376 1215 Bodl.
1406 1180 1604 1214 AZDGT

259 1235 293 1262 et
317 1240 367 1272 pr.
399 1231 430 1260 Φ
454 1231 621 1272 probante
647 1229 864 1269 Hermanno,
890 1230 943 1270 qui
970 1230 999 1260 in
1027 1228 1100 1265 οἷος
1125 1230 1195 1259 ἐστι
1219 1230 1283 1260 xlm
1310 1228 1495 1270 particulae
1521 1238 1604 1259 con-

258 1276 355 1308 sineri
379 1277 507 1309 statuit.
556 1274 593 1306 In
617 1285 683 1332 quo
709 1285 786 1307 cum
805 1276 877 1307 viro
897 1275 1094 1306 doctissimo
1111 1275 1226 1315 utique
1243 1275 1475 1314 dissentimus,
1502 1284 1604 1315 quum

259 1320 364 1353 ὸιίιασ
371 1324 437 1352 θαι
462 1325 496 1353 et
520 1315 596 1351 οἷόν
621 1319 654 1351 τ’
693 1332 719 1351 ε
726 1333 779 1350 ιαι
804 1322 904 1359 lonae
929 1320 1017 1352 aliud
1042 1320 1119 1361 quid
1146 1321 1310 1361 significet
1337 1330 1436 1361 quam
1462 1319 1503 1349 ἄν
1528 1329 1604 1351 curn

260 1367 370 1399 modis
396 1366 488 1398 ιρῐὺὶ
515 1366 751 1398 consociatum
779 1366 879 1407 (conf.
907 1366 947 1398 ad
974 1378 1004 1408 p
1030 1366 1107 1399 235
1138 1366 1195 1406 Β)
1230 1367 1366 1398 criticus
1393 1370 1505 1397 autern
1535 1366 1604 1405 ille,

200 1415 203 1419 ’
260 1414 310 1445 eui
336 1412 452 1444 horum
481 1411 635 1444 codicum
665 1413 896 1444 recensionem
924 1412 1108 1451 debemrm,
1144 1412 1345 1453 particulam
1373 1411 1413 1441 ἂν
1438 1415 1519 1453 post
1541 1411 1607 1443 ista

261 1459 361 1491 verba
387 1459 512 1490 illatam
536 1467 640 1500 aegre
666 1458 784 1489 tulisse
809 1458 974 1498 x-,ideatur
1000 1462 1120 1500 utpote
1144 1459 1345 1490 insolentius
1370 1461 1579 1499 usurpatam.

352 1526 391 1559 Β,
438 1524 511 1556 ἐὰν
536 1525 576 1557 δὲ
606 1525 650 1566 δὴ
680 1526 828 1570 διαίτῃ
853 1538 888 1567 φ.
901 1528 915 1565 ]
948 1525 1102 1557 Accessit
1128 1524 1164 1564 δι’,
1198 1537 1216 1557 e
1244 1525 1340 1558 Bodl.
1367 1525 1512 1565 aliisque
1531 1525 1606 1566 plu·
1640 1560 1643 1562 ,

260 1573 363 1605 rimis.
414 1571 519 1604 Plene
545 1571 644 1604 Bodl.
671 1569 914 1604 ‹31'urc721122252
939 1574 997 1614 μὲι
1023 1570 1076 1610 διξ-
1126 1571 1220 1603 ldem
1256 1581 1335 1603 mox
1367 1570 1488 1602 sitiose
1513 1567 1606 1611 νική-

259 1630 307 1650 (ῗέί-
332 1627 394 1659 prs)
418 1629 546 1660 νικΐσῃ.

303 1731 374 1761 ἐὰν
405 1733 478 1773 «ἐν
512 1728 558 1769 δὴ
600 1742 674 1761 ουν
699 1729 755 1766 εἰς
780 1741 899 1761 τετα-

256 1779 410 1819 γμένηι
444 1775 514 1818 —]
567 1775 687 1814 Iungas
734 1775 766 1807 in
814 1775 899 1807 liunc

258 1822 414 1855 modum:
440 1820 497 1853 ἒὰι
523 1821 583 1862 μὲν
606 1815 644 1860 ὸῆ
674 1833 738 1852 ουν
762 1834 802 1851 τα
821 1821 899 1861 βελ-

255 1869 313 1899 τίω
337 1872 398 1907 τῆς
413 1867 563 1901 διανοίας
581 1864 675 1906 νικὲσ
667 1879 698 1909 ῃ
721 1864 900 1908 ἇγαγόιτα

254 1915 302 1950 εἷς
326 1916 533 1954 τεταγμένην
550 1923 586 1942 τε
602 1888 736 1943 δίίιιταν
759 1912 816 1942 καὶ
839 1923 897 1953 φι-

254 1959 427 2002 λοσοφίαν.

302 2028 342 2061 Β.
389 2024 713 2068 δουλωσάμενοι
755 2028 827 2068 μὲν
865 2020 893 2069 ᾧ

253 2073 385 2104 κακία
435 2075 575 2114 ψυχῆς
619 2072 889 2114 ἐνεγίγνετο]

253 2119 282 2151 h.
299 2130 326 2151 e.
355 2116 610 2160 δουλωσάμενοι
634 2120 692 2160 μὲν
707 2121 814 2149 τοῦτο
830 2121 892 2157 τῆς

251 2167 367 2207 ψυχῆς
400 2163 492 2206 (eam
524 2162 622 2196 animi
658 2162 824 2204 partem),
866 2167 890 2206 ιῐι

249 2212 348 2241 κακία
371 2210 563 2254 ἐνεγίγιετο.
588 2209 642 2240 De
659 2210 748 2251 Rep.
777 2208 831 2240 Vl.
859 2219 890 2250 p.

251 2255 329 2289 490,
358 2255 395 2286 Β.
426 2257 451 2286 ὡ
489 2253 659 2295 προςὲκει·
672 2258 786 2297 ψυχῆς
808 2253 892 2295 ἐφά-

252 2303 407 2332 πτεσθαι
431 2304 496 2332 τοῦ
522 2298 697 2332 τοιούτοιν.
748 2299 829 2332 lbid.
857 2310 890 2342 p.

252 2346 330 2380 507.
348 2346 386 2379 C.
412 2359 457 2389 vg)
481 2358 543 2377 ουν
568 2344 699 2389 ορῶμεν
713 2344 806 2388 ἡμῶν
829 2344 892 2378 αὖ-

249 2395 315 2423 τῶν
339 2391 381 2422 τὰ
406 2390 580 2434 ὁρώμενα,-

295 2460 377 2488 τῶν
411 2462 539 2499 τριῶν
573 2457 892 2502 παλαισμάτων

251 2503 315 2545 -]
341 2503 498 2545 Respicit
521 2503 563 2535 ad
590 2503 712 2546 p.249.
735 2509 775 2538 A.
823 2504 893 2537 Ce—

248 2552 356 2580 terum
374 2549 520 2581 luctator
534 2553 586 2581 ter
603 2549 737 2582 demum
757 2549 889 2582 deiecto

246 2593 441 2627 adversario
480 2595 589 2626 victor
619 2596 889 2635 renuntiabatur3

246 2639 334 2672 unde
359 2639 570 2681 proverbiale
595 2641 755 2682 loquendi
782 2651 889 2683 genus

245 2685 341 2718 fluxit
372 2684 411 2716 τὸ
446 2686 562 2728 τρίτον
585 2684 764 2728 πάλαισμα
777 2711 786 2725 e
820 2696 886 2727 quo

968 1739 1048 1761 usus
1074 1733 1127 1762 est
1155 1729 1254 1762 Plato
1280 1729 1383 1761 etiam
1403 1728 1604 1770 Euthydem.

967 1786 999 1817 p.
1024 1774 1102 1808 277.
1131 1774 1169 1806 C.
1194 1780 1295 1816 atque
1324 1786 1419 1808 voce.
1446 1774 1606 1817 τριάζειν,

966 1819 1152 1862 τριαγμός,
1180 1819 1343 1862 τριακτός
1368 1825 1402 1852 et
1425 1819 1604 1864 τριακτήρ.

966 1866 1054 1898 Rem
1070 1865 1178 1898 fusius
1197 1869 1449 1907 persequuntur
1474 1866 1604 1908 Span-

965 1911 1068 1945 hem.
1094 1912 1135 1944 ad
1161 1911 1275 1943 Iulian.
1303 1911 1400 1943 Orat.
1427 1911 1452 1945 I.
1478 1922 1511 1953 p.
1538 1911 1603 1945 261

964 1967 1036 1998 sqq.
1083 1957 1171 1990 conf.
1219 1956 1517 1999 Wytteribacli.
1563 1957 1607 1990 ad

964 2002 1062 2035 eand.
1090 2014 1122 2045 p.
1147 2001 1224 2037 214.
1251 2002 1304 2034 ed.
1331 2002 1424 2045 Lips.
1451 2003 1606 2046 Iacobs

959 2048 1001 2080 ad
1023 2048 1142 2082 Achill.
1159 2048 1237 2082 Tat.
1254 2047 1374 2090 p.986.
1395 2048 1605 2081 Huschke

959 2095 1058 2126 Anal.
1088 2095 1170 2126 Crit.
1196 2105 1228 2135 p.
1259 2094 1331 2127 155.

1005 2140 1043 2173 C.
1078 2139 1165 2180 τάχ’
1193 2140 1244 2171 ἄν
1267 2151 1351 2170 που
1375 2140 1417 2170 ἐν
1440 2141 1604 2180 μέθαις

959 2204 1003 2209 ——
1027 2184 1342 2230 διεπράξαντο]
1378 2184 1407 2218 ll.
1442 2195 1470 2218 e.
1502 2185 1604 2218 facile

959 2231 1116 2264 accidere
1141 2235 1275 2273 potest,
1311 2235 1348 2262 ut
1379 2230 1411 2262 in
1437 2231 1603 2263 ebrietate

960 2277 1011 2309 vel
1037 2278 1102 2309 alia
1126 2275 1272 2318 quadam
1292 2276 1420 2307 incuria
1434 2276 1603 2308 ferocien-

958 2326 1011 2354 tes
1054 2323 1207 2364 ipsorum
1250 2322 1324 2362 equi
1363 2322 1495 2353 animos
1536 2331 1603 2353 non

959 2368 1042 2400 satis
1066 2367 1258 2399 custoditos
1273 2366 1530 2408 deprehendant
1541 2367 1603 2399 iis-

958 2414 1064 2454 quein
1078 2424 1182 2445 unum
1206 2412 1385 2445 conductis
1400 2412 1495 2453 illud,
1507 2411 1601 2454 quod

959 2460 1079 2500 vulgus
1129 2459 1364 2491 beatissimum
1412 2457 1601 2500 praedicat,

959 2504 1087 2546 eligant
1109 2509 1209 2546 atque
1238 2504 1422 2546 perficiant.
1463 2503 1603 2544 Quippe

958 2549 1145 2591 λαμβάνειν
1170 2549 1221 2581 hic
1237 2559 1377 2591 quoque
1391 2549 1437 2581 ita
1455 2548 1600 2589 dictum,

956 2599 994 2627 ut
1018 2595 1090 2628 fere
1115 2595 1205 2628 idem
1232 2596 1277 2627 sit
1301 2593 1391 2636 quod
1424 2594 1600 2635 καταλαμ-

954 2639 1087 2682 βάνεινε
1121 2640 1163 2673 de
1194 2652 1262 2683 qua
1286 2651 1321 2672 re
1347 2649 1435 2681 quae
1461 2639 1600 2681 scripsi-

955 2696 1029 2719 mus
1043 2686 1085 2718 ad
1104 2686 1210 2728 Gorg.
1231 2698 1263 2728 p.
1273 2685 1350 2719 473.
1369 2689 1403 2716 et
1420 2684 1599 2727 Rempnbl.
