1687 2969
362 120 778 168 PHAEDRUS.
812 122 861 162 Ρ.
894 126 973 164 2413
1007 123 1070 165 St.
1337 123 1389 163 93

64 248 134 288 καὶ
170 246 260 286 πᾶν
294 241 316 285 ὅ
357 258 393 285 rc
440 243 662 286 τοιοῦτον.
707 238 880 289 τούτοις
923 237 975 290 δὴ
1020 244 1222 299 τρέφεταί
1257 256 1301 282 τε
1335 241 1409 282 καὶ
1449 236 1486 277 E

67 312 243 363 αὒξεται
280 309 471 364 μάλιστα
507 306 557 352 τὸ
597 309 673 359 τῆς
707 308 852 366 ψυχῆς
885 311 1111 362 πτέρωμα,
1158 308 1322 362 αἰσχρῷ
1367 308 1410 348 δὲ

66 397 137 421 και
173 379 290 430 κακῷ
327 379 398 419 καὶ
439 384 528 426 τοῖς
560 378 776 424 ἐναντίοις
794 375 951 431 φθίνει
987 389 1032 416 τε
1067 377 1140 417 καὶ
1174 375 1412 418 διόλλυται.

63 445 86 489 ὸ
123 447 202 500 μὲν
240 442 292 496 δὴ
329 448 462 499 μέγας
497 439 667 498 ἡγεμών
702 445 748 484 ὲν
773 439 951 497 οὐρανῷ
969 437 1077 490 Ζεὺς
1095 439 1287 484 ἐλαύνων
1305 457 1414 493 πτη-

155 574 194 608 Ε,
243 570 438 603 ἐλαύνων
470 570 633 612 πτηνὸν
664 569 797 612 ἅρμα]
834 570 870 602 V.
904 569 1037 610 πτηνὸν
1066 569 1160 613 ἅρμα
1191 570 1339 601 ἐλαύνων
1365 571 1414 602 ἰη-

63 620 142 651 iltis
175 619 359 651 codicibus,

69 667 154 699 l‘lat.

68 712 130 744 1Ῑ-’4
157 722 205 752 sq.

411 618 490 650 Voc.
525 616 656 660 ἡγεμὼν
690 617 817 649 Groen.
851 626 912 648 van
947 616 1148 649 Prinsterer.

188 676 220 707 p.
249 664 324 697 161.
357 663 539 696 delendum
575 667 717 702 censet,
753 663 878 693 collato
915 663 990 693 loco
1025 663 1185 703 Sopliocl.
1226 661 1348 694 Ele-etr,
1384 671 1414 694 v.

252 709 324 742 Mc
350 709 450 741 liabet
475 709 554 741 illud
589 706 758 741 Plutarch.
787 718 818 749 p.
848 707 942 741 ¹102.
972 708 1009 740 E.

1205 616 1412 658 l’rosopogr.

1067 708 1137 740 Sed
1172 713 1288 739 tuetur
1323 707 1418 738 Dio-

66 768 154 798 nJS.
182 758 231 788 De
257 755 375 789 admir.
402 756 433 787 vi
461 756 556 789 Dein,
584 754 639 788 Vl.
666 765 698 796 p.
727 755 804 787 υἷι.
832 753 886 786 ed.
914 754 1030 788 Reisk.
1068 755 1123 796 qui
1149 765 1209 796 pro
1241 757 1285 796 τῷ
1311 753 1344 784 δὲ
1368 752 1416 786 ἳπ.

63 803 167 835 offert
190 804 255 834 τοῦ
281 802 317 832 ὸὲ
346 800 396 835 ἓπ.

65 893 168 925 aliis
201 893 332 924 rebus
369 891 575 923 cernitur.
635 891 710 924 Un—

66 940 116 971 de
151 947 442 980 consequens
475 941 563 976 est,
597 942 643 969 ut
668 936 708 968 τὸ

67 990 128 1026 τῆς
176 987 290 1025 ψνχῆς
337 985 496 1026 πτέρωμιι
550 982 710 1016 iisdem

68 1031 304 1063 nutriatur.
361 1029 397 1062 ln
430 1038 495 1070 qua
528 1039 711 1070 argumen-

67 1077 196 1109 tatione
222 1073 509 1108 rectissimeillud
536 1084 573 1106 se
598 1074 711 1113 babet,

65 1122 156 1164 quod
183 1122 331 1153 animum
365 1124 484 1153 natura
509 1130 573 1152 sua
597 1130 710 1153 rerum

73 1168 259 1200 divinarum
304 1175 463 1209 capacem
501 1176 577 1198 esse
617 1176 711 1198 com-

75 1222 272 1246 monemur:
299 1213 389 1244 unde
412 1211 488 1254 ipsa
512 1211 613 1244 etiam
637 1213 712 1243 alae

70 1271 137 1302 ope
158 1258 201 1290 ad
226 1268 282 1290 res
310 1257 442 1290 divinas
466 1258 590 1289 evolat.
623 1256 711 1290 conf.

69 1305 156 1337 infra
190 1315 223 1346 p.
248 1303 327 1337 248.
363 1303 402 1337 Β.
429 1303 468 1336 C.
521 1303 559 1335 ln
595 1302 713 1335 ordine

70 1351 251 1383 verborum
277 1359 343 1382 non
361 1353 414 1381 est
429 1348 522 1390 quod
535 1349 608 1390 quis
634 1348 712 1381 liae-

71 1401 154 1430 reat.
202 1396 314 1428 Recte
340 1395 426 1427 enim
453 1397 546 1439 ψυχῇ
572 1395 603 1426 in
622 1396 715 1427 clau-

73 1444 148 1474 sula
187 1441 348 1484 positum.
416 1444 527 1482 Atque
566 1439 649 1473 llaec
687 1440 714 1472 si

69 1488 291 1530 probabiliter
337 1487 598 1529 explicavimus,
655 1496 716 1518 cur

70 1532 186 1575 ψυχή,
215 1532 308 1573 quod
341 1542 460 1564 omues
492 1531 592 1566 codd.
618 1537 715 1564 tuen-

72 1585 146 1618 tur,
171 1588 238 1610 non
263 1584 394 1610 temere
419 1577 616 1610 eiiciendum
643 1577 716 1610 fue-

73 1626 126 1662 rit,
154 1625 237 1656 satis
262 1628 421 1656 constare
447 1623 660 1656 arbitramur.

119 1669 158 1702 Ε.
213 1667 230 1700 ὁ
267 1671 341 1711 μὲν
374 1668 422 1709 δὴ
460 1671 594 1711 μέγας
625 1667 716 1710 ἡγε-

72 1714 157 1757 μών
189 1714 254 1757 -]
297 1715 410 1746 Locus
447 1715 590 1747 multum
625 1716 716 1746 cele-

74 1762 190 1794 bratus
228 1771 247 1792 a
291 1760 440 1803 posteris
477 1761 714 1802 scriptoribus,

75 1817 176 1849 quem
204 1806 292 1838 ridet
310 1810 450 1849 propter
466 1806 602 1838 nimiam
617 1816 717 1847 gran-

75 1854 215 1885 ditatem
261 1856 295 1884 et
341 1852 509 1884 sermonis
553 1853 718 1894 ampullas

75 1898 298 1931 Lucianus
331 1898 460 1932 Piscat.
499 1901 531 1939 ξ.
556 1898 610 1932 22.
643 1897 720 1929 vBis

77 1948 203 1978 Ancus.
233 1944 261 1985 ᾗ.
287 1943 341 1978 33.
375 1944 450 1985 quia
488 1943 721 1986 ditliyrambici

76 1989 238 2031 quiddam
296 1989 439 2030 habeat,
504 1989 723 2031 reprehendit

80 2036 319 2077 Dionysius
365 2035 460 2069 Hal.
510 2036 561 2068 De
602 2035 722 2067 admir.

79 2082 110 2113 vi
135 2081 353 2115 Demosthe-i.
379 2081 421 2115 T.
447 2081 504 2116 vl.
530 2092 562 2123 p.
579 2080 640 2116 971
671 2090 721 2121 sq.

78 2126 131 2160 ed.
158 2127 276 2161 Reisk.
324 2127 490 2159 Nimirum
521 2127 724 2160 describitur

78 2172 146 2204 rita
193 2173 333 2205 deorum
382 2177 484 2214 atque
531 2175 723 2205 animorum

84 2218 258 2257 coelestis,
282 2219 330 2250 ita
355 2223 393 2250 ut
417 2220 514 2251 simul
540 2219 643 2251 etiam
670 2223 726 2249 to-

81 2265 148 2295 tius
186 2273 299 2296 rerum
341 2265 567 2297 universitatis
612 2266 725 2304 imago

82 2319 121 2340 ac
157 2308 282 2349 pictura
319 2309 528 2343 exhibeatur.
585 2310 726 2341 Summa

84 2355 322 2395 disputationis
355 2355 438 2388 llaec
472 2362 536 2390 est.
585 2354 726 2388 Duode-

83 2401 148 2431 cim
174 2398 218 2430 dii
248 2399 326 2432 love
352 2400 438 2433 duce
463 2402 602 2444 singulis
627 2411 727 2443 prae-

83 2444 163 2477 t'ecti
210 2445 397 2485 agminibus
439 2458 458 2479 e
498 2448 603 2479 domo
652 2456 725 2484 sua,

84 2500 184 2531 quarn
232 2492 331 2522 testa
362 2491 490 2525 interea
524 2496 659 2533 servat,
692 2492 725 2522 in

85 2537 218 2568 coelum
245 2545 363 2567 versus
377 2538 645 2578 proficiscuntur.
681 2536 727 2568 Et

84 2582 168 2614 iutra
193 2581 280 2613 coeli
305 2581 443 2622 quidem
468 2584 630 2616 terminos
661 2584 726 2625 (ἐν.

83 2626 146 2663 τὸς
169 2630 234 2658 τοῦ
259 2625 430 2671 οὐρανοῦ)
445 2631 550 2662 multa
575 2633 610 2662 et
626 2629 725 2661 beata

84 2676 163 2705 sunt
197 2682 315 2704 eorum
354 2676 569 2715 spectacula,
612 2674 725 2716 sequi-

84 2722 205 2759 turque
230 2718 364 2760 agmina
389 2719 574 2762 quicunque
606 2725 639 2753 et
655 2720 726 2751 vult

779 895 813 922 et
838 895 962 932 potest.
1013 889 1083 922 Sed
1115 900 1219 931 quum
1247 890 1290 921 flii
1317 890 1419 932 profi-

777 937 950 968 ciscuntur
974 936 1015 968 ad
1042 939 1178 978 epulas,
1204 946 1291 977 qnae
1315 946 1422 978 snpra

781 982 868 1014 coeli
909 983 1070 1014 fornicem
1116 982 1331 1014 celebrantur
1364 983 1421 1013 iis·-

780 1038 845 1069 que
871 1034 1045 1059 aeternnm
1074 1028 1237 1069 praebent
1263 1029 1419 1069 pabulum

781 1075 896 1115 (Plato
922 1074 1070 1105 idearum
1099 1074 1420 1115 contemplationem

781 1120 976 1161 significat),
1004 1124 1074 1152 tum
1101 1130 1181 1152 vero
1208 1121 1269 1151 sub
1288 1120 1423 1153 coeles-

782 1171 848 1197 tem
879 1165 1042 1197 fornicem
1069 1175 1130 1207 per
1154 1165 1283 1196 acclive
1302 1175 1423 1197 escen-

781 1211 880 1250 dunt,
917 1215 955 1242 ut
987 1211 1053 1243 iter
1085 1211 1143 1242 fiat
1176 1211 1423 1244 difficillimum.

782 1256 827 1288 Et
877 1256 1021 1288 deorum
1069 1256 1206 1297 quidem
1258 1256 1423 1296 vehicula,

779 1302 856 1344 quia
881 1307 1017 1334 servant
1048 1303 1278 1344 aequilibrium
1310 1313 1350 1334 ac
1373 1302 1424 1335 fa-

782 1348 846 1380 cile
869 1347 970 1381 frenis
998 1355 1178 1390 reguntur,
1204 1350 1294 1381 nullo
1321 1359 1424 1390 nego-

783 1394 830 1425 tio
861 1394 892 1426 in
926 1405 1019 1432 eum,
1062 1395 1094 1426 in
1138 1405 1239 1435 quem
1282 1399 1425 1426 conten-

784 1439 887 1480 dunt,
916 1442 1028 1472 locum
1057 1440 1276 1482 perveninnt3
1310 1445 1425 1472 cetera

782 1491 895 1518 autem
932 1497 1034 1527 aegre
1068 1486 1188 1518 eodem
1225 1486 1426 1526 exeluintur,

784 1532 860 1573 quia
887 1542 992 1573 equus
1019 1532 1074 1563 ille
1104 1543 1169 1564 non
1198 1542 1320 1574 expers
1349 1542 1426 1574 pra-

784 1578 909 1616 vitatis,
936 1578 962 1608 si
988 1579 1156 1610 nonsatis
1184 1578 1334 1610 domitus
1360 1582 1425 1616 est,

783 1633 846 1664 pro
878 1623 1010 1663 ingenio
1042 1633 1103 1655 suo
1140 1624 1290 1655 lubenter
1322 1623 1428 1655 fertur

783 1668 958 1702 deorsum.
1008 1669 1077 1700 lam
1105 1679 1187 1700 vero
1217 1669 1427 1701 immortales

784 1715 910 1753 animi,
936 1715 989 1756 qui
1015 1716 1155 1746 deorum
1186 1718 1277 1754 sunt,
1304 1715 1358 1746 nbi
1383 1714 1426 1745 ad

785 1770 916 1792 summa
973 1766 1199 1803 pervenerunt
1245 1757 1432 1798 cacumina,

787 1806 950 1838 continuo
1000 1807 1169 1846 superatis
1208 1807 1295 1838 coeli
1337 1806 1433 1838 buius

788 1851 948 1884 mundani
985 1852 1106 1884 finibus
1145 1852 1177 1884 in
1217 1852 1322 1884 dorso
1360 1853 1433 1884 eius

789 1898 989 1932 consistunt.
1055 1898 1144 1929 Hinc
1191 1903 1304 1930 autem
1341 1899 1432 1930 circa

787 1944 920 1976 coelum
963 1949 1129 1986 aguntur,
1169 1948 1273 1985 atque
1319 1948 1434 1976 mente

790 1995 825 2021 et
849 1990 979 2022 ratione
1002 2001 1054 2030 ea,
1080 1999 1166 2031 quae
1188 1995 1282 2022 extra
1299 1992 1432 2021 coelum

790 2040 882 2073 sunt,
906 2037 1066 2077 speciant
1088 2042 1120 2068 et
1137 2036 1323 2068 intuentur:
1347 2045 1435 2076 quae

791 2081 947 2122 quoniam
981 2082 1012 2113 in
1045 2092 1082 2113 se
1114 2091 1192 2113 vera
1226 2087 1303 2112 sunt
1329 2086 1435 2122 atque

792 2127 966 2167 absoluta,
993 2127 1091 2158 etiam
1119 2126 1303 2168 perfectam
1332 2126 1436 2158 menti

793 2173 938 2204 afferunt
979 2173 1152 2204 scientiam
1196 2178 1230 2203 et
1265 2173 1435 2211 cognitio-

793 2229 882 2251 nem.
928 2217 1101 2251 Quocirca
1133 2217 1232 2249 animi
1261 2218 1435 2250 immorta-

793 2265 843 2296 les
885 2264 951 2295 illic
986 2263 1156 2295 intuentur
1191 2263 1297 2305 ipsam
1336 2264 1435 2295 insti-

794 2310 894 2348 tiam,
923 2309 1194 2352 temperantiam,
1221 2310 1436 2351 sapientiam,

794 2355 825 2386 in
851 2366 887 2385 se
912 2355 1102 2386 absolutam
1138 2359 1172 2386 et
1202 2355 1244 2386 ab
1270 2356 1361 2387 omni
1390 2355 1438 2386 »i-

795 2400 997 2431 cissitudinis
1035 2400 1259 2432 inconstantia
1299 2401 1438 2433 liberam

794 2450 896 2486 atque
911 2446 1106 2480 immunem.
1152 2446 1358 2479 Circumacti
1377 2456 1439 2478 au-

794 2496 863 2523 tem
902 2495 936 2523 et
969 2501 1084 2523 rursus
1117 2492 1147 2523 in
1182 2493 1361 2534 pristinum
1389 2494 1440 2525 lo-

795 2546 871 2568 cum
897 2537 1023 2568 reversi
1049 2538 1134 2570 intra
1160 2539 1247 2570 coeli
1273 2538 1439 2570 terminos

797 2582 1018 2623 submergunt
1045 2583 1254 2625 redeuntque
1285 2585 1438 2622 domum,

794 2628 848 2659 ubi
890 2628 966 2668 equi
1005 2629 1177 2660 ambrosia
1226 2634 1261 2661 et
1303 2635 1441 2662 nectare

794 2678 985 2715 pascuntur.
1034 2674 1113 2707 Hoc
1152 2674 1225 2707 fere
1260 2684 1440 2716 argumen-

794 2723 864 2751 tum
891 2723 946 2752 est
971 2721 1075 2753 totius
1106 2720 1182 2761 loci,
1207 2721 1263 2762 qui
1291 2730 1438 2761 quomo-
