1687 2969
473 177 714 216 GORGIAS.

745 178 788 214 P.
821 180 913 214 492.
944 177 1002 214 ed.
1035 177 1091 214 St.
1377 178 1455 211 229

112 285 334 327 ἐπαινοῦσι
363 285 442 340 τὴν
470 286 756 339 σωφροσύνην
784 285 851 325 καὶ
883 300 960 338 την
981 284 1256 336 δικαιοσύνην
1284 282 1353 324 δια
1375 281 1454 335 τὴν
1484 283 1522 325 Β

109 350 250 391 αὐτῶν
279 352 526 402 ἀνανδρίαν.
558 350 645 392 ἐπεί
673 364 718 402 γε
748 345 810 397 οἷς
841 348 880 399 ἐξ
910 350 1037 402 ἀρχῆς
1068 349 1250 401 ὑπῆρξεν
1278 348 1303 401 ἢ
1335 349 1455 399 βασι-

108 415 216 456 λέων
245 415 380 457 υἱέσιν
421 412 528 456 εἶναι
567 416 592 469 ἢ
631 414 798 473 &9225
827 422 877 468 τῆ
917 415 1043 465 φύσει
1082 413 1256 460 ἵκανοὶνς
1294 412 1458 462 ἐκπορί-

107 485 267 521 σασθαι
309 481 442 534 ἀρχήν
478 495 573 520 τινα
612 480 637 533 ἢ
677 480 912 530 τυραννιδα
952 479 976 531 ἢ
1017 479 1289 525 δυναστεί,αν

107 546 286 600 ἀληθείᾳ
316 546 479 598 αἴσχιον
506 544 577 586 καὶ
606 545 755 585 κάκιον
783 544 844 598 εἴη
873 545 1156 596 σωφροσύνης
1176 543 1459 598 ζηοηύζοιλςυρτᾫοζς

107 611 380 662 α’νθρώποιςς
422 605 485 657 οἷς
515 607 608 660 ἐξὸν
637 609 868 650 ἀπολαύειν
908 611 992 650 τῶν
1021 609 1200 661 ἀγαθῶν
1240 606 1309 648 καὶ
1337 608 1456 660 μηδε-

112 676 184 723 νὸς
213 673 410 728 ἐμποδὼν
439 666 576 723 dil-tog.
607 674 725 715 αὐτοὶ
757 672 924 722 ἑαυτοῖς
946 675 1155 726 δεσπότην
1175 671 1457 725 ἐπαγάγοιντο

107 741 182 781 τὸν
210 742 296 780 τῶν
323 742 492 780 πολλῶν
522 740 768 790 ἀνθρώπων
797 740 932 791 νόμον
961 754 1003 779 τε
1033 737 1101 779 καὶ
1127 740 1256 790 λόγον
1284 737 1353 778 καὶ
1382 737 1457 783 wd-

1330 493 1364 517 Τί
1408 484 1457 530 ΤῘ]

175 882 224 916 οὐ
265 883 505 923 δυνάμενοι
549 884 655 925 enm]
706 885 745 916 V.

110 931 186 963 Par.
211 930 292 962 EF.
317 930 386 961 fere
412 930 580 961 omnibus.

175 975 214 1006 B.
261 974 412 1006 κάκιον
451 975 520 1016 εἴη
562 972 861 1015 σωςπροσῦννς

386 1020 431 1051 Et
463 1020 511 1050 ita
543 1024 642 1051 antea
674 1025 854 1060 utrumque
888 1018 1120 1060 coniungebat
1146 1017 1326 1048 Callicles.
1362 1016 1457 1048 ἐπαι-

111 1075 208 1096 ιουσι
234 1062 294 1107 τὴν
322 1063 563 1106 σωφροσιῂιηι
594 1065 647 1095 καὶ
676 1062 735 1105 τὴι
761 1062 990 1105 δικαιοσιιηι,
1027 1074 1065 1094 ac
1091 1063 1267 1104 deinceps:

110 1111 213 1142 καλοῦ
239 1113 294 1152 τῆξ,
321 1107 543 1151 δικαιοσύιης
567 1111 621 1141 καὶ
650 1113 705 1150 τῆ
733 1107 969 1150 σωσροσιίι

110 1156 188 1187 &sav
212 1156 266 1186 καὶ
293 1152 511 1195 δικαιοσύνης
537 1155 591 1185 καὶ
617 1153 767 1195 ‚anderes
794 1152 991 1191 ἐ,ιι.-ιοδώι”
981 1166 1081 1186 ι)]’5·το

109 1018 288 1051 δικαιοσύι
283 1030 339 1061 ης.

784 884 856 915 durs.
890 882 930 915 01’v
965 883 992 914 δ.
1033 883 1151 914 invitis
1190 882 1285 914 codd.
1326 887 1459 924 praeter

871 973 880 1016 ]
930 973 1022 1005 Flor.
1056 984 1088 1004 x.
1124 970 1361 1013 σωφροσύνης
1402 972 1457 1002 καὶ

1310 1074 1375 1093 (πυ
1401 1067 1459 1093 ῙΟὕ

1017 1109 1106 1139 Edit.
1125 1109 1201 1139 Bas.
1218 1108 1255 1139 );
1284 1110 1350 1139 τῶι
1374 1104 1456 1148 ἀγα-

1142 1153 1246 1184 &ides
1272 1152 1377 1183 verba
1403 1154 1456 1183 καὶ

109 1198 329 1242 δικαιοσύνης
352 1200 465 1231 alieno
498 1200 574 1232 loco
607 1210 681 1231 esse
714 1199 931 1240 interposita:
965 1199 1087 1230 erroris
1118 1199 1246 1229 fontem
1278 1199 1345 1229 ian]
1370 1199 1458 1229 Rou-

109 1246 200 1276 thius
225 1245 364 1276 detexit.
406 1244 511 1276 Nolui
535 1250 649 1276 tamen
674 1255 767 1276 nunc
792 1245 909 1275 invitis
935 1245 1058 1275 ceteris
1085 1243 1182 1277 codd.
1210 1243 1299 1274 istud
1327 1243 1380 1274 καὶ
1409 1244 1456 1274 ὸι-

111 1288 256 1322 καιοσύι
259 1302 298 1331 ης
321 1289 481 1331 recipere.

176 1336 243 1366 καὶ
270 1332 462 1376 μηδενὸς
487 1332 693 1373 ἐμποδών
720 1331 764 1365 ὅι
775 1346 838 1365 το
834 1334 860 1376 ]
888 1336 954 1371 καί,
980 1333 1069 1374 quod
1085 1333 1181 1366 codd.
1201 1333 1302 1375 longe
1319 1333 1458 1374 plurimi

109 1391 186 1412 eum
213 1380 327 1412 Cla1k.
354 1380 431 1411 Vat.
458 1364 561 1411 Coisl.
596 1386 628 1411 et
652 1380 737 1411 Ven.
769 1378 809 1410 Σ.
834 1385 985 1419 tuentur,
1011 1379 1046 1409 in
1072 1384 1152 1410 vett.
1178 1378 1270 1410 editt.
1295 1379 1458 1409 omissum

108 1490 290 1524 verborum
315 1491 483 1523 connexio
515 1501 581 1532 quo
614 1491 752 1522 facilius

109 1541 305 1589 appareret,
339 1542 418 1568 ante
442 1534 527 1575 ὅπερ
561 1536 637 1567 loco
663 1547 752 1567 com—

112 1588 212 1613 matis
235 1592 398 1612 malorem
432 1581 531 1622 posui
567 1580 753 1612 distinctio-

111 1638 199 1658 nem
248 1627 334 1658 Nam
369 1626 474 1668 vulgo
513 1626 597 1658 haec
634 1637 750 1667 perpe-

110 1682 183 1703 ram
214 1671 471 1713 distinguuntur
506 1672 574 1702 sic:
605 1689 648 1693 —
692 1670 752 1712 τὴν

113 1715 313 1754 &uolam-az
340 1714 423 1756 ὅπερ
444 1734 487 1738 -
506 1716 643 1758 ἑλεγοι·
670 1702 750 1747 Boi-

114 1760 273 1800 lot'yezoz
312 1773 339 1792 κ.
382 1773 405 1792 τ.
441 1762 467 1792 λ.
538 1761 668 1791 Vitium
710 1772 752 1792 ex

112 1812 207 1849 parte
261 1806 400 1837 sustulit
446 1806 479 1837 H
489 1817 506 1838 e
515 1806 525 1836 i
536 1817 557 1836 n
568 1806 587 1837 d
598 1817 616 1837 o
625 1817 640 1837 r
651 1806 682 1836 fi
691 1816 713 1836 u
724 1816 750 1844 s,

112 1852 172 1893 qui
201 1856 279 1893 post
303 1851 422 1892 ἔλεγον
452 1856 619 1883 commate
650 1852 752 1882 inter-

111 1898 254 1939 punxit,
280 1901 360 1927 ante
386 1894 471 1936 ὅπερ
506 1897 673 1928 minorem
705 1896 751 1926 di-

112 1942 331 1975 stinctionem
354 1941 503 1982 reliquit.
555 1942 668 1981 Quum
693 1951 751 1972 au-

112 1994 178 2018 tem
213 1987 298 2018 haec
330 1986 520 2017 inserviant
550 1987 664 2017 verbis
699 1997 751 2017 su-

112 2031 302 2073 perioribus
317 2032 511 2062 accuratius
526 2031 752 2070 illustrandis,

113 2087 211 2108 nemo
236 2076 319 2114 erit,
349 2077 486 2116 opinor,
519 2077 577 2117 qui
602 2076 753 2108 scriben-

113 2122 191 2153 dum
219 2121 392 2162 opinetur:
428 2119 511 2160 ὅπερ
548 2118 596 2163 γά
610 2132 626 2161 ρ
663 2120 703 2151 ἐν
728 2133 751 2152 τ.

114 2178 169 2207 πρ.
204 2163 270 2208 ἐγώ
302 2165 431 2207 ἔλεγον.
472 2176 502 2196 v.
536 2166 671 2197 Indic.
711 2166 753 2196 ad

112 2212 151 2243 T.
172 2212 197 2242 I.
215 2223 240 2243 s.
266 2221 297 2241 v.
322 2210 598 2252 Asyndeton.
630 2210 752 2241 Paullo

115 2262 193 2288 ante
217 2254 410 2296 αἰσχρὸν
443 2253 492 2297 δή
527 2265 662 2295 φασιν
686 2262 752 2286 est:

114 2309 281 2342 turpem
343 2300 525 2331 scilicet
593 2299 754 2331 dieunt.

114 2345 228 2378 Habet
251 2346 342 2377 enim
368 2343 410 2387 δή
433 2345 563 2377 ironiae
585 2345 755 2386 significa-

115 2392 253 2429 tionem,
276 2395 315 2421 ut
339 2391 540 2422 sexcenties.

161 2435 493 2474 ἐκπορίζεσθαι
530 2439 620 2468 ταῖς
662 2432 754 2477 ἡδο-

118 2485 216 2513 ναῖς
242 2477 480 2523 πλήρωσιν]
506 2481 550 2511 H.
570 2491 598 2511 e.
622 2480 754 2511 ullam

115 2526 334 2557 rationem
354 2526 518 2565 explen
531 2525 677 2557 darum
694 2535 756 2556 cu-

116 2570 352 2610 piditatum
392 2570 608 2602 invenire.
662 2570 756 2600 Infra

117 2626 147 2656 p.
187 2613 262 2646 494.
311 2614 355 2645 C:
401 2611 459 2647 τὰς
490 2633 532 2638 -
569 2615 756 2652 ὲπιθνμιά5

117 2658 252 2693 ἁπάσας
277 2677 320 2681 -
347 2659 511 2700 πληροῦν

160 2706 198 2736 B.
218 2703 316 2735 ἐπεί
339 2714 387 2746 γε
412 2701 539 2745 οἶςέξ
561 2702 755 2746 ἀρχῆ5“-]

822 1492 874 1523 De
900 1491 1095 1522 accusativo
1120 1495 1197 1531 post
1214 1490 1368 1521 dativum
1386 1490 1459 1521 illa-

822 1542 855 1567 to
880 1547 910 1567 v.
930 1542 1063 1577 praeter
1087 1536 1173 1567 alios
1197 1535 1388 1567 Elmslei.
1416 1536 1459 1567 ad

821 1582 939 1622 Eurip.
965 1581 1137 1613 Heraelid.
1162 1591 1194 1612 v.
1211 1579 1286 1612 693.
1311 1580 1353 1612 ad
1367 1580 1459 1612 Med.

819 1637 850 1667 p.
886 1624 958 1657 169.
992 1632 1061 1657 not.
1095 1625 1125 1657 9.
1159 1627 1246 1656 Ast.
1280 1625 1322 1656 ad
1353 1627 1459 1668 Legg.

820 1682 850 1712 p
888 1670 1110 1703 1581105113
1150 1670 1191 1702 ad
1233 1671 1388 1712 Sympos.
1428 1681 1458 1711 p

822 1715 895 1748 176.
922 1717 964 1747 D.
988 1716 1214 1747 Matthiae.
1241 1717 1268 1754 5.
1291 1714 1366 1747 536.
1394 1717 1458 1746 Pro

822 1760 902 1791 ἐπει
921 1772 959 1801 γε
984 1757 1037 1793 οἷς
1062 1771 1103 1791 ne
1129 1761 1204 1801 quis
1228 1771 1306 1791 cum
1331 1761 1457 1792 Hein

821 1806 964 1838 dorfio
999 1805 1218 1837 scribendum
1258 1810 1353 1846 putet
1385 1805 1458 1836 ἐπει

822 1848 874 1884 οἷς
905 1862 959 1892 γε,
993 1850 1139 1893 legenda
1172 1856 1223 1882 est
1251 1850 1365 1882 brevis
1399 1851 1460 1881 illa

822 1897 945 1927 Herm
958 1897 1061 1927 anni
1087 1896 1263 1927 annotatio
1289 1896 1331 1927 ad
1345 1896 1458 1937 Viger.

821 1952 852 1983 p.
878 1940 952 1973 785.

867 1988 906 2017 τί
935 1989 978 2027 τῇ
1011 1983 1200 2027 ἀληθείᾳ
1232 2004 1275 2008 —-
1307 1985 1461 2017 κάκιον

821 2030 902 2073 εἴη]
923 2031 1024 2072 quid
1048 2031 1144 2072 quis
1169 2035 1293 2072 putet
1310 2041 1461 2062 revera

822 2077 996 2117 turpius
1021 2086 1114 2107 esse
1139 2082 1202 2108 etc.
1227 2076 1278 2107 Ne
1303 2075 1379 2116 quis
1403 2075 1460 2106 hic

823 2126 854 2152 et
879 2122 915 2152 in
946 2121 1111 2162 proximis
1138 2118 1177 2151 ἄν
1208 2120 1393 2157 desideret,
1429 2131 1460 2150 v.

823 2176 909 2206 quae
941 2165 975 2196 id
1006 2176 1114 2208 genus
1156 2165 1226 2196 alia
1260 2165 1462 2206 collegimus

823 2210 864 2242 ad
896 2209 1067 2241 Alcibiad.
1108 2211 1130 2241 Ι.
1172 2221 1204 2251 p.
1240 2208 1314 2242 132.
1348 2211 1385 2242 B.
1429 2216 1460 2241 et

823 2255 964 2287 Lachet.
1002 2266 1033 2296 p.
1076 2253 1150 2287 190.
1183 2256 1219 2286 Β.
1279 2255 1461 2296 Optativus

824 2301 897 2332 sine
922 2298 964 2330 liv
1004 2299 1173 2341 quomodo
1216 2299 1462 2342 intelligendus

824 2346 885 2383 sit,
918 2346 1077 2385 exposuit
1100 2346 1378 2376 Hermannus
1408 2346 1461 2375 De

823 2394 908 2431 part.
948 2388 992 2420 ἄν
1028 2400 1060 2430 p.
1100 2388 1174 2422 157.
1214 2390 1303 2421 conf.
1346 2390 1461 2421 Rost.

826 2435 883 2466 Gr.
910 2436 939 2473 5.
966 2433 1040 2466 120.
1067 2434 1338 2476 Bernhardy.
1365 2435 1461 2475 Synt.

824 2491 855 2521 p.
880 2478 957 2532 411.
1003 2479 1121 2511 Facile
1144 2484 1259 2511 tamen
1287 2480 1462 2521 scripseris

825 2522 1011 2589 -ὰ1·ει,ἠ.

872 2566 939 2601 οἶ5·
965 2566 1067 2609 ἐξὸν
1092 2567 1153 2600 ἀπ,
1173 2568 1228 2611 —]
1256 2569 1365 2600 Casus
1390 2579 1463 2609 pio-

826 2614 974 2645 nominis
993 2625 1084 2646 more
1111 2615 1180 2645 fexe
1196 2614 1370 2645 constanti
1388 2624 1461 2654 par-

825 2659 940 2700 ticipio
965 2659 1241 2690 accommodatus
1263 2663 1324 2697 est,
1359 2668 1462 2699 quum

825 2703 962 2735 deberet
1002 2703 1106 2735 verbo
1137 2704 1253 2743 finito,
1292 2704 1358 2734 hoc
1393 2703 1463 2735 fere
