1687 2969
241 153 319 187 256
798 151 1061 190 PLATONIS

239 259 535 312 μνημονεύεις,
578 259 642 300 ὅτι
681 256 765 300 εἶεν
794 260 1059 312 παρασκευαὶ
1087 261 1132 301 αἱ
1156 259 1233 314 μὲν
1261 260 1379 315 μέχρι
1407 262 1578 316 ἡδονῆς,

239 325 344 364 αὐτὸ
384 331 510 365 τοῦτο
549 325 685 377 μόνον
721 328 1144 377 παρασκευάζουσαι,
1185 327 1419 378 ἀγνοοῦσαι
1461 327 1580 369 δὲτὸ

239 387 404 440 βέλτιον
432 389 503 429 καὶ
530 391 576 430 τὸ
605 393 765 443 χεῖρον,
805 392 850 431 αἱ
876 391 919 432 δὲ
948 389 1264 444 γιγνώσκουσαι
1294 388 1317 432 ὅ
1345 407 1384 432 τι
1410 407 1454 433 τε
1483 393 1582 446 dyoc—

237 454 322 495 θὸν
349 453 418 495 καὶ
448 454 471 495 ὅ
499 470 538 494 τι
564 456 718 496 κακόν·
759 456 828 496 καὶ
867 455 1015 509 ἐτίθην
1043 460 1128 498 τῶν
1156 456 1233 511 μὲν
1261 456 1353 508 περὶ
1384 456 1459 504 τὰς
1485 457 1582 511 ἠδο-

237 518 314 567 νὰς
352 517 430 573 τὴν
459 520 706 573 μαγειρικὴν
736 521 858 573 [κατὰ
888 521 934 562 τὸ
964 523 1098 575 σῶμα]
1129 520 1367 575 ἐμπειρίαν,
1412 517 1496 562 ἀλλ’
1529 523 1581 563 οὐ

236 582 406 637 τέχνην,
445 587 529 625 τῶν
568 584 612 626 ὁῗε
650 586 743 638 περὶ
783 587 830 626 τὸ
871 587 1042 639 ἀγαθὸν
1082 585 1160 640 τὴν
1200 586 1391 641 ἰατρικὴν
1420 585 1581 641 τέχνην.

235 649 305 690 καὶ
342 650 449 699 πρὸς
490 652 658 702 φιλίου
699 645 731 691 ὦ
762 652 1032 700 Καλλίκλεις,
1072 653 1172 705 μήτε
1212 653 1339 701 αὐτὸς
1368 652 1463 693 οἴου
1493 653 1609 694 δεῖν.

235 715 341 766 ποὸς
369 730 437 768 εμε
466 716 641 766 παίζειν.
671 713 766 770 μηδ’
794 716 816 757 ὅ
848 732 885 757 τι
914 717 968 757 ἂν
995 717 1121 771 τύχῃς
1148 717 1263 777 παοὰ
1291 717 1341 758 τὰ
1370 718 1582 759 δοκοῦντα

237 781 473 832 ἀποκρίνου
513 781 603 834 μήτ
647 784 699 821 αὐ
736 797 787 822 τα
827 778 920 834 παο’
962 781 1066 835 ἐμοῦ
1107 798 1240 831 οιτως
1282 782 1495 837 ἀποδέχου
1525 784 1581 832 ὡς

235 847 469 896 παίζοντος.
496 846 598 898 ὁρᾷς
616 846 711 899 γὰρ.
743 843 806 887 ὅτι
826 846 920 897 περὶ
939 848 1096 888 τούτου
1119 846 1222 887 εἰσιν
1252 847 1351 901 ἡμῖν
1380 848 1422 889 οἵ
1446 849 1579 901 λόγοι,

236 905 287 952 οὗ
323 912 363 952 τί
391 911 444 951 ἂν
471 914 633 964 μαλλον
662 910 911 952 σπουδάσειε
941 927 1002 960 τις
1030 911 1100 953 καὶ
1129 912 1307 965 σμικοὸν
1335 919 1444 954 νοῦν
1473 911 1578 967 ἔχων

302 1013 339 1043 Ρ.
364 1010 439 1044 500.
488 1012 525 1042 B.
573 1011 668 1063 μὲχ
659 1025 696 1043 ιι
730 1010 835 1054 ἡόοι
845 1011 908 1054 ῆς]
942 1012 998 1043 Sic
1024 1022 1101 1044 cuin
1127 1012 1242 1045 Clark.
1268 1018 1301 1045 et
1325 1013 1402 1045 Vat.
1425 1013 1579 1055 plerique

235 1067 361 1088 omnes.
408 1056 522 1099 Vulgo
548 1056 660 1098 μὲχιις
685 1054 736 1099 ήδ.
762 1068 793 1091 v
819 1058 862 1089 ad
886 1058 1001 1099 Symp.
1028 1069 1053 1089 c,
1078 1056 1130 1090 29.

302 1104 370 1133 καὶ
397 1102 499 1133 ἑτίθ
511 1101 579 1144 ηπ]
605 1103 702 1134 Haec
727 1109 777 1134 est
802 1104 970 1144 scriptura
987 1103 1100 1134 Cla1k.
1127 1103 1203 1137 Vat.
1228 1103 1330 1134 Vind.
1355 1103 1385 1135 1.
1409 1102 1436 1136 6.
1473 1103 1576 1136 Coisl.

233 1159 252 1179 a
277 1159 324 1189 pr.
351 1159 394 1179 m.
426 1149 502 1179 Par.
528 1148 618 1179 FW.
643 1159 663 1179 a
687 1158 754 1180 sec.
779 1159 820 1178 m.
847 1148 943 1180 Bodl.
986 1148 1098 1190 Vulgo
1124 1154 1197 1180 erat
1221 1147 1377 1180 ἐτίθουν.
1402 1148 1493 1180 Flor.
1510 1150 1532 1180 f.
1552 1160 1576 1180 s.

232 1194 308 1225 Par.
335 1194 374 1226 E.
400 1199 433 1224 et
457 1204 476 1224 a
500 1204 549 1234 pr.
573 1204 616 1224 m.
649 1194 724 1225 Par.
750 1194 841 1225 FW.
866 1193 1008 1224 ἑιίθειικ
1056 1194 1146 1225 Dein
1177 1195 1282 1225 verba.
1314 1192 1394 1225 κατὰ
1420 1191 1454 1225 τὸ
1483 1198 1577 1232 σῶμα

233 1250 297 1270 om.
323 1238 437 1270 Clark.
463 1239 540 1270 Vat.
566 1239 651 1271 Ven.
677 1239 715 1270 Σ.
749 1238 849 1270 vind.
874 1238 904 1272 2.
930 1238 1026 1270 Bodl.
1051 1240 1139 1280 Aug.
1166 1239 1260 1271 Stob.
1282 1245 1381 1271 recte.
1420 1239 1579 1271 Fluxisse

232 1284 391 1315 videntur
422 1294 464 1314 ex
500 1284 616 1325 inepto
647 1284 863 1325 glossemate.
908 1284 1021 1315 Eiecit
1045 1284 1145 1315 etiam
1170 1285 1357 1316 Hermann.
1394 1285 1575 1326 Hissingk.

233 1329 437 1362 Animadvv.
464 1330 552 1360 critt.
578 1340 609 1370 p.
629 1327 682 1363 47,
707 1330 797 1361 facta
822 1329 1085 1370 transpositione
1109 1329 1326 1361 scribendum
1351 1333 1485 1361 censet:
1510 1333 1576 1361 τῶν

231 1375 295 1413 μὲι·
329 1374 407 1414 περὶ
443 1371 499 1407 τὰς
533 1372 662 1416 ἡδονὰς
697 1373 753 1407 τὰς
786 1374 868 1405 κατὰ
893 1373 926 1405 τὸ
955 1378 1050 1412 σῶμα
1076 1374 1135 1416 τὴν
1159 1372 1358 1417 μαγειρικὴν
1383 1373 1575 1413 ἐμπειρίαν.

232 1420 297 1451 Sed
330 1420 385 1451 vel
419 1420 467 1450 sic
491 1420 632 1450 moleste
656 1420 824 1451 redundat
848 1419 938 1451 istud
963 1419 1241 1451 additamentum.
1289 1421 1333 1451 Et
1357 1430 1414 1451 cur
1438 1420 1575 1452 tandem

230 1465 294 1497 hac
326 1466 361 1496 in
394 1475 516 1496 caussa
549 1465 721 1497 codicibus
754 1465 854 1496 fidem
884 1465 1110 1506 negabimus?
1152 1466 1331 1497 Praeterea
1355 1465 1391 1495 in
1417 1465 1517 1496 Vind.
1544 1463 1573 1497 7.

942 1568 1054 1604 (plicas
1089 1565 1187 1605 φέρει
1220 1577 1262 1596 αι
1268 1564 1342 1603 zo'z,
1377 1567 1434 1597 ἱία
1457 1565 1571 1603 ειδώς,

940 1609 987 1642 ὅτι
1009 1609 1094 1644 θεός
1120 1621 1213 1642 εστιι
1238 1608 1255 1641 ὁ
1283 1614 1339 1653 τῆς
1364 1613 1477 1651 ([ιλιας
1502 1623 1573 1642 επι-

941 1655 1070 1698 στάτης,
1096 1655 1140 1698 μὴ
1165 1654 1264 1687 πάλιι
1289 1658 1400 1698 πάιξν.
1429 1667 1462 1689 V.
1486 1657 1576 1688 infra

275 1567 313 1597 B.
358 1567 637 1607 παοασκειαὶ
671 1578 709 1596 ιιι
737 1566 814 1604 ιιὲι
837 1577 867 1604 ιι.

232 1609 310 1654 ἠδ]
344 1612 479 1645 Schol:
505 1623 545 1642 οι
573 1611 697 1652 τέχνας,
723 1623 786 1642 oin
813 1610 868 1649 ἐιι·

232 1659 366 1696 :remla
385 1652 493 1694 εἶπεν,
511 1654 591 1688 aaa
614 1654 649 1687 τὸ
666 1655 775 1695 ιιέσοι
793 1654 868 1687 ιοιῖ-

234 1714 313 1739 τίοι
347 1699 402 1735 τὰ
429 1712 650 1741 παοασκειας
690 1700 730 1734 ὤ
731 1713 802 1741 ’.τεο
830 1701 870 1732 ἐι·

232 1752 302 1781 zois·
339 1746 501 1788 ποόσθει
531 1745 590 1780 τὰς
623 1745 868 1788 ἑτιτηὸεύσεις.

231 1792 346 1824 Verba
370 1805 463 1833 suffla
480 1790 608 1834 ἡδονῆς
631 1804 673 1823 ne
698 1793 774 1833 quis
797 1802 870 1833 per-

230 1849 343 1880 peram
377 1839 540 1879 accipiat,
577 1844 712 1869 cautum
744 1842 794 1869 est
826 1838 866 1868 ab

231 1886 304 1925 ipso
322 1884 477 1922 Platone,
502 1884 561 1924 qui
579 1883 740 1914 adiecerit
764 1883 866 1914 haec:

231 1927 330 1960 αὐτὸ
356 1932 482 1960 τοῦτο
504 1926 639 1966 μόνοι·
661 1939 766 1966 zap„
791 1928 824 1958 h.
839 1938 868 1958 e.

232 1985 340 2015 quae
387 1974 468 2005 hoc
515 1974 650 2014 ipsum
699 1978 866 2004 tantum

231 2020 470 2051 efficerent
505 2029 646 2060 neque
680 2018 867 2059 amplius

231 2065 335 2106 quid
360 2069 627 2106 spectarent.
663 2064 781 2104 Itaque
798 2073 867 2094 ma-

230 2111 392 2141 nifestum
424 2115 475 2141 est
499 2108 629 2147 μόνον,
663 2108 752 2150 quod
776 2107 866 2149 apud

230 2155 416 2187 stobaeum
450 2154 676 2193 desideratur,
711 2164 769 2195 per
793 2164 867 2185 sen-

230 2202 356 2232 tentiae
410 2200 576 2231 rationem
631 2199 750 2230 abesse
797 2209 865 2230 non

229 2256 340 2286 posse.
387 2246 474 2277 Nam
510 2242 613 2276 αιίτὸ
646 2242 784 2283 μόνον
816 2249 867 2275 est

230 2291 270 2321 id
306 2291 462 2329 solum,
503 2291 550 2321 ita
585 2295 622 2321 ut
654 2289 764 2327 ,ιιοί-ον
796 2290 866 2320 viin

230 2336 370 2374 habeat,
403 2346 587 2377 pronomen
614 2340 727 2366 autem
752 2340 866 2366 careat

229 2381 389 2422 pondere.
436 2381 553 2421 Itaque
596 2392 615 2410 α
632 2377 700 2411 ὖτὸ
742 2383 864 2411 τοῦτο

230 2426 366 2464 μόνον
385 2430 451 2456 est:
477 2425 518 2456 id
537 2426 674 2466 ipsum
700 2428 865 2456 tantum

230 2471 427 2511 nihilque
442 2477 676 2511 praeterea.
699 2470 867 2511 Exempla.

230 2516 422 2558 suppeditat
476 2521 607 2557 praeter
657 2515 865 2546 Heindor-

231 2563 334 2592 fium
368 2560 411 2591 ad
445 2560 477 2591 h.
509 2560 531 2591 l
564 2560 790 2592 Schaefer.
824 2559 865 2591 ad

230 2606 351 2638 Lamh
375 2607 452 2639 Bos.
478 2615 508 2646 p.
533 2603 608 2637 308.

276 2664 344 2682 nat
381 2648 490 2690 πρὸς
525 2662 544 2689 q
563 2652 595 2681 zi
608 2653 643 2680 ιἰι
659 2649 693 2692 ι]
732 2650 867 2690 Olym-

230 2697 459 2739 piodorus:
484 2693 558 2727 'Em
576 2693 635 2726 τὸ]
651 2695 786 2735 ι’ἰᾳοιον
811 2698 866 2736 τῆς

938 1702 979 1733 ad
1004 1713 1035 1743 p.
1059 1700 1135 1734 519.
1160 1702 1198 1733 E.

982 1789 1067 1834 μήτ’
1116 1786 1169 1823 αὖ
1216 1789 1259 1823 τὰ
1310 1789 1402 1831 παρ’
1445 1790 1570 1833 ἐμοῦ]

935 1838 1039 1868 Recte
1077 1837 1387 1868 Buttmannus:
1435 1848 1572 1878 neque

936 1883 1107 1923 tuipse
1140 1883 1303 1920 iocare,
1342 1892 1485 1922 neque
1515 1883 1571 1912 vi-

937 1928 1088 1958 cissim
1108 1938 1166 1958 me
1191 1926 1329 1958 iocari
1354 1928 1570 1958 existima.

936 1973 1027 2004 Male
1058 1972 1163 2014 igitur
1196 1972 1460 2014 Stephanus:
1497 1970 1569 2014 μήτ’

936 2015 1021 2049 αὐτὰ
1046 2015 1124 2058 παρ’
1152 2016 1247 2055 ἐμοῦ.

981 2108 1017 2139 C.
1068 2101 1117 2138 οὗ
1160 2109 1199 2138 τί
1228 2105 1279 2138 ἂν
1311 2108 1474 2145 μᾶλλον
1507 2117 1569 2138 σπ.

936 2172 979 2176 -
1013 2151 1033 2195 ἢ
1068 2156 1190 2184 τοῦτο
1222 2150 1291 2194 ——]
1338 2153 1427 2183 Nota
1468 2152 1568 2183 hodie

935 2198 1019 2229 satis
1057 2202 1108 2229 est
1144 2198 1230 2229 haec
1270 2197 1432 2238 loquendi
1471 2198 1568 2237 ratio,

935 2254 1001 2284 qua
1025 2244 1201 2283 utriusque
1225 2242 1363 2283 linguae
1388 2242 1569 2284 scriptores

934 2288 1025 2320 haud
1042 2298 1118 2319 raro
1137 2292 1213 2329 post
1229 2288 1417 2329 genitivum
1441 2298 1458 2319 e
1483 2298 1570 2318 com—

934 2333 1087 2375 parativo
1106 2332 1306 2374 pendentem
1321 2333 1471 2364 inferunt
1494 2343 1569 2374 par-

934 2379 1073 2410 ticulam
1101 2378 1368 2418 comparativam
1393 2389 1469 2410 cum
1494 2378 1567 2409 eius

933 2425 983 2455 rei
1014 2424 1350 2462 commemoratione,
1386 2433 1471 2464 quae
1501 2424 1569 2454 iam

934 2479 992 2510 per
1037 2478 1222 2509 pronomen
1269 2468 1460 2509 significata
1507 2473 1568 2499 est.

933 2513 1100 2554 Exempla
1131 2513 1342 2554 collegerunt
1365 2514 1494 2553 Toup.
1527 2512 1568 2544 ad

933 2559 1082 2599 Longin.
1120 2568 1151 2599 p.
1192 2557 1268 2590 321.
1322 2558 1568 2589 Markland.

934 2604 976 2635 ad
1015 2604 1155 2645 Lysiam
1193 2614 1225 2644 p.
1260 2601 1336 2637 370.
1373 2603 1565 2635 Fritsch.

935 2650 1087 2689 Quaestt.
1111 2649 1278 2680 Luciann.
1306 2659 1336 2689 p.
1351 2647 1404 2680 89.
1444 2648 1568 2679 Hein-

1238 2693 1391 2724 Matth.
1418 2693 1473 2724 Gr.
1500 2703 1568 2723 am-

934 2694 1038 2726 dorf.
1069 2693 1111 2725 ad
1135 2694 1167 2727 h.
1192 2693 1213 2725 l.
