1687 2969
269 104 346 145 168
754 102 1125 145 PLATONIS

268 220 385 262 δοκεῖ
419 222 766 275 παραὸείγμιιτα,
803 220 911 277 πρὸς
945 220 972 263 ἃ
1011 237 1074 270 τις
1107 221 1276 274 θλέπων
1310 220 1498 263 ὸνιναιτ’
1540 218 1610 273 ἄν,

266 287 504 342 μιμεῖσθαι
539 284 653 328 αὐτὰ
685 288 905 345 ἐπιχειρῶν
939 306 999 342 μη
1035 287 1153 329 πάνυ
1187 291 1395 336 τι-εὶς
1429 289 1473 330 δὲ
1508 286 1614 339 τοὺς

159 352 238 393 ‘265
269 357 439 407 ἑτέρους
473 351 553 407 λό)
556 370 630 404 ους
665 353 809 399 ι’ωιιεν
844 347 899 406 ἦν
935 353 1018 410 7020
1055 371 1096 396 τι
1126 359 1171 396 ἐν
1204 352 1368 404 αὐτοῖς,
1406 352 1463 405 ὡς
1486 356 1612 407 δοκῶ,

267 436 490 475 προςηκον
525 422 630 463 ἰδεῖν
665 429 758 471 τοῖς
789 423 1072 476 βουὶοιιὲνοις
1115 423 1211 478 περὶ
1246 420 1324 476 λό)
1327 438 1386 463 ων
1421 431 1613 466 σκοπεῖν.

371 488 503 529 ΨΑΙ.

369 553 476 597 ΣΩ.

575 485 636 530 Τὸ
673 495 803 531 ποῖον
839 486 891 540 δὴ
927 491 1080 543 λέγειςς

540 554 754 598 Ἐναντίω
803 572 889 598 που
935 553 1093 608 ἤστην·

1137 553 1160 597 ὁ
1208 557 1288 610 μὲν
1333 552 1418 609 γὰρ
1462 553 1519 605 ὡς
1552 556 1613 610 τῷ

267 623 437 678 ἐρῶντι,
474 620 496 664 ὁ
537 620 579 664 δ’
623 619 680 671 ὡς
714 624 773 676 τῷ
808 621 867 677 μὴ
906 624 968 665 δεῖ
996 623 1263 678 χαρίζεσθαι,
1292 624 1502 674 ἐλεγέτην.

375 688 504 732 ΦΑΙ.
574 690 666 730 Καὶ
698 687 801 744 μάλ’
845 688 1071 745 ἀνδρικῶς.

366 754 473 798 ΣΩ.
530 751 695 810 “Ωιμην
730 771 775 798 σε
808 755 1007 808 τάληθὲς
1041 762 1176 810 ἐρεῖν,
1223 754 1291 799 ὅτι
1347 757 1552 810 μανικῶς.
1591 773 1614 798 ο

1594 753 1611 769 (Χ

267 824 418 877 μέντοι
462 819 640 874 ἐζήτουν
691 824 806 865 ἐστὶν
852 820 962 866 αὐτὸ
1011 825 1157 866 τοῦτο.
1198 826 1363 878 μανίαν
1398 820 1481 879 γάρ
1518 839 1616 866 τινα

269 887 490 947 ἐφήσαμεν
526 887 637 932 εἶναι
671 887 750 932 τὸν
775 887 962 946 Ἔρωτα.
1000 883 1026 942 ἦ
1062 887 1173 947 γάρ,-

371 957 499 999 ΦΑΙ.
570 958 675 999 Λάί.

368 1023 476 1066 ΣΩ.
546 1025 729 1074 ,Μανίας
765 1027 807 1067 ὸέ
842 1042 887 1079 2⁶
924 1026 1013 1077 είὸη
1051 1022 1153 1073 δυο,
1191 1023 1270 1076 την
1304 1026 1384 1078 μὲν
1421 1021 1506 1066 ὑπὸ
1545 1040 1619 1066 νο-

268 1089 476 1147 σημάτων
512 1089 837 1146 ἀνθ’ρωπινων,
886 1091 965 1144 τὴν
1013 1094 1115 1134 dev

1089 1089 1175 1133 υπὸ
1215 1093 1347 1141 θείας
1381 1091 1619 1144 ἐξαλλαγῆς

269 1160 357 1201 τῶν
392 1155 621 1201 ειωθότιιν
656 1163 851 1202 νοιιίιιων
884 1177 953 1213 712
957 1163 1154 1213 νοιιένην.

362 1289 401 1320 P.
418 1288 495 1323 265.
522 1289 559 1321 C.
586 1288 661 1319 u'rzl
674 1293 733 1321 θα
743 1302 785 1320 ιό
799 1303 813 1320 ν
838 1290 881 1321 λα’
894 1303 940 1332 70
955 1290 983 1333 ν]
1011 1289 1114 1331 λόγου
1131 1289 1228 1323 Bodl.
1251 1296 1284 1321 et
1300 1300 1350 1329 pr.
1370 1289 1448 1323 Par.
1466 1289 1505 1321 Β.
1533 1289 1619 1321 Dein

269 1336 536 1377 προςετιαίξημεν
562 1334 644 1368 CH.
682 1340 715 1367 ct
746 1346 834 1368 corr.

313 1447 354 1481 E.
402 1446 515 1490 πρὸς
549 1444 571 1477 u‘c'
595 1459 659 1482 ’[ις
685 1466 726 1470 ——
750 1447 803 1490 μὴ
835 1448 908 1480 ποῖ-

266 1505 313 1525 νυ
346 1493 406 1535 τι]
452 1493 562 1525 Verba
603 1493 747 1525 nonnihil
789 1493 913 1526 habent

267 1539 495 1572 obscuritatis.
558 1538 594 1570 Si
630 1539 774 1579 genuina
822 1543 911 1580 sunt,

267 1586 311 1618 de
333 1595 402 1627 quo
421 1588 547 1618 tamen
572 1583 785 1625 dubitamus,
819 1587 912 1618 nuiio

266 1635 370 1674 pacto
405 1635 521 1672 potest
562 1631 644 1662 alius
685 1641 763 1662 esse
796 1642 912 1664 eorum

267 1687 400 1717 sensus,
433 1677 495 1709 nisi
529 1676 598 1708 hic:
641 1678 770 1708 muita
809 1688 906 1710 ora-

268 1724 331 1755 tio
370 1723 456 1755 ista
506 1721 698 1764 Lysiana
745 1721 909 1756 habere

266 1768 442 1801 videtur
470 1767 830 1809 παραδείγματα,
868 1770 908 1802 in

268 1825 377 1856 quae
409 1814 504 1855 quis
542 1815 717 1846 intuens
761 1816 909 1856 capiat

268 1859 539 1898 utilitatem,
579 1859 669 1891 dum
711 1869 757 1892 ea
796 1861 911 1894 vide-

267 1905 378 1938 lieet
401 1909 587 1936 conetur
620 1905 788 1937 imitari
827 1916 909 1938 non

268 1950 508 1983 admodum.
558 1951 608 1984 lta
639 1960 722 1982 vero
747 1950 793 1992 μὴ
822 1951 909 1984 πάνυ

267 2009 302 2029 τι
332 1997 364 2029 ἰη
396 1997 545 2028 clausula
578 1997 780 2028 collocatum
808 2002 909 2038 puta-

268 2053 345 2076 mus
373 2046 513 2084 propter
538 2042 701 2083 insignem
720 2043 909 2084 negationis

267 2088 488 2131 gravitatem,
521 2088 553 2120 in
585 2098 649 2129 qua
678 2087 812 2120 ratione
836 2090 909 2121 nol—

269 2135 334 2166 lem
385 2134 464 2166 olim
512 2144 589 2165 cum
643 2132 907 2167 Heindorfio

267 2179 509 2212 haesissemus.
555 2179 626 2212 Nisi
644 2178 732 2211 forte
757 2185 836 2221 post
860 2180 905 2222 μὴ

266 2224 355 2258 πάνυ
385 2238 419 2256 τι
456 2226 566 2258 locum
596 2224 697 2257 habet
722 2226 909 2268 aposiope-

269 2272 329 2304 sis.
361 2270 696 2304 Winckeimann.
724 2271 839 2304 Praef.
867 2271 908 2304 ad

267 2316 415 2350 Phaedr.
443 2316 496 2349 ed.
510 2316 586 2350 min.
603 2316 684 2350 Tur.
702 2327 733 2358 p.
753 2317 814 2351 IX.
830 2321 910 2360 post

267 2360 357 2394 πάνυ
381 2374 416 2393 τι
440 2362 607 2394 excidisse
632 2367 747 2403 putat:
780 2362 910 2406 εὐφυὴς

266 2406 322 2441 ὤν.
371 2407 475 2441 Quod
501 2408 544 2439 ab
569 2408 715 2440 universi
739 2409 804 2441 loci
831 2419 909 2442 sen-

267 2453 375 2485 tentia
399 2452 571 2486 abhorret.

312 2542 355 2577 P.
370 2541 449 2577 265.
475 2547 554 2576 τῶν
581 2544 817 2577 εἰωθότων
842 2558 909 2578 νο-

265 2589 431 2632 μίμων]
468 2589 580 2622 Recte
607 2589 702 2622 buius
728 2592 793 2624 ioci
820 2592 907 2624 inte-

266 2636 425 2677 gritatem
474 2634 626 2667 defendit
665 2637 823 2672 Osann.
864 2637 906 2670 ad

265 2680 417 2725 Lycurg.
433 2691 466 2723 p.
479 2679 523 2715 42
540 2691 602 2722 sq.‚
630 2682 686 2714 ubi
711 2682 793 2716 haec
809 2688 904 2717 sunt:

868 1336 950 1369 ΣΒ.
984 1336 1075 1369 ΕΙοΓ.
1109 1346 1140 1368 a.
1173 1336 1203 1367 b.
1231 1346 1258 1367 (τ.

1316 1335 1385 1367 Sed
1425 1335 1468 1368 de
1503 1336 1617 1368 Attica

980 1452 1053 1484 ἰοῖς
1079 1449 1235 1491 νομίμοις
1260 1452 1334 1484 τοῖς
1359 1448 1446 1480 κατὰ
1463 1448 1524 1490 τὴν
1538 1449 1618 1481 Me-

977 1497 1103 1538 γαρέων
1133 1494 1233 1527 πόλιν
1263 1494 1479 1537 εἰθισμένοις,
1533 1495 1619 1527 Nam

982 1539 1158 1573 Heindorf.
1193 1539 1368 1571 εἰωθότων
1399 1540 1534 1573 aliunde
1559 1550 1621 1583 pu-

980 1587 1074 1618 tabat
1092 1586 1283 1628 irrepsisse.
1331 1586 1402 1619 Nec
1417 1585 1622 1619 haerendum

981 1633 1014 1664 in
1040 1643 1094 1672 eo,
1119 1631 1210 1673 quod
1226 1631 1356 1675 νόμιμα
1375 1636 1428 1665 est
1445 1633 1522 1664 loco
1538 1632 1620 1664 sub-

979 1678 1130 1711 stantivi:
1164 1678 1258 1710 huius
1288 1678 1375 1710 enim
1401 1678 1535 1720 generis
1560 1688 1622 1711 ex-

979 1725 1088 1765 empla
1128 1725 1266 1763 collegit
1304 1723 1536 1758 Heindorf.
1577 1723 1621 1755 ad

977 1769 1126 1811 Sopiiist.
1159 1769 1185 1810 ξ.
1212 1769 1267 1802 32.
1301 1771 1395 1812 plura
1429 1770 1494 1811 ipsi
1526 1769 1622 1802 dabi-

977 1825 1051 1847 mus
1076 1815 1118 1846 ad
1145 1815 1253 1856 Legg.
1281 1816 1304 1849 1.
1330 1826 1362 1857 p.
1380 1815 1458 1848 636.
1475 1815 1517 1850 Β.
1555 1815 1621 1847 Est

977 1865 1090 1893 autem
1117 1861 1298 1892 verborum
1325 1861 1491 1893 sententia
1517 1859 1619 1893 haec:

977 1907 1053 1938 Duo
1078 1905 1202 1938 furoris
1235 1906 1451 1938 distinximus
1481 1916 1619 1948 genera,

977 1953 1136 1991 aiterum,
1165 1952 1255 1993 quod
1280 1953 1321 1984 ab
1348 1951 1501 1984 humanis
1527 1962 1620 1984 moi·-

977 1998 1029 2028 bis
1048 1998 1339 2039 proficisceretur3
1356 1999 1511 2038 alterum‚
1527 1997 1619 2039 quod

977 2043 1169 2075 efficeretur
1188 2043 1297 2075 divina
1312 2044 1456 2085 quadam
1482 2044 1527 2083 vi,
1553 2054 1620 2085 qua

976 2089 1018 2121 ab
1044 2089 1095 2129 iis,
1122 2099 1213 2130 quae
1238 2099 1300 2121 usu
1322 2094 1356 2121 et
1371 2089 1620 2122 consuetudine

977 2141 1092 2166 essent
1128 2139 1288 2177 recepta,
1327 2136 1429 2168 veluti
1465 2135 1621 2168 dimove-

975 2190 1101 2214 remur.

1024 2271 1064 2306 B.
1113 2269 1335 2314 τεττάρων
1360 2273 1619 2313 ›semu—,flg-

977 2331 1027 2361 ρη
1062 2316 1340 2360 διελόμενοι]
1380 2317 1619 2358 significantur

978 2374 1029 2404 ea,
1055 2373 1144 2404 quae
1169 2372 1268 2404 supra
1285 2363 1363 2395 inde
1388 2374 1407 2394 a
1432 2373 1464 2404 p.
1484 2361 1562 2396 244.
1578 2366 1617 2397 A.

978 2408 1021 2441 de
1048 2408 1169 2440 suroris
1201 2408 1360 2441 divinitus
1391 2409 1531 2441 immissi
1556 2419 1617 2451 ge-

977 2455 1115 2486 neribus
1142 2453 1310 2495 disputata
1335 2457 1501 2496 leguntur.
1532 2454 1618 2486 Ete-

976 2500 1043 2532 nim
1069 2500 1214 2531 universi
1238 2499 1362 2532 furoris
1392 2499 1460 2531 duo
1485 2509 1619 2542 ponun-

976 2550 1031 2578 tur
1064 2555 1207 2587 genem,
1245 2547 1387 2578 alterum
1422 2544 1617 2585 humanum,

975 2591 1120 2623 divinum
1154 2591 1312 2625 alterum.
1376 2590 1446 2623 Sed
1490 2590 1617 2623 furoris

975 2637 1075 2669 divini
1099 2647 1216 2669 rursus
1244 2641 1392 2679 quatuor
1409 2636 1616 2670 formae'at-

973 2693 1041 2725 que
1067 2687 1181 2725 partes
1206 2682 1454 2716 discernuntur.
