1687 2969
250 174 267 209 1
276 174 326 208 64
788 170 1047 209 PLATONIS

249 279 443 331 τρίποδες
482 278 523 319 οἱ
549 277 695 332 ἐφεξῆς
724 276 894 327 ἑστῶτές
922 279 1026 319 εἰσιν
1064 276 1109 318 ἐν
1136 281 1193 330 τῷ
1221 277 1440 332 Διονυσίῳ
1458 309 1468 325 .
1511 276 1586 318 ἐὰν

252 344 294 385 δὲ
325 345 483 397 βούλῃ,
525 342 855 397 Ἀριστοκράτης
893 344 916 385 ὁ
958 342 1189 388 Σκελλίου,
1231 335 1283 383 οὗ
1323 338 1378 382 αὖ
1408 341 1519 383 ἐστιν
1549 341 1593 383 ἐν

184 412 221 453 Β
257 413 408 451 Πυθοῖ
432 412 560 450 τοῦτο
589 408 636 449 τὸ
666 409 798 449 καλὸν
826 409 1052 462 ἀνάθημα,
1093 406 1167 448 ἐὰν
1194 405 1238 448 δὲ
1267 408 1427 460 βούλῃ,
1456 408 1484 461 ἡ
1514 410 1593 448 Πε-

209 487 234 500 ⁴*
254 473 446 528 ρικλέους
474 473 548 527 ὅλη
579 474 691 515 οἰκία
720 474 744 527 ἢ
775 476 877 527 άλλη
907 474 1153 527 συγγένεια,
1195 472 1345 526 ἥντινα
1373 471 1427 512 ἂν
1455 473 1589 526 βούλῃ

254 542 338 580 τῶν
368 538 520 580 ἐνθάδε
549 537 807 589 ἐκλέξασθαι.
846 539 930 578 ἀλλ’
971 538 1053 591 ἐγώ
1092 548 1159 579 σοι
1197 533 1254 586 εἷς
1293 536 1353 578 ὢν
1382 538 1457 591 οὐχ
1496 538 1591 591 ὁμο-

254 607 385 657 λογῶ·
425 605 476 646 οὐ
504 605 584 658 γάρ
624 619 673 655 με
709 604 762 644 σὺ
802 604 1071 656 ἀναγκάζεις,
1112 602 1216 644 άλλὰ
1244 603 1596 656 ψευδομάρτυρας

256 670 438 718 πολλοὺς
466 666 552 711 κατ’
583 668 686 723 ἐμοῦ
715 669 1033 722 παρασχόμενος
1060 668 1276 722 ἐπιχειρεῖς
1305 667 1520 721 ἐκβάλλειν
1547 683 1596 722 με

257 734 302 776 ἐκ
331 742 403 789 τῆς
431 736 577 782 οὐσίας
604 734 674 776 καὶ
702 742 777 775 τοὺ
807 735 1007 788 ἀληθοῦς.
1044 733 1124 787 ἐγὼ
1154 734 1198 775 δὲ
1227 733 1280 774 ἂν
1306 733 1362 787 μὴ
1392 732 1435 774 σὲ
1466 732 1596 774 αὐτὸν

257 799 331 841 ἕνα
369 803 473 841 ὄντα
512 803 705 854 μάρτυρα
751 801 1026 853 παράσχωμαι
1065 800 1357 853 ὁμολογοῦντα
1405 797 1501 850 περὶ
1540 790 1601 839 ὧν

314 1003 371 1067 ἕν
394 989 715 1069 τιὲὃῖΛιονυσίῳ]
754 990 870 1033 steph.
897 991 1106 1033 Διονυσείῳ.
1139 990 1228 1023 conf.
1251 989 1402 1022 Lobeck.
1427 989 1470 1021 ad
1494 989 1602 1032 Plu-y-

258 1036 311 1067 nic
370 1047 390 1078 p

325 1092 371 1123 ἐν
397 1091 454 1124 Πυ
467 1090 554 1134 θοῖ]
578 1091 690 1134 Steph.
718 1102 796 1124 cum
821 1092 895 1123 Bas.
921 1090 952 1124 2.
980 1091 1132 1128 Πυθίου,
1159 1090 1249 1133 quod
1273 1095 1362 1123 esset
1386 1090 1426 1122 ἐν
1453 1090 1597 1122 Πυθίου

258 1149 289 1169 ιε
295 1149 353 1178 ιω
378 1137 541 1170 Probavit
566 1137 630 1169 hoc
649 1137 876 1169 Schoemann.
901 1137 943 1169 ad
959 1138 1094 1169 Isaeum
1119 1148 1149 1180 p.
1170 1136 1246 1169 311.
1264 1136 1486 1168 Heindorfius
1512 1136 1603 1168 coni.

259 1183 299 1215 ἐι
324 1183 463 1226 Πιθιςο.
503 1183 591 1215 conf.
624 1182 745 1214 Suidas
777 1183 813 1214 in
848 1193 879 1213 v.
906 1181 1048 1214 Πυθιον
1081 1188 1113 1213 et
1137 1182 1287 1214 Boeckh.
1320 1181 1419 1224 Corp.
1444 1182 1602 1223 Inscript.

257 1230 283 1260 Ι.
308 1240 337 1271 p.
362 1227 428 1261 243
453 1239 520 1280 seq.
554 1229 655 1259 Recte
679 1233 792 1260 tamen
818 1227 856 1259 ἐι
882 1227 936 1259 Πι
943 1229 1006 1259 θοῖ
1026 1228 1160 1305 Ιῗὲἰωικ
1198 1229 1261 1259 Est
1284 1228 1374 1259 enim
1400 1226 1453 1258 Πι
1460 1228 1523 1258 θοῐ
1543 1227 1601 1259 da-

256 1275 347 1306 tivus
371 1274 518 1306 nominis
544 1272 668 1305 [Imm.
699 1273 810 1305 Alcib.
836 1274 861 1305 Ι.
892 1284 923 1315 p.
950 1272 1025 1305 129.

1050 1275 1097 1305 A:
1125 1271 1179 1305 τὸν
1210 1272 1251 1304 ἐν
1274 1271 1399 1305 Πυθοῖ
1428 1270 1527 1310 νεών,
1554 1271 1598 1304 al.

324 1343 360 1373 B.
394 1344 475 1373 τῶν
508 1339 677 1373 ἐνθάδε
709 1339 990 1383 ἐκλέξασθαι]
1022 1341 1062 1372 V.
1097 1339 1264 1380 ἑιθέιδε,
1303 1339 1392 1381 quod
1424 1350 1501 1372 cum
1525 1340 1602 1372 Par.

258 1388 332 1421 EF.
357 1391 470 1418 tenere
494 1386 627 1418 videtur
652 1387 779 1427 Clark„
803 1398 846 1418 ex
872 1396 937 1428 quo
965 1386 1135 1418 Gaisford.
1160 1385 1246 1417 nihil
1272 1385 1436 1418 enotavit.

327 1441 511 1477 πολλοὺς
537 1441 616 1474 κατ’
643 1442 759 1486 ἐμοῦ]

796 1444 872 1475 Par.
898 1442 924 1474 I.
955 1443 1044 1484 Aug.
1068 1443 1205 1474 Mcerm.
1237 1439 1304 1473 κατ’
1332 1440 1415 1480 ἐμοῦ
1441 1438 1595 1478 πολλούς,

259 1489 349 1531 quod
372 1489 500 1531 recepit
523 1488 710 1521 Bekkerus.
757 1489 846 1520 Dein
878 1499 938 1530 pro
971 1485 1147 1529 ἐκβάλλειν
1171 1498 1211 1526 με
1231 1486 1269 1519 ἐκ
1294 1499 1318 1518 τ.
1344 1484 1420 1519 οὐσ.
1446 1487 1599 1518 Pierson.

260 1669 473 1709 muneribus,
542 1668 599 1709 qui
644 1667 898 1710 magnificentia

261 1713 505 1756 splendidoque
515 1713 654 1745 deorum
671 1713 764 1745 cultu
780 1724 897 1745 omnes

261 1769 439 1801 superasse
471 1759 614 1790 refertur
644 1763 677 1790 et
701 1759 799 1791 cuius
828 1759 897 1801 pie-

260 1810 363 1837 tatem
386 1804 561 1846 praedicat
585 1804 806 1846 Thucydides
822 1804 844 1836 l.
859 1815 897 1844 c.‚

261 1850 346 1882 haec
369 1850 456 1882 inter
480 1850 549 1881 alia
572 1849 778 1882 Plutarchus
829 1850 896 1881 Vit.

261 1896 338 1927 Nic.
361 1906 393 1936 p.
417 1893 493 1927 524.
518 1896 563 1926 E:
600 1894 748 1938 εἱστήκει
779 1894 818 1926 δὲ
842 1895 896 1926 καὶ

264 1943 330 1972 τῶν
354 1938 589 1982 ἀναθημάτων
613 1938 720 1972 αὐτοῦ
752 1940 896 1981 (Niciae)

263 1983 340 2017 καθ’
376 1983 460 2027 ἡμᾶς
497 1984 532 2017 το’
570 1997 602 2017 τε
635 1985 828 2017 Παλλάδιον
860 1985 898 2017 ἐν

262 2027 445 2071 ἀκροπόλει
489 2028 548 2073 τὴν
591 2029 768 2072 χρύσωσιν
814 2028 897 2062 ἀπο-

264 2075 434 2118 βεβληκὸς
466 2077 520 2107 καὶ
553 2073 570 2107 ὁ
604 2080 674 2110 zois
705 2080 898 2119 χορηγικοῖς

264 2125 423 2163 τρίποσιν
468 2119 692 2160 ὑποκείμενος
737 2122 776 2153 ἐν
813 2123 898 2153 Διο-

267 2165 375 2198 νόσου
404 2166 518 2200 νεώς.”
542 2167 715 2199 ROUTH.
740 2168 899 2198 Diximus

264 2212 304 2244 de
346 2213 399 2244 his
430 2212 548 2244 Niciae
585 2212 752 2252 donariis,
795 2223 899 2254 quum

264 2258 433 2300 choragus
456 2258 613 2297 vicisset,
644 2258 798 2299 Dionyso
823 2268 900 2290 con-

264 2304 402 2335 secratis
426 2304 462 2335 in
486 2303 642 2345 Prolegg.
660 2308 742 2335 extr.
769 2304 821 2335 De
837 2303 900 2334 hoc

263 2347 430 2389 tripodum
469 2348 776 2380 consecrandorum
809 2359 900 2380 more

264 2394 352 2424 conf.
386 2393 607 2426 Plutarch.
640 2394 708 2426 Vit.
740 2394 900 2426 Aristidis

265 2439 337 2470 init.

309 2524 644 2569 Ἀριστοκράτης
671 2526 688 2560 ὁ
714 2527 795 2571 Σκ.]
827 2529 901 2568 „De

265 2573 330 2605 hoc
354 2584 426 2605 viro
459 2577 537 2604 sunt
568 2574 689 2606 comici
717 2584 836 2605 versus
866 2574 901 2605 in

265 2619 351 2650 Avv
378 2617 443 2651 125
466 2629 553 2659 seq.·
577 2616 902 2660 ἀριστοκρατεῖσθαι

266 2663 366 2715 δηλο
407 2659 443 2695 εἶ
481 2666 602 2705 ζητωι.
650 2665 770 2705 Euelp.
815 2663 901 2707 ἐμά·

266 2706 391 2750 ἥκιστα,
418 2710 470 2740 καὶ
499 2708 558 2740 τὸν
574 2709 738 2741 Ῡικεμλλιοι
763 2708 901 2750 βδελι’τ-

967 1679 1071 1707 τοιιαι.
1118 1667 1186 1699 Ubi
1210 1666 1411 1699 scholiasta.
1448 1664 1541 1707 παρὰ
1567 1664 1602 1698 τὸ

967 1711 1073 1752 ὄνομα
1099 1712 1267 1754 πέπαιχεν,
1293 1711 1367 1744 ἐπεὶ
1381 1709 1603 1753 Ἀριστοκρά-

968 1770 1023 1801 της
1051 1757 1214 1790 Σκελλιου
1239 1755 1317 1792 υἱὸς
1342 1751 1408 1801 ἦν·
1434 1754 1475 1789 ὃν
1499 1754 1517 1788 0‘
1546 1754 1603 1799 ρή-

967 1815 1033 1845 τωρ
1062 1803 1297 1846 Δημοσθέιης
1322 1803 1484 1846 ἔγραψεν.
1526 1802 1605 1834 Cer-

965 1853 1037 1880 tum
1070 1860 1149 1882 vero
1181 1860 1255 1881 esse
1293 1859 1421 1880 errasse
1453 1847 1607 1890 „scholia-

967 1899 1053 1926 stam
1069 1920 1077 1935 ,
1102 1905 1177 1926 cum
1201 1895 1250 1926 ait
1273 1894 1517 1926 Aristocratem
1540 1893 1607 1924 De—

966 1940 1154 1972 mosthenis
1210 1939 1316 1971 fuisse
1362 1939 1607 1970 Aristocratem

967 1985 1086 2017 Scellii
1109 1984 1228 2025 filium,
1254 1985 1312 2026 qui
1336 1985 1371 2016 in
1395 1983 1486 2016 bello
1510 1983 1607 2015 Pelo-

966 2031 1174 2073 ponnesiaco
1204 2030 1312 2061 multa
1349 2029 1486 2072 egregia
1526 2029 1607 2060 faci-

967 2087 1049 2108 nora
1085 2075 1190 2107 edidit
1229 2076 1385 2117 (quorum
1427 2074 1523 2106 testis
1555 2077 1608 2105 est

969 2121 1061 2153 Orat.
1103 2125 1222 2153 contra
1253 2120 1435 2152 Theocrin.
1465 2130 1497 2161 p.
1529 2117 1604 2151 551.

967 2167 1003 2198 in
1027 2166 1083 2197 fin.
1110 2167 1223 2207 orat),
1254 2166 1387 2198 notavit
1416 2164 1459 2196 ad
1483 2165 1606 2196 Demo-

968 2212 1099 2244 sthenis
1138 2212 1325 2244 orationem
1374 2214 1493 2242 eontra
1531 2209 1607 2241 Ari-

969 2262 1150 2289 stocratcm
1163 2258 1191 2288 T
1203 2257 1302 2298 aylo
1312 2267 1337 2290 r.
1352 2256 1391 2287 T.
1403 2256 1463 2286 III.
1474 2253 1607 2296 p.338.:

967 2307 1119 2344 tempora
1150 2303 1239 2333 enim
1278 2312 1347 2333 non
1389 2300 1608 2333 conveniunt.

969 2347 1196 2380 Scholia-stam
1228 2347 1409 2388 exscripsit
1433 2346 1455 2377 S
1465 2345 1540 2377 uid
1551 2356 1570 2377 a
1581 2356 1608 2384 s,

970 2394 1028 2435 qui
1063 2392 1207 2425 eundem
1240 2402 1386 2424 errorem
1417 2391 1608 2429 committit,

969 2449 1001 2472 v.
1024 2438 1187 2470 Σκελλίου
1214 2437 1301 2470 υἱός.
1324 2437 1483 2469 Meminit
1506 2436 1608 2467 huius

970 2483 1190 2515 Aristocratis
1203 2483 1305 2515 etiam
1315 2483 1343 2514 T
1353 2482 1405 2513 hu
1416 2493 1434 2514 c
1441 2493 1464 2523 y
1473 2481 1503 2512 d.
1516 2481 1612 2520 VIII,

969 2527 1042 2561 89.⁷'
1080 2528 1252 2560 ROUTH.
1293 2526 1455 2560 Pluribus
1493 2525 1533 2557 de
1570 2536 1609 2558 eo

970 2573 1057 2605 dixit
1088 2574 1299 2615 Droysen.
1335 2573 1424 2606 Mus.
1455 2572 1610 2603 Rhenan.

970 2619 1030 2658 IV,
1055 2618 1085 2650 1.
1109 2629 1140 2660 p.
1163 2617 1207 2651 58
1239 2630 1307 2660 seq.
1334 2637 1374 2642 -·
1411 2620 1533 2648 τοῦτο
1568 2615 1607 2647 τὸ

971 2661 1152 2702 κ.άνάθ·,,
1178 2664 1377 2706 pulcrum
1402 2661 1518 2693 illud
1543 2661 1608 2692 do-

971 2710 1159 2749 narium,
1190 2709 1281 2751 quod
1310 2708 1391 2741 satis
1422 2712 1540 2739 notum
1574 2711 1607 2738 et
