<?xml version="1.0" encoding="UTF-8"?>
<!DOCTYPE html PUBLIC "-//W3C//DTD XHTML 1.0 Transitional//EN"
    "http://www.w3.org/TR/xhtml1/DTD/xhtml1-transitional.dtd">
<html xmlns="http://www.w3.org/1999/xhtml" xml:lang="en" lang="en">
 <head>
  <title>
</title>
<meta http-equiv="Content-Type" content="text/html;charset=utf-8" />
  <meta name='ocr-system' content='tesseract 3.04.00' />
  <meta name='ocr-capabilities' content='ocr_page ocr_carea ocr_par ocr_line ocrx_word'/>
</head>
<body>
  <div class='ocr_page' id='page_1' title='image "./n1operaomniarecens04platuoft/n1operaomniarecens04platuoft_0475.png"; bbox 0 0 1687 2969; ppageno 0'>
   <div class='ocr_carea' id='block_1_1' title="bbox 485 223 1461 262">
    <p class='ocr_par' dir='ltr' id='par_1_1' title="bbox 485 223 1461 262">
     <span class='ocr_line' id='line_1_1' title="bbox 485 223 1461 262; baseline -0.005 0"><span class='ocrx_word' id='word_1_1' title='bbox 485 223 730 262; x_wconf 82' lang='lat' dir='ltr'><strong>GORGIAS.</strong></span> <span class='ocrx_word' id='word_1_2' title='bbox 759 224 804 262; x_wconf 87' lang='lat' dir='ltr'><strong>P.</strong></span> <span class='ocrx_word' id='word_1_3' title='bbox 835 225 928 261; x_wconf 87' lang='grc'><strong>448.</strong></span> <span class='ocrx_word' id='word_1_4' title='bbox 959 224 1019 262; x_wconf 87' lang='lat' dir='ltr'><strong>ed.</strong></span> <span class='ocrx_word' id='word_1_5' title='bbox 1051 224 1107 262; x_wconf 86' lang='lat' dir='ltr'><strong>St.</strong></span> <span class='ocrx_word' id='word_1_6' title='bbox 1411 223 1461 258; x_wconf 87' lang='lat'><strong>83</strong></span> 
     </span>
    </p>
   </div>
   <div class='ocr_carea' id='block_1_2' title="bbox 104 328 1468 971">
    <p class='ocr_par' dir='ltr' id='par_1_2' title="bbox 104 328 1468 971">
     <span class='ocr_line' id='line_1_2' title="bbox 109 328 1468 385; baseline -0.001 -14"><span class='ocrx_word' id='word_1_7' title='bbox 109 328 225 384; x_wconf 82' lang='grc' dir='ltr'><strong>ἐμοῦ.</strong></span> <span class='ocrx_word' id='word_1_8' title='bbox 269 331 454 384; x_wconf 76' lang='grc' dir='ltr'><em>Γοργίας</em></span> <span class='ocrx_word' id='word_1_9' title='bbox 481 331 559 384; x_wconf 81' lang='grc' dir='ltr'><strong>μὲν</strong></span> <span class='ocrx_word' id='word_1_10' title='bbox 578 331 660 385; x_wconf 80' lang='grc' dir='ltr'><strong>γὰρ</strong></span> <span class='ocrx_word' id='word_1_11' title='bbox 689 331 761 373; x_wconf 84' lang='grc' dir='ltr'><strong>καὶ</strong></span> <span class='ocrx_word' id='word_1_12' title='bbox 784 331 1056 385; x_wconf 84' lang='grc' dir='ltr'><em>α’πειρηκέναι</em></span> <span class='ocrx_word' id='word_1_13' title='bbox 1083 346 1155 385; x_wconf 88' lang='grc' dir='ltr'><em>μοι</em></span> <span class='ocrx_word' id='word_1_14' title='bbox 1177 331 1303 373; x_wconf 76' lang='grc' dir='ltr'><em>δοκεῖ·</em></span> <span class='ocrx_word' id='word_1_15' title='bbox 1332 328 1468 371; x_wconf 80' lang='grc' dir='ltr'><em>πολλὰ</em></span> 
     </span>
     <span class='ocr_line' id='line_1_3' title="bbox 116 388 1468 451; baseline -0.001 -15"><span class='ocrx_word' id='word_1_16' title='bbox 116 395 199 448; x_wconf 81' lang='grc' dir='ltr'><strong>γὰρ</strong></span> <span class='ocrx_word' id='word_1_17' title='bbox 236 397 331 449; x_wconf 83' lang='grc' dir='ltr'><em>ἄρτι</em></span> <span class='ocrx_word' id='word_1_18' title='bbox 370 397 604 451; x_wconf 78' lang='grc' dir='ltr'><em>διελήλυθε.</em></span> <span class='ocrx_word' id='word_1_19' title='bbox 676 399 791 438; x_wconf 86' lang='grc' dir='ltr'><strong>ΧΑΙ.</strong></span> <span class='ocrx_word' id='word_1_20' title='bbox 842 397 892 437; x_wconf 83' lang='grc' dir='ltr'><em>Τι’</em></span> <span class='ocrx_word' id='word_1_21' title='bbox 919 397 1010 445; x_wconf 68' lang='grc' dir='ltr'><strong>δαί,</strong></span> <span class='ocrx_word' id='word_1_22' title='bbox 1055 389 1088 437; x_wconf 74' lang='grc' dir='ltr'><em>ὦ</em></span> <span class='ocrx_word' id='word_1_23' title='bbox 1120 399 1266 445; x_wconf 73' lang='grc' dir='ltr'><em>Πῶλε;</em></span> <span class='ocrx_word' id='word_1_24' title='bbox 1307 394 1386 436; x_wconf 81' lang='grc' dir='ltr'><em>οἴει</em></span> <span class='ocrx_word' id='word_1_25' title='bbox 1413 388 1468 434; x_wconf 83' lang='grc' dir='ltr'><strong>σὺ</strong></span> 
     </span>
     <span class='ocr_line' id='line_1_4' title="bbox 107 461 1466 515; baseline -0.001 -13"><span class='ocrx_word' id='word_1_26' title='bbox 107 461 282 502; x_wconf 77' lang='grc' dir='ltr'><em>κάλλιον</em></span> <span class='ocrx_word' id='word_1_27' title='bbox 321 461 376 502; x_wconf 74' lang='grc' dir='ltr'><strong>ἂν</strong></span> <span class='ocrx_word' id='word_1_28' title='bbox 403 463 591 515; x_wconf 78' lang='grc' dir='ltr'><em>Γοργίου</em></span> <span class='ocrx_word' id='word_1_29' title='bbox 620 462 959 514; x_wconf 76' lang='grc' dir='ltr'><em>άποκρι’νασθαι;</em></span> <span class='ocrx_word' id='word_1_30' title='bbox 992 464 1138 502; x_wconf 73' lang='grc' dir='ltr'><strong>ΠῼΛ.</strong></span> <span class='ocrx_word' id='word_1_31' title='bbox 1177 462 1227 502; x_wconf 87' lang='grc' dir='ltr'><strong>Τί</strong></span> <span class='ocrx_word' id='word_1_32' title='bbox 1245 461 1289 502; x_wconf 82' lang='grc' dir='ltr'><strong>δὲ</strong></span> <span class='ocrx_word' id='word_1_33' title='bbox 1317 466 1466 510; x_wconf 75' lang='grc' dir='ltr'><em>τοῦτο,</em></span> 
     </span>
     <span class='ocr_line' id='line_1_5' title="bbox 109 524 1464 580; baseline -0.001 -14"><span class='ocrx_word' id='word_1_34' title='bbox 109 524 185 566; x_wconf 83' lang='grc' dir='ltr'><strong>ἐὰν</strong></span> <span class='ocrx_word' id='word_1_35' title='bbox 213 526 281 567; x_wconf 90' lang='grc' dir='ltr'><em>σοι’</em></span> <span class='ocrx_word' id='word_1_36' title='bbox 307 540 354 579; x_wconf 84' lang='grc' dir='ltr'><strong>γε</strong></span> <span class='ocrx_word' id='word_1_37' title='bbox 383 526 563 576; x_wconf 73' lang='grc' dir='ltr'><em>ἱκανῶς;</em></span> <span class='ocrx_word' id='word_1_38' title='bbox 596 529 713 568; x_wconf 89' lang='grc' dir='ltr'><strong>ΧΑΙ.</strong></span> <span class='ocrx_word' id='word_1_39' title='bbox 744 527 905 568; x_wconf 79' lang='grc' dir='ltr'><em>Οὐδέν·</em></span> <span class='ocrx_word' id='word_1_40' title='bbox 938 524 1020 568; x_wconf 77' lang='grc' dir='ltr'><em>ἀλλ’</em></span> <span class='ocrx_word' id='word_1_41' title='bbox 1054 525 1194 580; x_wconf 77' lang='grc' dir='ltr'><em>ἐπειδὴ</em></span> <span class='ocrx_word' id='word_1_42' title='bbox 1225 525 1278 566; x_wconf 80' lang='grc' dir='ltr'><strong>σὺ</strong></span> <span class='ocrx_word' id='word_1_43' title='bbox 1307 526 1464 578; x_wconf 80' lang='grc' dir='ltr'><em>βούλει,</em></span> 
     </span>
     <span class='ocr_line' id='line_1_6' title="bbox 110 589 1464 645; baseline -0.001 -14"><span class='ocrx_word' id='word_1_44' title='bbox 110 590 363 642; x_wconf 70' lang='grc' dir='ltr'><em>ἀποκρίνου.</em></span> <span class='ocrx_word' id='word_1_45' title='bbox 421 593 566 632; x_wconf 71' lang='grc' dir='ltr'><strong>ΠῼΛ.</strong></span> <span class='ocrx_word' id='word_1_46' title='bbox 606 593 776 645; x_wconf 82' lang='grc' dir='ltr'><em>Ἐρώτα.</em></span> <span class='ocrx_word' id='word_1_47' title='bbox 835 594 952 633; x_wconf 84' lang='grc' dir='ltr'><strong>ΧΑΙ.</strong></span> <span class='ocrx_word' id='word_1_48' title='bbox 992 594 1148 643; x_wconf 78' lang='grc' dir='ltr'><em>Ερωτῶ</em></span> <span class='ocrx_word' id='word_1_49' title='bbox 1177 592 1242 645; x_wconf 85' lang='grc' dir='ltr'><strong>δή.</strong></span> <span class='ocrx_word' id='word_1_50' title='bbox 1284 592 1318 631; x_wconf 84' lang='grc' dir='ltr'><strong>εἰ</strong></span> <span class='ocrx_word' id='word_1_51' title='bbox 1347 589 1464 641; x_wconf 77' lang='grc' dir='ltr'><em>ἐτύγ-</em></span> 
     </span>
     <span class='ocr_line' id='line_1_7' title="bbox 107 651 1465 711; baseline -0.001 -15"><span class='ocrx_word' id='word_1_52' title='bbox 107 670 207 709; x_wconf 88' lang='grc' dir='ltr'><em>χανε</em></span> <span class='ocrx_word' id='word_1_53' title='bbox 237 657 422 709; x_wconf 80' lang='grc' dir='ltr'><em>Γοργίας</em></span> <span class='ocrx_word' id='word_1_54' title='bbox 450 655 690 711; x_wconf 78' lang='grc' dir='ltr'><em>ἐπιστήμων</em></span> <span class='ocrx_word' id='word_1_55' title='bbox 719 655 779 697; x_wconf 80' lang='grc' dir='ltr'><strong>ὢν</strong></span> <span class='ocrx_word' id='word_1_56' title='bbox 806 662 879 709; x_wconf 80' lang='grc' dir='ltr'><strong>τῆς</strong></span> <span class='ocrx_word' id='word_1_57' title='bbox 908 656 1054 710; x_wconf 77' lang='grc' dir='ltr'><em>τέχνης</em></span> <span class='ocrx_word' id='word_1_58' title='bbox 1080 651 1205 709; x_wconf 81' lang='grc' dir='ltr'><em>ἧςπερ</em></span> <span class='ocrx_word' id='word_1_59' title='bbox 1236 657 1258 698; x_wconf 94' lang='grc' dir='ltr'><em>ὁ</em></span> <span class='ocrx_word' id='word_1_60' title='bbox 1281 656 1465 708; x_wconf 71' lang='grc' dir='ltr'><em>α’δελφὸς</em></span> 
     </span>
     <span class='ocr_line' id='line_1_8' title="bbox 105 715 1462 775; baseline 0.001 -14"><span class='ocrx_word' id='word_1_61' title='bbox 105 715 521 772; x_wconf 61' lang='grc' dir='ltr'><em>αὐτοῦ“Ηρόδικος,</em></span> <span class='ocrx_word' id='word_1_62' title='bbox 560 724 655 763; x_wconf 87' lang='grc' dir='ltr'><em>τίνα</em></span> <span class='ocrx_word' id='word_1_63' title='bbox 695 722 748 762; x_wconf 74' lang='grc' dir='ltr'><strong>ἂν</strong></span> <span class='ocrx_word' id='word_1_64' title='bbox 789 723 921 763; x_wconf 83' lang='grc' dir='ltr'><em>αὐτὸν</em></span> <span class='ocrx_word' id='word_1_65' title='bbox 951 722 1225 775; x_wconf 82' lang='grc' dir='ltr'><em>ὠνομάζομεν</em></span> <span class='ocrx_word' id='word_1_66' title='bbox 1267 722 1462 768; x_wconf 80' lang='grc' dir='ltr'><em>δικαίως;</em></span> 
     </span>
     <span class='ocr_line' id='line_1_9' title="bbox 105 782 1465 840; baseline -0.001 -14"><span class='ocrx_word' id='word_1_67' title='bbox 105 787 182 839; x_wconf 85' lang='grc' dir='ltr'><strong>οὐχ</strong></span> <span class='ocrx_word' id='word_1_68' title='bbox 212 782 313 838; x_wconf 86' lang='grc' dir='ltr'><em>ὅπερ</em></span> <span class='ocrx_word' id='word_1_69' title='bbox 343 785 530 836; x_wconf 71' lang='grc' dir='ltr'><em>ἐκεῖνονς</em></span> <span class='ocrx_word' id='word_1_70' title='bbox 571 789 713 828; x_wconf 75' lang='grc' dir='ltr'><strong>ΠΩΛ.</strong></span> <span class='ocrx_word' id='word_1_71' title='bbox 746 788 874 827; x_wconf 85' lang='grc' dir='ltr'><em>Πάνυ</em></span> <span class='ocrx_word' id='word_1_72' title='bbox 902 801 960 840; x_wconf 89' lang='grc' dir='ltr'><strong>γε.</strong></span> <span class='ocrx_word' id='word_1_73' title='bbox 1032 789 1148 827; x_wconf 84' lang='grc' dir='ltr'><strong>ΧΑΙ.</strong></span> <span class='ocrx_word' id='word_1_74' title='bbox 1182 782 1346 838; x_wconf 84' lang='grc' dir='ltr'><em>Ἰατρὸν</em></span> <span class='ocrx_word' id='word_1_75' title='bbox 1381 788 1465 837; x_wconf 78' lang='grc' dir='ltr'><strong>ἄρα</strong></span> 
     </span>
     <span class='ocr_line' id='line_1_10' title="bbox 104 849 1461 905; baseline 0.001 -14"><span class='ocrx_word' id='word_1_76' title='bbox 104 852 344 902; x_wconf 76' lang='grc' dir='ltr'><em>φάσκοντες</em></span> <span class='ocrx_word' id='word_1_77' title='bbox 375 853 509 893; x_wconf 82' lang='grc' dir='ltr'><em>αὐτὸν</em></span> <span class='ocrx_word' id='word_1_78' title='bbox 539 849 649 893; x_wconf 81' lang='grc' dir='ltr'><em>εἶναι</em></span> <span class='ocrx_word' id='word_1_79' title='bbox 676 855 817 900; x_wconf 77' lang='grc' dir='ltr'><em>καλῶς</em></span> <span class='ocrx_word' id='word_1_80' title='bbox 846 851 900 892; x_wconf 72' lang='grc' dir='ltr'><strong>ἂν</strong></span> <span class='ocrx_word' id='word_1_81' title='bbox 929 851 1137 905; x_wconf 77' lang='grc' dir='ltr'><em>ἐλέγομεν.</em></span> <span class='ocrx_word' id='word_1_82' title='bbox 1181 853 1326 892; x_wconf 73' lang='grc' dir='ltr'><strong>ΠῼΛ.</strong></span> <span class='ocrx_word' id='word_1_83' title='bbox 1361 851 1461 893; x_wconf 88' lang='grc' dir='ltr'><strong>Ναί.</strong></span> 
     </span>
     <span class='ocr_line' id='line_1_11' title="bbox 109 909 1463 971; baseline 0.001 -14"><span class='ocrx_word' id='word_1_84' title='bbox 109 919 228 958; x_wconf 88' lang='grc' dir='ltr'><strong>ΧΑΙ.</strong></span> <span class='ocrx_word' id='word_1_85' title='bbox 266 916 322 957; x_wconf 84' lang='grc' dir='ltr'><strong>Εἰ</strong></span> <span class='ocrx_word' id='word_1_86' title='bbox 350 915 395 957; x_wconf 84' lang='grc' dir='ltr'><strong>δέ</strong></span> <span class='ocrx_word' id='word_1_87' title='bbox 437 931 482 970; x_wconf 92' lang='grc' dir='ltr'><strong>γε</strong></span> <span class='ocrx_word' id='word_1_88' title='bbox 511 909 641 971; x_wconf 78' lang='grc' dir='ltr'><em>ἧςπερ</em></span> <span class='ocrx_word' id='word_1_89' title='bbox 665 913 933 971; x_wconf 81' lang='grc' dir='ltr'><em>Ἀριστοφῶν</em></span> <span class='ocrx_word' id='word_1_90' title='bbox 971 917 993 957; x_wconf 87' lang='grc' dir='ltr'><strong><em>ὁ</em></strong></span> <span class='ocrx_word' id='word_1_91' title='bbox 1020 913 1343 969; x_wconf 79' lang='grc' dir='ltr'><em>Ἀγλαοφῶντος</em></span> <span class='ocrx_word' id='word_1_92' title='bbox 1388 916 1410 969; x_wconf 85' lang='grc' dir='ltr'>ἢ</span> <span class='ocrx_word' id='word_1_93' title='bbox 1440 918 1463 958; x_wconf 86' lang='grc' dir='ltr'>ὁ</span> 
     </span>
    </p>
   </div>
   <div class='ocr_carea' id='block_1_3' title="bbox 107 1047 1461 1137">
    <p class='ocr_par' dir='ltr' id='par_1_3' title="bbox 107 1047 1461 1137">
     <span class='ocr_line' id='line_1_12' title="bbox 170 1047 1461 1093; baseline 0.001 -12"><span class='ocrx_word' id='word_1_94' title='bbox 170 1050 208 1081; x_wconf 92' lang='grc' dir='ltr'><strong>Ρ.</strong></span> <span class='ocrx_word' id='word_1_95' title='bbox 231 1047 310 1083; x_wconf 89' lang='grc'>448.</span> <span class='ocrx_word' id='word_1_96' title='bbox 356 1050 425 1082; x_wconf 83' lang='grc' dir='ltr'><strong>καὶ</strong></span> <span class='ocrx_word' id='word_1_97' title='bbox 458 1047 538 1093; x_wconf 82' lang='grc' dir='ltr'><strong>γὰρ</strong></span> <span class='ocrx_word' id='word_1_98' title='bbox 576 1053 657 1082; x_wconf 73' lang='grc' dir='ltr'><strong>νῦν</strong></span> <span class='ocrx_word' id='word_1_99' title='bbox 690 1047 738 1092; x_wconf 82' lang='grc' dir='ltr'><strong>δὴ</strong></span> <span class='ocrx_word' id='word_1_100' title='bbox 771 1048 879 1082; x_wconf 75' lang='grc' dir='ltr'><em>αὐτὰ</em></span> <span class='ocrx_word' id='word_1_101' title='bbox 906 1049 942 1092; x_wconf 83' lang='grc' dir='ltr'><strong>τ.]</strong></span> <span class='ocrx_word' id='word_1_102' title='bbox 995 1051 1035 1082; x_wconf 76' lang='lat' dir='ltr'><strong>V.</strong></span> <span class='ocrx_word' id='word_1_103' title='bbox 1062 1047 1103 1092; x_wconf 83' lang='grc' dir='ltr'><strong>δὴ</strong></span> <span class='ocrx_word' id='word_1_104' title='bbox 1135 1054 1196 1082; x_wconf 72' lang='grc' dir='ltr'><strong>νῦν</strong></span> <span class='ocrx_word' id='word_1_105' title='bbox 1220 1050 1339 1082; x_wconf 85' lang='lat' dir='ltr'><strong>invitis</strong></span> <span class='ocrx_word' id='word_1_106' title='bbox 1364 1050 1461 1082; x_wconf 83' lang='lat' dir='ltr'><strong>codd.</strong></span> 
     </span>
     <span class='ocr_line' id='line_1_13' title="bbox 107 1094 1012 1137; baseline -0.001 -10"><span class='ocrx_word' id='word_1_107' title='bbox 107 1094 279 1137; x_wconf 90' lang='lat' dir='ltr'><strong>plerisque</strong></span> <span class='ocrx_word' id='word_1_108' title='bbox 304 1094 625 1128; x_wconf 84' lang='lat' dir='ltr'><strong>omnibus.E1ror</strong></span> <span class='ocrx_word' id='word_1_109' title='bbox 650 1096 753 1137; x_wconf 88' lang='lat' dir='ltr'><strong>longe</strong></span> <span class='ocrx_word' id='word_1_110' title='bbox 778 1096 1012 1127; x_wconf 66' lang='lat' dir='ltr'><strong>‹zi-··ebenimus.</strong></span> 
     </span>
    </p>
   </div>
   <div class='ocr_carea' id='block_1_4' title="bbox 103 1159 1462 1251">
    <p class='ocr_par' dir='ltr' id='par_1_4' title="bbox 103 1159 1462 1251">
     <span class='ocr_line' id='line_1_14' title="bbox 178 1159 1462 1205; baseline 0.001 -12"><span class='ocrx_word' id='word_1_111' title='bbox 178 1159 345 1205; x_wconf 75' lang='grc' dir='ltr'><em>ῥᾳδίως</em></span> <span class='ocrx_word' id='word_1_112' title='bbox 377 1159 638 1205; x_wconf 81' lang='grc' dir='ltr'><em>α’ποκριιεῖ]</em></span> <span class='ocrx_word' id='word_1_113' title='bbox 680 1162 737 1194; x_wconf 75' lang='lat' dir='ltr'><strong>Sic</strong></span> <span class='ocrx_word' id='word_1_114' title='bbox 763 1162 880 1194; x_wconf 68' lang='lat' dir='ltr'><strong>Clmk.</strong></span> <span class='ocrx_word' id='word_1_115' title='bbox 918 1162 994 1194; x_wconf 82' lang='lat' dir='ltr'><strong>Vat.</strong></span> <span class='ocrx_word' id='word_1_116' title='bbox 1020 1160 1203 1205; x_wconf 74' lang='grc' dir='ltr'><em>ἁποκριιῇ.</em></span> <span class='ocrx_word' id='word_1_117' title='bbox 1245 1164 1333 1194; x_wconf 80' lang='lat' dir='ltr'><strong>Vett.</strong></span> <span class='ocrx_word' id='word_1_118' title='bbox 1369 1162 1462 1194; x_wconf 82' lang='lat' dir='ltr'><strong>editt.</strong></span> 
     </span>
     <span class='ocr_line' id='line_1_15' title="bbox 103 1205 1461 1251; baseline -0.001 -11"><span class='ocrx_word' id='word_1_119' title='bbox 103 1205 291 1249; x_wconf 82' lang='grc' dir='ltr'><em>α’ποκριίῃ.</em></span> <span class='ocrx_word' id='word_1_120' title='bbox 338 1208 422 1241; x_wconf 88' lang='lat' dir='ltr'><strong>Mox</strong></span> <span class='ocrx_word' id='word_1_121' title='bbox 462 1208 505 1241; x_wconf 86' lang='grc' dir='ltr'><strong>Τι’</strong></span> <span class='ocrx_word' id='word_1_122' title='bbox 531 1206 592 1240; x_wconf 84' lang='grc' dir='ltr'><em>δαι</em></span> <span class='ocrx_word' id='word_1_123' title='bbox 613 1208 728 1240; x_wconf 68' lang='lat' dir='ltr'>Clark</span> <span class='ocrx_word' id='word_1_124' title='bbox 754 1219 819 1240; x_wconf 92' lang='lat' dir='ltr'><strong>em.</strong></span> <span class='ocrx_word' id='word_1_125' title='bbox 841 1219 919 1240; x_wconf 85' lang='lat' dir='ltr'><strong>eum</strong></span> <span class='ocrx_word' id='word_1_126' title='bbox 953 1209 1032 1240; x_wconf 81' lang='lat' dir='ltr'><strong>aliis</strong></span> <span class='ocrx_word' id='word_1_127' title='bbox 1058 1208 1236 1240; x_wconf 87' lang='lat' dir='ltr'>nonnullis</span> <span class='ocrx_word' id='word_1_128' title='bbox 1260 1219 1320 1251; x_wconf 87' lang='lat' dir='ltr'><strong>pro</strong></span> <span class='ocrx_word' id='word_1_129' title='bbox 1349 1208 1395 1240; x_wconf 86' lang='grc' dir='ltr'><em>Τι’</em></span> <span class='ocrx_word' id='word_1_130' title='bbox 1415 1207 1461 1239; x_wconf 79' lang='grc' dir='ltr'><strong>δέ.</strong></span> 
     </span>
    </p>
   </div>
   <div class='ocr_carea' id='block_1_5' title="bbox 105 1272 1461 1363">
    <p class='ocr_par' dir='ltr' id='par_1_5' title="bbox 105 1272 1461 1363">
     <span class='ocr_line' id='line_1_16' title="bbox 168 1272 1461 1318; baseline 0 -11"><span class='ocrx_word' id='word_1_131' title='bbox 168 1276 205 1307; x_wconf 95' lang='grc' dir='ltr'><strong>Β.</strong></span> <span class='ocrx_word' id='word_1_132' title='bbox 256 1287 353 1307; x_wconf 77' lang='grc' dir='ltr'><em>τιια</em></span> <span class='ocrx_word' id='word_1_133' title='bbox 378 1272 429 1306; x_wconf 76' lang='grc' dir='ltr'><em>ἂι</em></span> <span class='ocrx_word' id='word_1_134' title='bbox 453 1272 505 1307; x_wconf 75' lang='grc' dir='ltr'><strong>αι’</strong></span> <span class='ocrx_word' id='word_1_135' title='bbox 516 1287 557 1307; x_wconf 89' lang='grc' dir='ltr'><strong>το</strong></span> <span class='ocrx_word' id='word_1_136' title='bbox 573 1274 602 1318; x_wconf 87' lang='grc' dir='ltr'><strong>ι]</strong></span> <span class='ocrx_word' id='word_1_137' title='bbox 629 1276 859 1307; x_wconf 82' lang='lat' dir='ltr'><strong>Buttmannus</strong></span> <span class='ocrx_word' id='word_1_138' title='bbox 882 1275 970 1308; x_wconf 83' lang='lat' dir='ltr'><strong>coni.</strong></span> <span class='ocrx_word' id='word_1_139' title='bbox 999 1288 1025 1307; x_wconf 80' lang='grc' dir='ltr'><em>τι</em></span> <span class='ocrx_word' id='word_1_140' title='bbox 1043 1274 1087 1307; x_wconf 71' lang='grc' dir='ltr'><strong>ἂν</strong></span> <span class='ocrx_word' id='word_1_141' title='bbox 1104 1273 1218 1307; x_wconf 78' lang='grc' dir='ltr'><em>αι’τόι</em></span> <span class='ocrx_word' id='word_1_142' title='bbox 1244 1276 1326 1307; x_wconf 82' lang='lat' dir='ltr'><strong>Mox</strong></span> <span class='ocrx_word' id='word_1_143' title='bbox 1346 1275 1461 1307; x_wconf 81' lang='lat' dir='ltr'><strong>Claik</strong></span> 
     </span>
     <span class='ocr_line' id='line_1_17' title="bbox 105 1314 355 1363; baseline 0 -11"><span class='ocrx_word' id='word_1_144' title='bbox 105 1314 176 1362; x_wconf 77' lang='grc' dir='ltr'><strong>ἆρα</strong></span> <span class='ocrx_word' id='word_1_145' title='bbox 199 1331 259 1363; x_wconf 91' lang='lat' dir='ltr'><strong>pro</strong></span> <span class='ocrx_word' id='word_1_146' title='bbox 278 1317 355 1362; x_wconf 75' lang='grc' dir='ltr'><strong>ἄρα.</strong></span> 
     </span>
    </p>
   </div>
   <div class='ocr_carea' id='block_1_6' title="bbox 102 1430 750 1556">
    <p class='ocr_par' dir='ltr' id='par_1_6' title="bbox 102 1430 750 1556">
     <span class='ocr_line' id='line_1_18' title="bbox 103 1430 750 1471; baseline 0 -7"><span class='ocrx_word' id='word_1_147' title='bbox 103 1443 142 1465; x_wconf 90' lang='lat' dir='ltr'><strong>eo</strong></span> <span class='ocrx_word' id='word_1_148' title='bbox 168 1433 254 1464; x_wconf 79' lang='lat' dir='ltr'><strong>scire</strong></span> <span class='ocrx_word' id='word_1_149' title='bbox 279 1435 420 1471; x_wconf 81' lang='lat' dir='ltr'><strong>aveant,</strong></span> <span class='ocrx_word' id='word_1_150' title='bbox 452 1432 479 1462; x_wconf 89' lang='lat' dir='ltr'><strong>ii</strong></span> <span class='ocrx_word' id='word_1_151' title='bbox 503 1430 627 1464; x_wconf 85' lang='lat' dir='ltr'><strong>adeant</strong></span> <span class='ocrx_word' id='word_1_152' title='bbox 652 1432 681 1464; x_wconf 89' lang='lat' dir='ltr'>G</span> <span class='ocrx_word' id='word_1_153' title='bbox 690 1443 707 1463; x_wconf 89' lang='lat' dir='ltr'><strong>e</strong></span> <span class='ocrx_word' id='word_1_154' title='bbox 718 1443 750 1464; x_wconf 91' lang='lat' dir='ltr'><strong>e-</strong></span> 
     </span>
     <span class='ocr_line' id='line_1_19' title="bbox 102 1476 748 1519; baseline -0.002 -10"><span class='ocrx_word' id='word_1_155' title='bbox 102 1478 169 1510; x_wconf 91' lang='lat' dir='ltr'><strong>liu</strong></span> <span class='ocrx_word' id='word_1_156' title='bbox 178 1488 210 1509; x_wconf 91' lang='lat' dir='ltr'><strong>m</strong></span> <span class='ocrx_word' id='word_1_157' title='bbox 234 1478 324 1509; x_wconf 85' lang='lat' dir='ltr'><strong>Hist.</strong></span> <span class='ocrx_word' id='word_1_158' title='bbox 349 1477 497 1518; x_wconf 86' lang='lat' dir='ltr'><strong>Sophist.</strong></span> <span class='ocrx_word' id='word_1_159' title='bbox 521 1488 552 1519; x_wconf 90' lang='lat' dir='ltr'><strong>p.</strong></span> <span class='ocrx_word' id='word_1_160' title='bbox 570 1476 636 1509; x_wconf 85' lang='lat'><strong>164</strong></span> <span class='ocrx_word' id='word_1_161' title='bbox 656 1488 748 1519; x_wconf 84' lang='lat' dir='ltr'><strong>seqq.</strong></span> 
     </span>
     <span class='ocr_line' id='line_1_20' title="bbox 104 1523 748 1556; baseline -0.002 -1"><span class='ocrx_word' id='word_1_162' title='bbox 104 1523 246 1555; x_wconf 88' lang='lat' dir='ltr'><strong>Groen</strong></span> <span class='ocrx_word' id='word_1_163' title='bbox 262 1533 344 1554; x_wconf 87' lang='lat' dir='ltr'><strong>van</strong></span> <span class='ocrx_word' id='word_1_164' title='bbox 362 1523 513 1555; x_wconf 86' lang='lat' dir='ltr'><strong>Prinst</strong></span> <span class='ocrx_word' id='word_1_165' title='bbox 525 1533 542 1553; x_wconf 91' lang='lat' dir='ltr'><strong>e</strong></span> <span class='ocrx_word' id='word_1_166' title='bbox 554 1533 632 1556; x_wconf 88' lang='lat' dir='ltr'><strong>rer.</strong></span> <span class='ocrx_word' id='word_1_167' title='bbox 650 1523 748 1554; x_wconf 90' lang='lat' dir='ltr'><strong>Pros-</strong></span> 
     </span>
    </p>
   </div>
   <div class='ocr_carea' id='block_1_7' title="bbox 105 1428 1462 1610">
    <p class='ocr_par' dir='ltr' id='par_1_7' title="bbox 105 1428 1462 1610">
     <span class='ocr_line' id='line_1_21' title="bbox 820 1428 1462 1476; baseline 0.003 -13"><span class='ocrx_word' id='word_1_168' title='bbox 820 1436 892 1464; x_wconf 82' lang='grc' dir='ltr'><strong>τοῦ</strong></span> <span class='ocrx_word' id='word_1_169' title='bbox 916 1430 1008 1476; x_wconf 83' lang='grc' dir='ltr'><strong>Ἡρ.]</strong></span> <span class='ocrx_word' id='word_1_170' title='bbox 1053 1433 1195 1465; x_wconf 79' lang='lat' dir='ltr'><strong>Schol.</strong></span> <span class='ocrx_word' id='word_1_171' title='bbox 1227 1428 1330 1467; x_wconf 70' lang='grc' dir='ltr'><em>οὗτος</em></span> <span class='ocrx_word' id='word_1_172' title='bbox 1359 1430 1419 1474; x_wconf 77' lang='grc' dir='ltr'><strong>οὐχ</strong></span> <span class='ocrx_word' id='word_1_173' title='bbox 1444 1430 1462 1465; x_wconf 88' lang='grc' dir='ltr'>ὁ</span> 
     </span>
     <span class='ocr_line' id='line_1_22' title="bbox 821 1476 1461 1519; baseline 0.003 -10"><span class='ocrx_word' id='word_1_174' title='bbox 821 1477 1089 1519; x_wconf 63' lang='grc' dir='ltr'><strong>Σηλυμβριανός</strong></span> <span class='ocrx_word' id='word_1_175' title='bbox 1137 1477 1228 1510; x_wconf 73' lang='grc' dir='ltr'><em>ἐστιν</em></span> <span class='ocrx_word' id='word_1_176' title='bbox 1273 1476 1461 1518; x_wconf 68' lang='grc' dir='ltr'><em>Ἱίρόδικος,</em></span> 
     </span>
     <span class='ocr_line' id='line_1_23' title="bbox 818 1521 1461 1566; baseline 0.002 -12"><span class='ocrx_word' id='word_1_177' title='bbox 818 1521 885 1554; x_wconf 74' lang='grc' dir='ltr'><strong>ἀλλ’</strong></span> <span class='ocrx_word' id='word_1_178' title='bbox 914 1521 931 1554; x_wconf 90' lang='grc' dir='ltr'>ὁ</span> <span class='ocrx_word' id='word_1_179' title='bbox 957 1525 1155 1562; x_wconf 63' lang='grc' dir='ltr'><em>Λεοντῖνος,</em></span> <span class='ocrx_word' id='word_1_180' title='bbox 1184 1523 1338 1566; x_wconf 79' lang='grc' dir='ltr'><em>Γοργίου</em></span> <span class='ocrx_word' id='word_1_181' title='bbox 1363 1521 1461 1555; x_wconf 61' lang='lat' dir='ltr'><strong>cibet-</strong></span> 
     </span>
     <span class='ocr_line' id='line_1_24' title="bbox 105 1566 1462 1610; baseline 0 -10"><span class='ocrx_word' id='word_1_182' title='bbox 105 1578 220 1610; x_wconf 84' lang='lat' dir='ltr'><strong>opogr.</strong></span> <span class='ocrx_word' id='word_1_183' title='bbox 256 1567 344 1600; x_wconf 76' lang='lat' dir='ltr'><strong>Plat.</strong></span> <span class='ocrx_word' id='word_1_184' title='bbox 370 1578 403 1609; x_wconf 88' lang='lat' dir='ltr'><strong>p.</strong></span> <span class='ocrx_word' id='word_1_185' title='bbox 428 1566 493 1600; x_wconf 93' lang='grc'><strong>102</strong></span> <span class='ocrx_word' id='word_1_186' title='bbox 515 1578 607 1609; x_wconf 83' lang='lat' dir='ltr'>seqq.</span> <span class='ocrx_word' id='word_1_187' title='bbox 633 1572 666 1598; x_wconf 86' lang='lat' dir='ltr'><strong>et</strong></span> <span class='ocrx_word' id='word_1_188' title='bbox 689 1568 748 1599; x_wconf 92' lang='lat' dir='ltr'><strong>Io.</strong></span> <span class='ocrx_word' id='word_1_189' title='bbox 819 1567 896 1607; x_wconf 63' lang='grc' dir='ltr'><strong>(,ιός.</strong></span> <span class='ocrx_word' id='word_1_190' title='bbox 938 1569 1128 1610; x_wconf 85' lang='lat' dir='ltr'><strong>Utrumque</strong></span> <span class='ocrx_word' id='word_1_191' title='bbox 1160 1569 1337 1600; x_wconf 84' lang='lat' dir='ltr'><strong>confundit</strong></span> <span class='ocrx_word' id='word_1_192' title='bbox 1361 1569 1462 1600; x_wconf 88' lang='lat' dir='ltr'><strong>Rou-</strong></span> 
     </span>
    </p>
   </div>
   <div class='ocr_carea' id='block_1_8' title="bbox 103 1612 750 2286">
    <p class='ocr_par' dir='ltr' id='par_1_8' title="bbox 103 1612 750 2286">
     <span class='ocr_line' id='line_1_25' title="bbox 103 1612 746 1654; baseline -0.003 -9"><span class='ocrx_word' id='word_1_193' title='bbox 103 1614 260 1646; x_wconf 84' lang='lat' dir='ltr'><strong>Meurs.</strong></span> <span class='ocrx_word' id='word_1_194' title='bbox 293 1612 482 1644; x_wconf 86' lang='lat' dir='ltr'><strong>Comment.</strong></span> <span class='ocrx_word' id='word_1_195' title='bbox 514 1613 550 1644; x_wconf 92' lang='lat' dir='ltr'><strong>in</strong></span> <span class='ocrx_word' id='word_1_196' title='bbox 586 1613 746 1654; x_wconf 89' lang='lat' dir='ltr'><strong>Apollon.</strong></span> 
     </span>
     <span class='ocr_line' id='line_1_26' title="bbox 103 1656 748 1700; baseline -0.002 -11"><span class='ocrx_word' id='word_1_197' title='bbox 103 1657 245 1700; x_wconf 88' lang='lat' dir='ltr'><strong>Dyscol.</strong></span> <span class='ocrx_word' id='word_1_198' title='bbox 262 1668 293 1700; x_wconf 90' lang='lat' dir='ltr'><strong>p.</strong></span> <span class='ocrx_word' id='word_1_199' title='bbox 310 1656 364 1690; x_wconf 89' lang='grc'><strong>82.</strong></span> <span class='ocrx_word' id='word_1_200' title='bbox 377 1676 422 1680; x_wconf 90' lang='grc'><strong>-</strong></span> <span class='ocrx_word' id='word_1_201' title='bbox 442 1657 543 1699; x_wconf 89' lang='lat' dir='ltr'><strong>Apud</strong></span> <span class='ocrx_word' id='word_1_202' title='bbox 568 1657 748 1689; x_wconf 80' lang='lat' dir='ltr'>Platonem</span> 
     </span>
     <span class='ocr_line' id='line_1_27' title="bbox 104 1703 746 1745; baseline -0.003 -10"><span class='ocrx_word' id='word_1_203' title='bbox 104 1713 268 1745; x_wconf 85' lang='lat' dir='ltr'>arrogans</span> <span class='ocrx_word' id='word_1_204' title='bbox 301 1706 370 1743; x_wconf 90' lang='lat' dir='ltr'><strong>est,</strong></span> <span class='ocrx_word' id='word_1_205' title='bbox 406 1706 444 1734; x_wconf 93' lang='lat' dir='ltr'><strong>ut</strong></span> <span class='ocrx_word' id='word_1_206' title='bbox 476 1704 550 1744; x_wconf 91' lang='lat' dir='ltr'><strong>ipso</strong></span> <span class='ocrx_word' id='word_1_207' title='bbox 582 1703 746 1745; x_wconf 84' lang='lat' dir='ltr'><strong>magistro</strong></span> 
     </span>
     <span class='ocr_line' id='line_1_28' title="bbox 104 1747 748 1789; baseline -0.002 -9"><span class='ocrx_word' id='word_1_208' title='bbox 104 1748 172 1780; x_wconf 89' lang='lat' dir='ltr'><strong>sibi</strong></span> <span class='ocrx_word' id='word_1_209' title='bbox 203 1747 360 1779; x_wconf 84' lang='lat' dir='ltr'><strong>videatur</strong></span> <span class='ocrx_word' id='word_1_210' title='bbox 391 1747 514 1779; x_wconf 88' lang='lat' dir='ltr'><strong>melius</strong></span> <span class='ocrx_word' id='word_1_211' title='bbox 543 1757 643 1789; x_wconf 86' lang='lat' dir='ltr'><strong>posse</strong></span> <span class='ocrx_word' id='word_1_212' title='bbox 680 1748 748 1779; x_wconf 93' lang='lat' dir='ltr'><strong>elo—</strong></span> 
     </span>
     <span class='ocr_line' id='line_1_29' title="bbox 106 1792 747 1835; baseline -0.003 -10"><span class='ocrx_word' id='word_1_213' title='bbox 106 1793 267 1835; x_wconf 79' lang='lat' dir='ltr'><strong>quentiae</strong></span> <span class='ocrx_word' id='word_1_214' title='bbox 298 1803 455 1824; x_wconf 83' lang='lat' dir='ltr'>caussam</span> <span class='ocrx_word' id='word_1_215' title='bbox 480 1792 676 1832; x_wconf 79' lang='lat' dir='ltr'><strong>defendere,</strong></span> <span class='ocrx_word' id='word_1_216' title='bbox 712 1793 747 1823; x_wconf 89' lang='lat' dir='ltr'><strong>in</strong></span> 
     </span>
     <span class='ocr_line' id='line_1_30' title="bbox 105 1837 749 1880; baseline -0.002 -10"><span class='ocrx_word' id='word_1_217' title='bbox 105 1849 172 1880; x_wconf 88' lang='lat' dir='ltr'><strong>quo</strong></span> <span class='ocrx_word' id='word_1_218' title='bbox 190 1839 367 1870; x_wconf 87' lang='lat' dir='ltr'><strong>immemor</strong></span> <span class='ocrx_word' id='word_1_219' title='bbox 388 1838 540 1869; x_wconf 85' lang='lat' dir='ltr'><strong>iustitiae</strong></span> <span class='ocrx_word' id='word_1_220' title='bbox 563 1842 665 1879; x_wconf 83' lang='lat' dir='ltr'><strong>atque</strong></span> <span class='ocrx_word' id='word_1_221' title='bbox 690 1837 749 1869; x_wconf 93' lang='lat' dir='ltr'><strong>ho-</strong></span> 
     </span>
     <span class='ocr_line' id='line_1_31' title="bbox 104 1883 748 1924; baseline -0.002 -9"><span class='ocrx_word' id='word_1_222' title='bbox 104 1884 247 1915; x_wconf 87' lang='lat' dir='ltr'><strong>nestatis</strong></span> <span class='ocrx_word' id='word_1_223' title='bbox 281 1883 396 1915; x_wconf 84' lang='lat' dir='ltr'><strong>omnia</strong></span> <span class='ocrx_word' id='word_1_224' title='bbox 419 1883 541 1915; x_wconf 85' lang='lat' dir='ltr'>tribuit</span> <span class='ocrx_word' id='word_1_225' title='bbox 563 1883 748 1924; x_wconf 86' lang='lat' dir='ltr'><strong>potentiae,</strong></span> 
     </span>
     <span class='ocr_line' id='line_1_32' title="bbox 104 1928 748 1961; baseline -0.003 -1"><span class='ocrx_word' id='word_1_226' title='bbox 104 1932 142 1960; x_wconf 88' lang='lat' dir='ltr'><strong>ut</strong></span> <span class='ocrx_word' id='word_1_227' title='bbox 183 1929 268 1961; x_wconf 85' lang='lat' dir='ltr'><strong>adeo</strong></span> <span class='ocrx_word' id='word_1_228' title='bbox 310 1939 380 1960; x_wconf 92' lang='lat' dir='ltr'><strong>non</strong></span> <span class='ocrx_word' id='word_1_229' title='bbox 419 1928 597 1960; x_wconf 85' lang='lat' dir='ltr'><strong>erubescat</strong></span> <span class='ocrx_word' id='word_1_230' title='bbox 637 1928 748 1959; x_wconf 85' lang='lat' dir='ltr'><strong>dicere</strong></span> 
     </span>
     <span class='ocr_line' id='line_1_33' title="bbox 105 1971 748 2015; baseline -0.002 -10"><span class='ocrx_word' id='word_1_231' title='bbox 105 1973 209 2005; x_wconf 87' lang='lat' dir='ltr'><strong>malle</strong></span> <span class='ocrx_word' id='word_1_232' title='bbox 250 1983 286 2005; x_wconf 86' lang='lat' dir='ltr'><strong>se</strong></span> <span class='ocrx_word' id='word_1_233' title='bbox 319 1971 452 2005; x_wconf 76' lang='grc' dir='ltr'><em>ἀδικεῖν</em></span> <span class='ocrx_word' id='word_1_234' title='bbox 485 1983 586 2015; x_wconf 86' lang='lat' dir='ltr'><strong>quam</strong></span> <span class='ocrx_word' id='word_1_235' title='bbox 621 1971 748 2004; x_wconf 81' lang='grc' dir='ltr'><em>ἀδικεῖ-</em></span> 
     </span>
     <span class='ocr_line' id='line_1_34' title="bbox 107 2018 749 2060; baseline -0.003 -10"><span class='ocrx_word' id='word_1_236' title='bbox 107 2019 191 2050; x_wconf 77' lang='grc' dir='ltr'><em>σθαι</em></span> <span class='ocrx_word' id='word_1_237' title='bbox 219 2022 253 2051; x_wconf 89' lang='lat' dir='ltr'><strong>et</strong></span> <span class='ocrx_word' id='word_1_238' title='bbox 280 2019 421 2059; x_wconf 79' lang='lat' dir='ltr'>tyranni</span> <span class='ocrx_word' id='word_1_239' title='bbox 448 2018 605 2060; x_wconf 86' lang='lat' dir='ltr'><strong>quamvis</strong></span> <span class='ocrx_word' id='word_1_240' title='bbox 629 2019 749 2050; x_wconf 87' lang='lat' dir='ltr'><strong>iniusti</strong></span> 
     </span>
     <span class='ocr_line' id='line_1_35' title="bbox 103 2064 748 2105; baseline -0.002 -10"><span class='ocrx_word' id='word_1_241' title='bbox 103 2064 210 2095; x_wconf 86' lang='lat' dir='ltr'><strong>vitam</strong></span> <span class='ocrx_word' id='word_1_242' title='bbox 246 2073 320 2095; x_wconf 89' lang='lat' dir='ltr'><strong>esse</strong></span> <span class='ocrx_word' id='word_1_243' title='bbox 354 2064 605 2101; x_wconf 79' lang='lat' dir='ltr'><strong>beatissimam3</strong></span> <span class='ocrx_word' id='word_1_244' title='bbox 653 2074 684 2095; x_wconf 84' lang='lat' dir='ltr'><strong>v.</strong></span> <span class='ocrx_word' id='word_1_245' title='bbox 716 2074 748 2105; x_wconf 91' lang='lat' dir='ltr'><strong>p.</strong></span> 
     </span>
     <span class='ocr_line' id='line_1_36' title="bbox 106 2106 750 2150; baseline -0.003 -9"><span class='ocrx_word' id='word_1_246' title='bbox 106 2107 183 2141; x_wconf 83' lang='lat'><strong>469.</strong></span> <span class='ocrx_word' id='word_1_247' title='bbox 207 2109 247 2140; x_wconf 96' lang='grc' dir='ltr'><strong>Β.</strong></span> <span class='ocrx_word' id='word_1_248' title='bbox 271 2118 363 2150; x_wconf 86' lang='lat' dir='ltr'><strong>seqq.</strong></span> <span class='ocrx_word' id='word_1_249' title='bbox 389 2106 464 2140; x_wconf 93' lang='lat'><strong>471.</strong></span> <span class='ocrx_word' id='word_1_250' title='bbox 505 2109 674 2140; x_wconf 88' lang='lat' dir='ltr'><strong>Nimirum</strong></span> <span class='ocrx_word' id='word_1_251' title='bbox 699 2113 750 2140; x_wconf 87' lang='lat' dir='ltr'><strong>est</strong></span> 
     </span>
     <span class='ocr_line' id='line_1_37' title="bbox 106 2153 750 2195; baseline -0.002 -9"><span class='ocrx_word' id='word_1_252' title='bbox 106 2154 306 2186; x_wconf 81' lang='lat' dir='ltr'><strong>adolescens</strong></span> <span class='ocrx_word' id='word_1_253' title='bbox 354 2154 506 2185; x_wconf 85' lang='lat' dir='ltr'><strong>novitiae</strong></span> <span class='ocrx_word' id='word_1_254' title='bbox 547 2153 750 2195; x_wconf 84' lang='lat' dir='ltr'><strong>disciplinae</strong></span> 
     </span>
     <span class='ocr_line' id='line_1_38' title="bbox 108 2198 748 2240; baseline -0.002 -10"><span class='ocrx_word' id='word_1_255' title='bbox 108 2199 204 2231; x_wconf 85' lang='lat' dir='ltr'><strong>civili</strong></span> <span class='ocrx_word' id='word_1_256' title='bbox 233 2198 368 2230; x_wconf 81' lang='lat' dir='ltr'><strong>deditus</strong></span> <span class='ocrx_word' id='word_1_257' title='bbox 400 2202 434 2230; x_wconf 91' lang='lat' dir='ltr'><strong>et</strong></span> <span class='ocrx_word' id='word_1_258' title='bbox 462 2198 664 2240; x_wconf 86' lang='lat' dir='ltr'><strong>perniciosis</strong></span> <span class='ocrx_word' id='word_1_259' title='bbox 695 2209 748 2230; x_wconf 88' lang='lat' dir='ltr'><strong>ae-</strong></span> 
     </span>
     <span class='ocr_line' id='line_1_39' title="bbox 105 2244 684 2286; baseline -0.003 -10"><span class='ocrx_word' id='word_1_260' title='bbox 105 2244 259 2285; x_wconf 86' lang='lat' dir='ltr'><strong>qualium</strong></span> <span class='ocrx_word' id='word_1_261' title='bbox 284 2244 503 2286; x_wconf 86' lang='lat' dir='ltr'><strong>opinionibus</strong></span> <span class='ocrx_word' id='word_1_262' title='bbox 528 2244 684 2275; x_wconf 84' lang='lat' dir='ltr'><strong>infectus.</strong></span> 
     </span>
    </p>
   </div>
   <div class='ocr_carea' id='block_1_9' title="bbox 107 2330 751 2418">
    <p class='ocr_par' dir='ltr' id='par_1_9' title="bbox 107 2330 751 2418">
     <span class='ocr_line' id='line_1_40' title="bbox 155 2330 751 2375; baseline -0.002 -11"><span class='ocrx_word' id='word_1_263' title='bbox 155 2332 208 2365; x_wconf 89' lang='grc' dir='ltr'><em>Τι’</em></span> <span class='ocrx_word' id='word_1_264' title='bbox 237 2332 282 2364; x_wconf 82' lang='grc' dir='ltr'><strong>δὲ</strong></span> <span class='ocrx_word' id='word_1_265' title='bbox 313 2335 439 2365; x_wconf 86' lang='grc' dir='ltr'><em>τοῦτο</em></span> <span class='ocrx_word' id='word_1_266' title='bbox 464 2332 526 2375; x_wconf 84' lang='lat'><strong>-—]</strong></span> <span class='ocrx_word' id='word_1_267' title='bbox 573 2331 626 2363; x_wconf 85' lang='lat' dir='ltr'><strong>Ad</strong></span> <span class='ocrx_word' id='word_1_268' title='bbox 656 2330 751 2363; x_wconf 81' lang='grc' dir='ltr'><em>τίδὲ</em></span> 
     </span>
     <span class='ocr_line' id='line_1_41' title="bbox 107 2375 751 2418; baseline -0.002 -9"><span class='ocrx_word' id='word_1_269' title='bbox 107 2381 206 2409; x_wconf 87' lang='grc' dir='ltr'><em>τοῦτο</em></span> <span class='ocrx_word' id='word_1_270' title='bbox 231 2377 337 2410; x_wconf 87' lang='lat' dir='ltr'><strong>intell.</strong></span> <span class='ocrx_word' id='word_1_271' title='bbox 363 2377 531 2418; x_wconf 81' lang='grc' dir='ltr'><em>διαφέρει.</em></span> <span class='ocrx_word' id='word_1_272' title='bbox 564 2377 604 2408; x_wconf 83' lang='lat' dir='ltr'><strong>cf.</strong></span> <span class='ocrx_word' id='word_1_273' title='bbox 629 2387 661 2418; x_wconf 88' lang='grc' dir='ltr'><strong>Ρ.</strong></span> <span class='ocrx_word' id='word_1_274' title='bbox 674 2375 751 2409; x_wconf 82' lang='grc'><strong>497.</strong></span> 
     </span>
    </p>
   </div>
   <div class='ocr_carea' id='block_1_10' title="bbox 107 2421 752 2546">
    <p class='ocr_par' dir='ltr' id='par_1_10' title="bbox 107 2421 751 2546">
     <span class='ocr_line' id='line_1_42' title="bbox 107 2421 751 2464; baseline 0 -10"><span class='ocrx_word' id='word_1_275' title='bbox 107 2423 147 2454; x_wconf 89' lang='lat' dir='ltr'><strong>E.</strong></span> <span class='ocrx_word' id='word_1_276' title='bbox 181 2422 352 2454; x_wconf 84' lang='lat' dir='ltr'><strong>Charmid.</strong></span> <span class='ocrx_word' id='word_1_277' title='bbox 384 2433 416 2464; x_wconf 87' lang='lat' dir='ltr'><strong>p.</strong></span> <span class='ocrx_word' id='word_1_278' title='bbox 450 2421 526 2455; x_wconf 88' lang='grc'><strong>164.</strong></span> <span class='ocrx_word' id='word_1_279' title='bbox 556 2423 596 2454; x_wconf 80' lang='lat' dir='ltr'><strong>A.</strong></span> <span class='ocrx_word' id='word_1_280' title='bbox 635 2421 751 2463; x_wconf 86' lang='lat' dir='ltr'><strong>ibique</strong></span> 
     </span>
     <span class='ocr_line' id='line_1_43' title="bbox 107 2466 750 2509; baseline -0.002 -11"><span class='ocrx_word' id='word_1_281' title='bbox 107 2467 334 2499; x_wconf 87' lang='lat' dir='ltr'><strong>Heindorf.</strong></span> <span class='ocrx_word' id='word_1_282' title='bbox 351 2485 393 2491; x_wconf 91' lang='grc'><strong>--</strong></span> <span class='ocrx_word' id='word_1_283' title='bbox 414 2466 492 2498; x_wconf 61' lang='grc' dir='ltr'><strong>ἐὰν</strong></span> <span class='ocrx_word' id='word_1_284' title='bbox 504 2469 573 2499; x_wconf 87' lang='grc' dir='ltr'><em>σοι</em></span> <span class='ocrx_word' id='word_1_285' title='bbox 593 2478 637 2509; x_wconf 82' lang='grc' dir='ltr'><strong>γε</strong></span> <span class='ocrx_word' id='word_1_286' title='bbox 665 2466 750 2498; x_wconf 83' lang='grc' dir='ltr'><em>ἱκα-</em></span> 
     </span>
     <span class='ocr_line' id='line_1_44' title="bbox 110 2510 752 2546; baseline 0.003 -3"><span class='ocrx_word' id='word_1_287' title='bbox 110 2515 202 2546; x_wconf 74' lang='grc' dir='ltr'><strong>νῶς.</strong></span> <span class='ocrx_word' id='word_1_288' title='bbox 244 2513 382 2544; x_wconf 88' lang='lat' dir='ltr'><strong>Menon.</strong></span> <span class='ocrx_word' id='word_1_289' title='bbox 435 2510 520 2545; x_wconf 91' lang='lat'><strong>..75</strong></span> <span class='ocrx_word' id='word_1_290' title='bbox 545 2513 592 2543; x_wconf 88' lang='lat' dir='ltr'><strong>B:</strong></span> <span class='ocrx_word' id='word_1_291' title='bbox 626 2512 752 2545; x_wconf 67' lang='grc' dir='ltr'><em>ἱκανοῖς</em></span> 
     </span>
    </p>
   </div>
   <div class='ocr_carea' id='block_1_11' title="bbox 111 2554 753 2600">
    <p class='ocr_par' dir='ltr' id='par_1_11' title="bbox 111 2554 753 2600">
     <span class='ocr_line' id='line_1_45' title="bbox 111 2554 753 2600; baseline 0 -12"><span class='ocrx_word' id='word_1_292' title='bbox 111 2567 181 2595; x_wconf 82' lang='grc' dir='ltr'><em>σοι,</em></span> <span class='ocrx_word' id='word_1_293' title='bbox 208 2554 229 2600; x_wconf 82' lang='grc' dir='ltr'><em>ἢ</em></span> <span class='ocrx_word' id='word_1_294' title='bbox 252 2554 358 2590; x_wconf 78' lang='grc' dir='ltr'><em>ἄλλως</em></span> <span class='ocrx_word' id='word_1_295' title='bbox 383 2568 454 2590; x_wconf 73' lang='grc' dir='ltr'><strong>πως</strong></span> <span class='ocrx_word' id='word_1_296' title='bbox 480 2557 612 2598; x_wconf 70' lang='grc' dir='ltr'><em>ζητεῖς;</em></span> <span class='ocrx_word' id='word_1_297' title='bbox 643 2557 753 2588; x_wconf 85' lang='lat' dir='ltr'><strong>Phae-</strong></span> 
     </span>
    </p>
   </div>
   <div class='ocr_carea' id='block_1_12' title="bbox 109 2599 753 2778">
    <p class='ocr_par' dir='ltr' id='par_1_12' title="bbox 109 2599 751 2732">
     <span class='ocr_line' id='line_1_46' title="bbox 109 2599 751 2644; baseline -0.002 -11"><span class='ocrx_word' id='word_1_298' title='bbox 109 2601 187 2633; x_wconf 89' lang='lat' dir='ltr'><strong>don.</strong></span> <span class='ocrx_word' id='word_1_299' title='bbox 211 2599 320 2644; x_wconf 82' lang='lat' dir='ltr'><strong>p.71.</strong></span> <span class='ocrx_word' id='word_1_300' title='bbox 345 2602 395 2633; x_wconf 95' lang='lat' dir='ltr'><strong>D.</strong></span> <span class='ocrx_word' id='word_1_301' title='bbox 429 2601 557 2635; x_wconf 72' lang='grc' dir='ltr'><em>ἱκαιῶς</em></span> <span class='ocrx_word' id='word_1_302' title='bbox 584 2611 647 2639; x_wconf 84' lang='grc' dir='ltr'><em>σοι,</em></span> <span class='ocrx_word' id='word_1_303' title='bbox 672 2601 751 2643; x_wconf 77' lang='grc' dir='ltr'><em>ἔφη,</em></span> 
     </span>
     <span class='ocr_line' id='line_1_47' title="bbox 110 2612 753 2699; baseline 0 -21"><span class='ocrx_word' id='word_1_304' title='bbox 110 2644 131 2689; x_wconf 84' lang='grc' dir='ltr'><em>ἢ</em></span> <span class='ocrx_word' id='word_1_305' title='bbox 147 2657 206 2684; x_wconf 88' lang='grc' dir='ltr'><strong>ον;</strong></span> <span class='ocrx_word' id='word_1_306' title='bbox 211 2612 336 2678; x_wconf 83' lang='lat' dir='ltr'><strong>pPlene</strong></span> <span class='ocrx_word' id='word_1_307' title='bbox 362 2647 414 2678; x_wconf 90' lang='lat' dir='ltr'><strong>De</strong></span> <span class='ocrx_word' id='word_1_308' title='bbox 438 2647 600 2699; x_wconf 76' lang='lat' dir='ltr'><strong>Rep.1V.</strong></span> <span class='ocrx_word' id='word_1_309' title='bbox 625 2657 657 2688; x_wconf 92' lang='grc' dir='ltr'><strong>Ρ.</strong></span> <span class='ocrx_word' id='word_1_310' title='bbox 674 2645 753 2678; x_wconf 87' lang='grc'><strong>435.</strong></span> 
     </span>
     <span class='ocr_line' id='line_1_48' title="bbox 109 2688 652 2732; baseline -0.002 -9"><span class='ocrx_word' id='word_1_311' title='bbox 109 2692 159 2723; x_wconf 93' lang='lat' dir='ltr'><strong>D.</strong></span> <span class='ocrx_word' id='word_1_312' title='bbox 186 2689 260 2730; x_wconf 84' lang='grc' dir='ltr'><em>ἐμοὶ</em></span> <span class='ocrx_word' id='word_1_313' title='bbox 286 2709 328 2714; x_wconf 91' lang='grc'>-</span> <span class='ocrx_word' id='word_1_314' title='bbox 355 2691 482 2724; x_wconf 72' lang='grc' dir='ltr'><em>ἱκαναῖς</em></span> <span class='ocrx_word' id='word_1_315' title='bbox 507 2688 551 2723; x_wconf 79' lang='grc' dir='ltr'><strong>ἄν</strong></span> <span class='ocrx_word' id='word_1_316' title='bbox 575 2691 652 2732; x_wconf 51' lang='lat' dir='ltr'><strong>§.zoa</strong></span> 
     </span>
    </p>

    <p class='ocr_par' dir='ltr' id='par_1_13' title="bbox 153 2731 752 2778">
     <span class='ocr_line' id='line_1_49' title="bbox 153 2731 752 2778; baseline -0.002 -10"><span class='ocrx_word' id='word_1_317' title='bbox 153 2737 193 2769; x_wconf 90' lang='lat' dir='ltr'><strong>B.</strong></span> <span class='ocrx_word' id='word_1_318' title='bbox 233 2731 369 2778; x_wconf 80' lang='grc' dir='ltr'><em>ἦςπερ</em></span> <span class='ocrx_word' id='word_1_319' title='bbox 405 2733 423 2768; x_wconf 91' lang='grc' dir='ltr'>ὁ</span> <span class='ocrx_word' id='word_1_320' title='bbox 456 2733 652 2776; x_wconf 76' lang='grc' dir='ltr'><em>ἀδελφὸς</em></span> <span class='ocrx_word' id='word_1_321' title='bbox 684 2732 752 2767; x_wconf 81' lang='grc' dir='ltr'><strong>αύ-</strong></span> 
     </span>
    </p>
   </div>
   <div class='ocr_carea' id='block_1_13' title="bbox 817 1613 1464 2780">
    <p class='ocr_par' dir='ltr' id='par_1_14' title="bbox 817 1613 1464 2780">
     <span class='ocr_line' id='line_1_50' title="bbox 817 1613 1462 1655; baseline 0 -11"><span class='ocrx_word' id='word_1_322' title='bbox 817 1613 938 1644; x_wconf 86' lang='lat' dir='ltr'><strong>thius</strong></span> <span class='ocrx_word' id='word_1_323' title='bbox 955 1613 997 1645; x_wconf 86' lang='lat' dir='ltr'><strong>ad</strong></span> <span class='ocrx_word' id='word_1_324' title='bbox 1014 1614 1046 1644; x_wconf 88' lang='lat' dir='ltr'><strong>h.</strong></span> <span class='ocrx_word' id='word_1_325' title='bbox 1066 1614 1087 1645; x_wconf 89' lang='lat' dir='ltr'><strong>l.</strong></span> <span class='ocrx_word' id='word_1_326' title='bbox 1108 1619 1140 1645; x_wconf 88' lang='lat' dir='ltr'><strong>et</strong></span> <span class='ocrx_word' id='word_1_327' title='bbox 1161 1613 1462 1655; x_wconf 78' lang='lat' dir='ltr'><strong>VVyttenbach.</strong></span> 
     </span>
     <span class='ocr_line' id='line_1_51' title="bbox 817 1657 1461 1700; baseline 0 -11"><span class='ocrx_word' id='word_1_328' title='bbox 817 1657 860 1689; x_wconf 81' lang='lat' dir='ltr'><strong>ad</strong></span> <span class='ocrx_word' id='word_1_329' title='bbox 885 1658 1058 1692; x_wconf 81' lang='lat' dir='ltr'><strong>Plutarch.</strong></span> <span class='ocrx_word' id='word_1_330' title='bbox 1092 1658 1132 1690; x_wconf 91' lang='lat' dir='ltr'><strong>de</strong></span> <span class='ocrx_word' id='word_1_331' title='bbox 1161 1659 1193 1690; x_wconf 82' lang='lat' dir='ltr'><strong>S.</strong></span> <span class='ocrx_word' id='word_1_332' title='bbox 1220 1659 1261 1690; x_wconf 92' lang='lat' dir='ltr'><strong>N.</strong></span> <span class='ocrx_word' id='word_1_333' title='bbox 1285 1659 1326 1690; x_wconf 91' lang='lat' dir='ltr'><strong>V.</strong></span> <span class='ocrx_word' id='word_1_334' title='bbox 1351 1669 1381 1700; x_wconf 95' lang='lat' dir='ltr'><strong>p.</strong></span> <span class='ocrx_word' id='word_1_335' title='bbox 1408 1657 1461 1691; x_wconf 78' lang='lat'><strong>50.</strong></span> 
     </span>
     <span class='ocr_line' id='line_1_52' title="bbox 817 1703 1461 1736; baseline 0 -1"><span class='ocrx_word' id='word_1_336' title='bbox 817 1703 860 1735; x_wconf 85' lang='lat' dir='ltr'><strong>ef.</strong></span> <span class='ocrx_word' id='word_1_337' title='bbox 901 1704 1041 1735; x_wconf 85' lang='lat' dir='ltr'><strong>Groen</strong></span> <span class='ocrx_word' id='word_1_338' title='bbox 1079 1714 1163 1735; x_wconf 80' lang='lat' dir='ltr'><strong>van</strong></span> <span class='ocrx_word' id='word_1_339' title='bbox 1196 1704 1461 1736; x_wconf 84' lang='lat' dir='ltr'><strong>Prinsterer.</strong></span> 
     </span>
     <span class='ocr_line' id='line_1_53' title="bbox 817 1747 1462 1790; baseline 0 -11"><span class='ocrx_word' id='word_1_340' title='bbox 817 1749 1089 1790; x_wconf 79' lang='lat' dir='ltr'><strong>Prosopograph.</strong></span> <span class='ocrx_word' id='word_1_341' title='bbox 1112 1750 1247 1782; x_wconf 82' lang='lat' dir='ltr'><strong>Platon.</strong></span> <span class='ocrx_word' id='word_1_342' title='bbox 1272 1759 1303 1790; x_wconf 92' lang='lat' dir='ltr'><strong>p.</strong></span> <span class='ocrx_word' id='word_1_343' title='bbox 1330 1747 1404 1780; x_wconf 83' lang='lat'><strong>193.</strong></span> <span class='ocrx_word' id='word_1_344' title='bbox 1430 1754 1462 1780; x_wconf 82' lang='lat' dir='ltr'><strong>et</strong></span> 
     </span>
     <span class='ocr_line' id='line_1_54' title="bbox 818 1792 1462 1833; baseline 0.002 -9"><span class='ocrx_word' id='word_1_345' title='bbox 818 1794 1052 1825; x_wconf 85' lang='lat' dir='ltr'><strong>Heindorf.</strong></span> <span class='ocrx_word' id='word_1_346' title='bbox 1093 1794 1135 1826; x_wconf 83' lang='lat' dir='ltr'><strong>ad</strong></span> <span class='ocrx_word' id='word_1_347' title='bbox 1175 1794 1317 1826; x_wconf 80' lang='lat' dir='ltr'><strong>Phaedr.</strong></span> <span class='ocrx_word' id='word_1_348' title='bbox 1363 1795 1392 1833; x_wconf 67' lang='grc' dir='ltr'><strong>ἓ.</strong></span> <span class='ocrx_word' id='word_1_349' title='bbox 1431 1792 1462 1825; x_wconf 95' lang='grc'><strong>2.</strong></span> 
     </span>
     <span class='ocr_line' id='line_1_55' title="bbox 818 1838 1462 1872; baseline 0 -3"><span class='ocrx_word' id='word_1_350' title='bbox 818 1839 951 1870; x_wconf 86' lang='lat' dir='ltr'><strong>Deinde</strong></span> <span class='ocrx_word' id='word_1_351' title='bbox 989 1838 1083 1872; x_wconf 79' lang='lat' dir='ltr'><strong>codd.</strong></span> <span class='ocrx_word' id='word_1_352' title='bbox 1119 1849 1236 1871; x_wconf 86' lang='lat' dir='ltr'><strong>omnes</strong></span> <span class='ocrx_word' id='word_1_353' title='bbox 1271 1850 1350 1871; x_wconf 85' lang='lat' dir='ltr'><strong>eum</strong></span> <span class='ocrx_word' id='word_1_354' title='bbox 1381 1843 1462 1870; x_wconf 86' lang='lat' dir='ltr'><strong>vett.</strong></span> 
     </span>
     <span class='ocr_line' id='line_1_56' title="bbox 818 1881 1462 1916; baseline 0 -2"><span class='ocrx_word' id='word_1_355' title='bbox 818 1883 911 1916; x_wconf 81' lang='lat' dir='ltr'><strong>editt.</strong></span> <span class='ocrx_word' id='word_1_356' title='bbox 955 1886 1029 1914; x_wconf 80' lang='grc' dir='ltr'><em>τιίἀ</em></span> <span class='ocrx_word' id='word_1_357' title='bbox 1065 1882 1109 1915; x_wconf 67' lang='grc' dir='ltr'><strong>ἂν</strong></span> <span class='ocrx_word' id='word_1_358' title='bbox 1141 1882 1247 1915; x_wconf 70' lang='grc' dir='ltr'><em>αὐτὸν</em></span> <span class='ocrx_word' id='word_1_359' title='bbox 1280 1881 1341 1915; x_wconf 71' lang='grc' dir='ltr'><strong>οἷν.</strong></span> <span class='ocrx_word' id='word_1_360' title='bbox 1397 1883 1462 1915; x_wconf 88' lang='lat' dir='ltr'><strong>Sed</strong></span> 
     </span>
     <span class='ocr_line' id='line_1_57' title="bbox 819 1926 1462 1970; baseline -0.002 -11"><span class='ocrx_word' id='word_1_361' title='bbox 819 1939 921 1970; x_wconf 86' lang='lat' dir='ltr'><strong>quum</strong></span> <span class='ocrx_word' id='word_1_362' title='bbox 941 1928 1102 1960; x_wconf 84' lang='lat' dir='ltr'><strong>addatur:</strong></span> <span class='ocrx_word' id='word_1_363' title='bbox 1124 1926 1185 1970; x_wconf 66' lang='grc' dir='ltr'><strong>οὐχ</strong></span> <span class='ocrx_word' id='word_1_364' title='bbox 1203 1927 1289 1969; x_wconf 75' lang='grc' dir='ltr'><em>ὅπερ</em></span> <span class='ocrx_word' id='word_1_365' title='bbox 1307 1927 1462 1966; x_wconf 47' lang='grc' dir='ltr'><em>ἐκεῖνον]-</em></span> 
     </span>
     <span class='ocr_line' id='line_1_58' title="bbox 818 1972 1461 2015; baseline 0.002 -11"><span class='ocrx_word' id='word_1_366' title='bbox 818 1975 1109 2005; x_wconf 80' lang='lat' dir='ltr'><strong>Buttmannus</strong></span> <span class='ocrx_word' id='word_1_367' title='bbox 1141 1975 1280 2005; x_wconf 79' lang='lat' dir='ltr'><strong>Auctar.</strong></span> <span class='ocrx_word' id='word_1_368' title='bbox 1321 1984 1352 2015; x_wconf 92' lang='lat' dir='ltr'><strong>p.</strong></span> <span class='ocrx_word' id='word_1_369' title='bbox 1385 1972 1461 2005; x_wconf 83' lang='lat'><strong>507.</strong></span> 
     </span>
     <span class='ocr_line' id='line_1_59' title="bbox 818 2016 1463 2060; baseline 0 -11"><span class='ocrx_word' id='word_1_370' title='bbox 818 2016 906 2049; x_wconf 73' lang='grc' dir='ltr'><strong>τίᾶν</strong></span> <span class='ocrx_word' id='word_1_371' title='bbox 918 2019 1100 2060; x_wconf 88' lang='lat' dir='ltr'><strong>legendum</strong></span> <span class='ocrx_word' id='word_1_372' title='bbox 1116 2029 1188 2052; x_wconf 88' lang='lat' dir='ltr'><strong>esse</strong></span> <span class='ocrx_word' id='word_1_373' title='bbox 1198 2019 1354 2051; x_wconf 83' lang='lat' dir='ltr'><strong>coniecit.</strong></span> <span class='ocrx_word' id='word_1_374' title='bbox 1375 2018 1463 2050; x_wconf 90' lang='lat' dir='ltr'><strong>Con-</strong></span> 
     </span>
     <span class='ocr_line' id='line_1_60' title="bbox 817 2063 1461 2106; baseline 0 -12"><span class='ocrx_word' id='word_1_375' title='bbox 817 2063 929 2095; x_wconf 85' lang='lat' dir='ltr'><strong>firmat</strong></span> <span class='ocrx_word' id='word_1_376' title='bbox 944 2064 1033 2096; x_wconf 84' lang='lat' dir='ltr'><strong>hano</strong></span> <span class='ocrx_word' id='word_1_377' title='bbox 1049 2065 1279 2106; x_wconf 78' lang='lat' dir='ltr'><strong>suspicionem</strong></span> <span class='ocrx_word' id='word_1_378' title='bbox 1298 2065 1326 2096; x_wconf 86' lang='lat' dir='ltr'><strong>O</strong></span> <span class='ocrx_word' id='word_1_379' title='bbox 1337 2064 1461 2105; x_wconf 85' lang='lat' dir='ltr'><strong>lymp.</strong></span> 
     </span>
     <span class='ocr_line' id='line_1_61' title="bbox 819 2106 1462 2151; baseline 0 -11"><span class='ocrx_word' id='word_1_380' title='bbox 819 2110 883 2142; x_wconf 85' lang='lat' dir='ltr'><strong>Ms.</strong></span> <span class='ocrx_word' id='word_1_381' title='bbox 912 2108 994 2149; x_wconf 89' lang='lat' dir='ltr'><strong>Ciz.‚</strong></span> <span class='ocrx_word' id='word_1_382' title='bbox 1020 2109 1080 2140; x_wconf 87' lang='lat' dir='ltr'><strong>ubi</strong></span> <span class='ocrx_word' id='word_1_383' title='bbox 1105 2109 1235 2151; x_wconf 86' lang='lat' dir='ltr'><strong>liquido</strong></span> <span class='ocrx_word' id='word_1_384' title='bbox 1261 2111 1294 2140; x_wconf 80' lang='grc' dir='ltr'><strong>τί</strong></span> <span class='ocrx_word' id='word_1_385' title='bbox 1314 2106 1358 2139; x_wconf 76' lang='grc' dir='ltr'><em>ἂι·</em></span> <span class='ocrx_word' id='word_1_386' title='bbox 1382 2110 1462 2140; x_wconf 90' lang='lat' dir='ltr'><strong>scri-</strong></span> 
     </span>
     <span class='ocr_line' id='line_1_62' title="bbox 817 2153 1462 2195; baseline 0.002 -11"><span class='ocrx_word' id='word_1_387' title='bbox 817 2159 913 2195; x_wconf 85' lang='lat' dir='ltr'><strong>ptum</strong></span> <span class='ocrx_word' id='word_1_388' title='bbox 929 2160 1050 2194; x_wconf 82' lang='lat' dir='ltr'><strong>exstat,</strong></span> <span class='ocrx_word' id='word_1_389' title='bbox 1076 2158 1108 2186; x_wconf 91' lang='lat' dir='ltr'><strong>et</strong></span> <span class='ocrx_word' id='word_1_390' title='bbox 1123 2154 1309 2195; x_wconf 85' lang='lat' dir='ltr'><strong>probarunt</strong></span> <span class='ocrx_word' id='word_1_391' title='bbox 1335 2153 1462 2185; x_wconf 88' lang='lat' dir='ltr'><strong>Hein-</strong></span> 
     </span>
     <span class='ocr_line' id='line_1_63' title="bbox 819 2197 1462 2240; baseline 0 -11"><span class='ocrx_word' id='word_1_392' title='bbox 819 2198 922 2229; x_wconf 89' lang='lat' dir='ltr'><strong>dorf.</strong></span> <span class='ocrx_word' id='word_1_393' title='bbox 948 2199 990 2230; x_wconf 85' lang='lat' dir='ltr'><strong>ad</strong></span> <span class='ocrx_word' id='word_1_394' title='bbox 1008 2199 1138 2240; x_wconf 85' lang='lat' dir='ltr'><strong>Cratyl.</strong></span> <span class='ocrx_word' id='word_1_395' title='bbox 1154 2210 1192 2240; x_wconf 88' lang='lat' dir='ltr'><strong>p.</strong></span> <span class='ocrx_word' id='word_1_396' title='bbox 1210 2197 1285 2230; x_wconf 88' lang='lat'><strong>134.</strong></span> <span class='ocrx_word' id='word_1_397' title='bbox 1310 2198 1462 2230; x_wconf 83' lang='lat' dir='ltr'><strong>Matth.</strong></span> 
     </span>
     <span class='ocr_line' id='line_1_64' title="bbox 821 2242 1462 2285; baseline 0 -11"><span class='ocrx_word' id='word_1_398' title='bbox 821 2244 878 2274; x_wconf 83' lang='lat' dir='ltr'><strong>Gr.</strong></span> <span class='ocrx_word' id='word_1_399' title='bbox 917 2244 974 2274; x_wconf 83' lang='lat' dir='ltr'><strong>Gr.</strong></span> <span class='ocrx_word' id='word_1_400' title='bbox 1012 2245 1052 2275; x_wconf 84' lang='lat' dir='ltr'><strong>T.</strong></span> <span class='ocrx_word' id='word_1_401' title='bbox 1089 2245 1130 2275; x_wconf 88' lang='lat'><strong>11.</strong></span> <span class='ocrx_word' id='word_1_402' title='bbox 1164 2254 1196 2285; x_wconf 90' lang='lat' dir='ltr'><strong>p.</strong></span> <span class='ocrx_word' id='word_1_403' title='bbox 1222 2242 1296 2276; x_wconf 76' lang='lat'><strong>769.</strong></span> <span class='ocrx_word' id='word_1_404' title='bbox 1333 2243 1385 2275; x_wconf 89' lang='lat' dir='ltr'><strong>ed.</strong></span> <span class='ocrx_word' id='word_1_405' title='bbox 1417 2243 1462 2274; x_wconf 85' lang='grc' dir='ltr'><strong>ΙΙ.</strong></span> 
     </span>
     <span class='ocr_line' id='line_1_65' title="bbox 820 2288 1464 2330; baseline 0 -11"><span class='ocrx_word' id='word_1_406' title='bbox 820 2288 949 2319; x_wconf 86' lang='lat' dir='ltr'><strong>Dubito</strong></span> <span class='ocrx_word' id='word_1_407' title='bbox 974 2292 1098 2328; x_wconf 88' lang='lat' dir='ltr'><strong>tamen,</strong></span> <span class='ocrx_word' id='word_1_408' title='bbox 1124 2299 1167 2319; x_wconf 87' lang='lat' dir='ltr'><strong>an</strong></span> <span class='ocrx_word' id='word_1_409' title='bbox 1188 2288 1285 2320; x_wconf 85' lang='lat' dir='ltr'><strong>nulla</strong></span> <span class='ocrx_word' id='word_1_410' title='bbox 1309 2298 1394 2330; x_wconf 90' lang='lat' dir='ltr'><strong>opus</strong></span> <span class='ocrx_word' id='word_1_411' title='bbox 1419 2289 1464 2320; x_wconf 86' lang='lat' dir='ltr'><strong>sit</strong></span> 
     </span>
     <span class='ocr_line' id='line_1_66' title="bbox 819 2333 1462 2373; baseline 0.002 -10"><span class='ocrx_word' id='word_1_412' title='bbox 819 2334 1017 2364; x_wconf 86' lang='lat' dir='ltr'><strong>mutatione.</strong></span> <span class='ocrx_word' id='word_1_413' title='bbox 1050 2333 1178 2373; x_wconf 85' lang='lat' dir='ltr'><strong>Quidni</strong></span> <span class='ocrx_word' id='word_1_414' title='bbox 1195 2335 1286 2364; x_wconf 89' lang='lat' dir='ltr'><strong>enim</strong></span> <span class='ocrx_word' id='word_1_415' title='bbox 1302 2337 1390 2365; x_wconf 86' lang='lat' dir='ltr'><strong>recte</strong></span> <span class='ocrx_word' id='word_1_416' title='bbox 1414 2333 1462 2364; x_wconf 91' lang='lat' dir='ltr'><strong>di-</strong></span> 
     </span>
     <span class='ocr_line' id='line_1_67' title="bbox 820 2377 1462 2418; baseline 0.003 -10"><span class='ocrx_word' id='word_1_417' title='bbox 820 2383 912 2409; x_wconf 84' lang='lat' dir='ltr'><strong>ctum</strong></span> <span class='ocrx_word' id='word_1_418' title='bbox 938 2379 981 2409; x_wconf 89' lang='lat' dir='ltr'><strong>sit</strong></span> <span class='ocrx_word' id='word_1_419' title='bbox 1006 2381 1088 2415; x_wconf 75' lang='grc' dir='ltr'><em>τίνα,</em></span> <span class='ocrx_word' id='word_1_420' title='bbox 1114 2379 1248 2410; x_wconf 79' lang='lat' dir='ltr'><strong>etiamsi</strong></span> <span class='ocrx_word' id='word_1_421' title='bbox 1272 2377 1358 2418; x_wconf 72' lang='grc' dir='ltr'><em>ὅπερ</em></span> <span class='ocrx_word' id='word_1_422' title='bbox 1384 2380 1462 2410; x_wconf 91' lang='lat' dir='ltr'><strong>sub-</strong></span> 
     </span>
     <span class='ocr_line' id='line_1_68' title="bbox 820 2421 1463 2464; baseline 0.002 -10"><span class='ocrx_word' id='word_1_423' title='bbox 820 2423 996 2463; x_wconf 81' lang='lat' dir='ltr'><strong>sequitur?</strong></span> <span class='ocrx_word' id='word_1_424' title='bbox 1026 2424 1162 2455; x_wconf 87' lang='lat' dir='ltr'><strong>Etenim</strong></span> <span class='ocrx_word' id='word_1_425' title='bbox 1186 2421 1271 2464; x_wconf 76' lang='grc' dir='ltr'><em>ὅπερ</em></span> <span class='ocrx_word' id='word_1_426' title='bbox 1297 2423 1386 2455; x_wconf 87' lang='lat' dir='ltr'><strong>idem</strong></span> <span class='ocrx_word' id='word_1_427' title='bbox 1412 2428 1463 2455; x_wconf 89' lang='lat' dir='ltr'><strong>est</strong></span> 
     </span>
     <span class='ocr_line' id='line_1_69' title="bbox 821 2466 1463 2509; baseline 0.003 -11"><span class='ocrx_word' id='word_1_428' title='bbox 821 2467 912 2509; x_wconf 87' lang='lat' dir='ltr'><strong>quod</strong></span> <span class='ocrx_word' id='word_1_429' title='bbox 944 2470 1036 2501; x_wconf 70' lang='grc' dir='ltr'><em>τιίὀς</em></span> <span class='ocrx_word' id='word_1_430' title='bbox 1066 2466 1185 2507; x_wconf 74' lang='grc' dir='ltr'><strong>ὄνομα.</strong></span> <span class='ocrx_word' id='word_1_431' title='bbox 1232 2469 1285 2500; x_wconf 89' lang='lat' dir='ltr'><strong>De</strong></span> <span class='ocrx_word' id='word_1_432' title='bbox 1315 2469 1463 2500; x_wconf 82' lang='lat' dir='ltr'><strong>formula</strong></span> 
     </span>
     <span class='ocr_line' id='line_1_70' title="bbox 821 2510 1462 2554; baseline 0.003 -11"><span class='ocrx_word' id='word_1_433' title='bbox 821 2514 936 2543; x_wconf 73' lang='grc' dir='ltr'><em>καλεῖν</em></span> <span class='ocrx_word' id='word_1_434' title='bbox 961 2523 987 2544; x_wconf 89' lang='lat' dir='ltr'><strong>s.</strong></span> <span class='ocrx_word' id='word_1_435' title='bbox 1011 2510 1199 2554; x_wconf 71' lang='grc' dir='ltr'><em>ὀνομάζειν</em></span> <span class='ocrx_word' id='word_1_436' title='bbox 1224 2511 1299 2545; x_wconf 76' lang='grc' dir='ltr'><em>τινά</em></span> <span class='ocrx_word' id='word_1_437' title='bbox 1321 2525 1359 2550; x_wconf 82' lang='grc' dir='ltr'><em>τι,</em></span> <span class='ocrx_word' id='word_1_438' title='bbox 1391 2514 1462 2545; x_wconf 82' lang='lat' dir='ltr'><strong>ali·</strong></span> 
     </span>
     <span class='ocr_line' id='line_1_71' title="bbox 822 2555 1463 2600; baseline 0.003 -12"><span class='ocrx_word' id='word_1_439' title='bbox 822 2555 945 2598; x_wconf 56' lang='lat' dir='ltr'><strong>que⁸1n</strong></span> <span class='ocrx_word' id='word_1_440' title='bbox 986 2559 1158 2590; x_wconf 90' lang='lat' dir='ltr'><strong>nomine</strong></span> <span class='ocrx_word' id='word_1_441' title='bbox 1208 2558 1357 2600; x_wconf 83' lang='lat' dir='ltr'><strong>aliquo</strong></span> <span class='ocrx_word' id='word_1_442' title='bbox 1397 2569 1463 2600; x_wconf 87' lang='lat' dir='ltr'><strong>ap-</strong></span> 
     </span>
     <span class='ocr_line' id='line_1_72' title="bbox 821 2601 1463 2644; baseline 0.002 -11"><span class='ocrx_word' id='word_1_443' title='bbox 821 2601 1014 2643; x_wconf 81' lang='lat' dir='ltr'><strong>pellare,</strong></span> <span class='ocrx_word' id='word_1_444' title='bbox 1062 2614 1093 2635; x_wconf 87' lang='lat' dir='ltr'><strong>v.</strong></span> <span class='ocrx_word' id='word_1_445' title='bbox 1139 2602 1182 2635; x_wconf 83' lang='lat' dir='ltr'><strong>ad</strong></span> <span class='ocrx_word' id='word_1_446' title='bbox 1218 2603 1391 2635; x_wconf 85' lang='lat' dir='ltr'><strong>Phaedon.</strong></span> <span class='ocrx_word' id='word_1_447' title='bbox 1430 2614 1463 2644; x_wconf 91' lang='lat' dir='ltr'><strong>p.</strong></span> 
     </span>
     <span class='ocr_line' id='line_1_73' title="bbox 823 2645 1463 2690; baseline 0.002 -12"><span class='ocrx_word' id='word_1_448' title='bbox 823 2645 897 2679; x_wconf 78' lang='lat'><strong>105.</strong></span> <span class='ocrx_word' id='word_1_449' title='bbox 938 2647 977 2678; x_wconf 89' lang='lat' dir='ltr'><strong>E.</strong></span> <span class='ocrx_word' id='word_1_450' title='bbox 1037 2648 1193 2690; x_wconf 88' lang='lat' dir='ltr'><strong>Sympos.</strong></span> <span class='ocrx_word' id='word_1_451' title='bbox 1237 2659 1269 2690; x_wconf 94' lang='lat' dir='ltr'><strong>p.</strong></span> <span class='ocrx_word' id='word_1_452' title='bbox 1305 2646 1382 2679; x_wconf 88' lang='grc'><strong>212.</strong></span> <span class='ocrx_word' id='word_1_453' title='bbox 1425 2648 1463 2679; x_wconf 88' lang='lat' dir='ltr'><strong>C.</strong></span> 
     </span>
     <span class='ocr_line' id='line_1_74' title="bbox 823 2691 1464 2734; baseline 0.002 -12"><span class='ocrx_word' id='word_1_454' title='bbox 823 2691 966 2723; x_wconf 80' lang='lat' dir='ltr'><strong>Phaedr.</strong></span> <span class='ocrx_word' id='word_1_455' title='bbox 1000 2702 1032 2734; x_wconf 88' lang='lat' dir='ltr'><strong>p.</strong></span> <span class='ocrx_word' id='word_1_456' title='bbox 1056 2692 1132 2725; x_wconf 79' lang='lat'><strong>238.</strong></span> <span class='ocrx_word' id='word_1_457' title='bbox 1157 2693 1198 2724; x_wconf 91' lang='lat' dir='ltr'><strong>A.</strong></span> <span class='ocrx_word' id='word_1_458' title='bbox 1245 2693 1372 2724; x_wconf 84' lang='lat' dir='ltr'><strong>Sensus</strong></span> <span class='ocrx_word' id='word_1_459' title='bbox 1400 2692 1464 2734; x_wconf 86' lang='lat' dir='ltr'><strong>igi-</strong></span> 
     </span>
     <span class='ocr_line' id='line_1_75' title="bbox 823 2736 1463 2780; baseline 0 -12"><span class='ocrx_word' id='word_1_460' title='bbox 823 2740 878 2768; x_wconf 87' lang='lat' dir='ltr'><strong>tur</strong></span> <span class='ocrx_word' id='word_1_461' title='bbox 902 2736 959 2769; x_wconf 86' lang='lat' dir='ltr'><strong>hie</strong></span> <span class='ocrx_word' id='word_1_462' title='bbox 983 2741 1050 2769; x_wconf 86' lang='lat' dir='ltr'><strong>est:</strong></span> <span class='ocrx_word' id='word_1_463' title='bbox 1077 2748 1300 2780; x_wconf 86' lang='lat' dir='ltr'><strong>quemnam</strong></span> <span class='ocrx_word' id='word_1_464' title='bbox 1324 2737 1463 2779; x_wconf 87' lang='lat' dir='ltr'><strong>ipsum</strong></span> 
     </span>
    </p>
   </div>
   <div class='ocr_carea' id='block_1_14' title="bbox 1138 2803 1188 2836">
    <p class='ocr_par' dir='ltr' id='par_1_15' title="bbox 1138 2803 1188 2836">
     <span class='ocr_line' id='line_1_76' title="bbox 1138 2803 1188 2836; baseline 0 -11"><span class='ocrx_word' id='word_1_465' title='bbox 1138 2803 1188 2836; x_wconf 75' lang='lat'><strong>6*</strong></span> 
     </span>
    </p>
   </div>
  </div>
 </body>
</html>
