1687 2969
443 181 516 219 AD
546 180 788 218 GORGIAM
817 179 1086 217 PLATONIS.
1387 182 1437 215 45

92 295 272 341 liberam,
312 307 396 331 eam
426 295 577 331 demum
617 307 699 331 esse
737 293 922 331 virtutem
952 298 990 331 et
1018 292 1139 331 vitam
1168 304 1258 330 vere
1288 292 1440 328 beatam

94 364 137 389 ac
166 351 316 388 felicem
346 351 496 389 efficere
526 351 576 401 (p.
609 355 700 387 490.
732 351 775 387 E.
806 371 861 376 —
892 353 984 386 492.
1014 348 1088 397 D.).
1138 348 1290 386 Tribuit
1320 347 1439 395 igitur

93 408 157 445 ille
186 402 388 446 manifesto
419 408 545 445 omnia
575 407 678 445 vitae
707 406 937 444 iucunditati
968 412 1083 456 atque
1114 405 1286 442 lubidini.
1328 403 1439 444 Quod

91 470 221 502 tamen
261 478 375 516 quam
413 464 507 501 falso
546 470 759 509 statuatur,
799 464 972 500 Socrates
1012 463 1149 499 deinde
1189 461 1438 499 subtilissime

92 528 175 559 tum
196 535 245 558 cx
263 521 384 571 ipsius
404 521 612 570 voluptatis
632 526 782 566 natura,
801 525 883 557 tum
905 532 953 556 ex
973 520 1113 556 boniet
1134 518 1289 555 iucundi
1309 517 1439 555 discri-

94 579 195 615 mine
216 579 461 615 demonstrat.
501 577 612 617 Quod
633 577 819 627 quomodo
838 576 982 621 fecerit,
1014 589 1131 626 quum
1154 589 1202 612 ex
1223 574 1439 622 argumenti

93 634 332 672 enarratione
354 639 466 672 antea
486 634 679 683 proposita
700 633 748 671 sit
770 633 1023 682 perspicuum,
1054 637 1136 670 tum
1159 632 1230 668 hoc
1255 632 1334 668 loco
1354 633 1438 668 bre-

92 691 194 729 viter
211 692 408 729 ostendere
425 690 564 728 licebit.
595 690 709 728 Redit
726 703 815 727 vero
834 703 981 727 summa
999 688 1269 738 disputationis
1287 688 1439 724 omnino

92 748 177 785 huc.
217 747 388 784 Primum
409 747 511 784 enim
538 747 752 785 ostenditur
773 760 953 784 sensuum
973 747 1212 795 voluptatem
1232 758 1308 781 non
1328 757 1438 794 posse

92 804 278 841 desiderio
306 804 501 842 felicitatis
530 810 660 841 nostro
690 817 859 854 unquam
889 803 1130 848 satisfacere,
1162 801 1341 853 quoniam
1372 814 1438 837 na-

91 865 179 898 tura
198 873 268 897 sua
285 861 334 898 sit
353 860 465 909 plane
483 860 736 909 inexplebilis.
768 860 866 897 Dein
887 859 1027 896 falsum
1046 872 1127 896 esse
1149 860 1316 905 docetur,
1337 858 1438 908 quod

92 917 260 954 maxima
278 917 477 966 voluptate
497 921 690 955 statuatur
711 916 826 955 etiam
848 929 1033 953 summam
1055 916 1182 953 afferri
1203 915 1437 960 felicitatem,

93 987 210 1024 quum
240 974 458 1023 voluptates
487 974 728 1023 reperiantur
759 973 873 1010 etiam
903 973 1097 1010 doloribus
1127 972 1282 1010 mixtae.
1321 971 1438 1009 Deni-

93 1043 166 1080 que
196 1030 312 1068 etiam
341 1030 601 1079 disputatione
632 1030 882 1068 subtilissima
923 1035 961 1067 et
992 1029 1249 1078 copiosissima
1278 1042 1312 1077 p.
1345 1031 1438 1065 492.

92 1086 132 1123 C.
162 1108 217 1113 —-
258 1091 349 1124 499.
389 1087 431 1124 B.
470 1087 753 1125 demonstratur
792 1088 970 1124 bonum
1011 1092 1126 1136 atque
1166 1086 1438 1122 iucundum

92 1148 232 1181 natura
270 1156 340 1180 sua
369 1143 469 1181 inter
508 1157 548 1181 se
587 1157 669 1181 esse
699 1143 859 1180 diversa.
919 1144 980 1179 Ex
1020 1156 1094 1193 quo
1134 1148 1268 1191 sponte
1309 1155 1438 1179 conse-

92 1200 224 1250 quitur
262 1200 301 1237 in
330 1200 434 1238 vitae
464 1200 612 1238 actione
651 1214 726 1237 non
766 1201 1003 1248 voluptatem
1041 1206 1078 1237 et
1120 1199 1340 1248 cupiditatis
1371 1212 1436 1235 ex-

90 1256 297 1305 pletionem
325 1258 571 1306 spectandam
601 1270 702 1302 esse,
743 1257 809 1293 sed
839 1258 981 1293 bonum
1020 1263 1215 1306 tamquam
1246 1269 1435 1292 summum

91 1313 228 1361 agendi
256 1313 373 1350 finem
401 1314 637 1363 propositum
667 1327 749 1351 esse
779 1318 970 1362 oportere,
1011 1314 1056 1349 ad
1088 1313 1187 1363 quod
1219 1312 1293 1348 iam
1324 1316 1437 1349 antea

90 1370 393 1408 demonstratum
433 1375 491 1408 est
520 1383 649 1407 omnes
680 1371 848 1408 actiones
877 1371 1064 1407 humanas
1095 1370 1313 1406 referendas
1342 1382 1435 1406 esse.

91 1425 198 1466 Quae
237 1426 364 1463 omnia
410 1427 476 1464 ubi
514 1427 642 1476 paullo
682 1427 903 1475 diligentius
952 1426 1283 1476 perpenderimus,
1334 1431 1436 1463 certe

89 1483 221 1531 fugere
251 1483 442 1521 neminem
469 1484 608 1533 poterit
639 1485 761 1532 legem
781 1484 973 1530 moralem,
1005 1497 1119 1534 quam
1140 1488 1253 1520 antea
1276 1486 1436 1520 naturae

91 1540 382 1578 convenientem
412 1553 493 1578 esse
524 1541 649 1578 doceri
700 1540 962 1585 meminimus,
1015 1554 1117 1577 1111110
1156 1540 1272 1577 etiam
1311 1539 1435 1577 evinci

92 1609 176 1633 eam
215 1610 316 1642 esse,
366 1610 464 1647 quae
513 1610 589 1634 una
629 1597 716 1634 boni
768 1603 805 1634 ct
853 1597 1003 1634 honesti
1051 1597 1197 1634 ratione
1242 1596 1435 1641 fulciatur,

90 1652 230 1703 quippe
259 1666 377 1704 quum
407 1653 615 1690 iucundum
651 1659 765 1704 atque
795 1655 937 1691 bonum
968 1653 1067 1690 inter
1097 1667 1136 1690 se
1166 1653 1319 1690 diversa
1347 1653 1435 1699 sint,

90 1712 135 1747 ut
172 1709 249 1746 iam
285 1709 395 1758 pravi
431 1710 727 1747 eudaemonismi
758 1710 856 1748 ratio
895 1724 937 1747 ac
967 1710 1167 1758 disciplina
1196 1709 1307 1758 plane
1349 1722 1436 1746 con-

88 1766 216 1804 futata
243 1766 441 1804 habeatur.
482 1767 613 1804 Unum
636 1773 763 1804 tamen
794 1767 918 1803 adhuc
940 1772 1115 1816 superest
1135 1766 1434 1815 disceptandum,

90 1823 191 1873 quod
221 1836 307 1860 cum
342 1823 530 1860 rhetorica
569 1823 782 1873 propiorem
820 1824 936 1861 habet
975 1823 1279 1861 coniunctionem
1319 1827 1435 1873 atque

90 1879 206 1916 etiam
245 1880 292 1916 ad
331 1880 492 1917 aliarum
531 1881 671 1918 artium
709 1881 892 1917 iudicium
931 1880 1137 1929 plurimum
1176 1880 1290 1917 valet.
1348 1879 1436 1916 Dis-

90 1935 210 1973 cernit
250 1936 351 1973 enim
398 1936 480 1973 iam‘
512 1936 686 1975 Callicles
725 1937 944 1986 voluptates
991 1938 1109 1974 bonas
1160 1941 1276 1987 atque
1315 1936 1434 1973 malas

90 1991 251 2043 ideoque
278 1992 364 2030 illas
394 1993 603 2031 arbitratur
632 1994 768 2032 sectari
799 1993 907 2031 nobis
937 1998 975 2031 et
1005 1998 1183 2043 appetere
1213 1993 1336 2030 licere.
1373 1993 1432 2030 De

91 2061 168 2098 qua
195 2049 386 2087 sententia
413 2050 502 2088 inde
532 2063 554 2087 a
582 2064 617 2099 p.
651 2054 741 2088 500.
772 2052 818 2087 A.
850 2064 971 2100 usque
1001 2051 1049 2087 ad
1078 2064 1113 2099 p.
1147 2053 1237 2087 513.
1269 2050 1308 2086 C.
1339 2050 1434 2086 haec

90 2105 170 2143 fere
199 2105 450 2144 disseruntur.
508 2107 594 2144 Etsi
623 2120 758 2145 verum
787 2113 863 2153 est,
895 2106 1021 2157 inquit
1051 2107 1236 2152 Socrates,
1267 2106 1338 2142 hoc
1368 2119 1434 2143 vo-

90 2161 283 2211 luptatum
314 2162 527 2208 discrimen,
558 2169 686 2201 tamen
716 2164 779 2202 vel
808 2165 878 2201 hoc
908 2169 1018 2212 pacto
1047 2163 1258 2200 tenendum
1289 2167 1358 2208 est,
1389 2163 1435 2199 de

91 2231 165 2268 quo
202 2223 315 2257 antea
351 2219 452 2257 inter
488 2233 556 2257 nos
596 2220 792 2266 convenit,
833 2219 1008 2257 omnibus
1051 2219 1264 2257 actionibus
1294 2219 1434 2256 nostris

90 2273 205 2321 illud,
236 2277 335 2326 quod
365 2277 507 2313 bonum
537 2282 606 2323 est,
644 2284 840 2328 tamquam
880 2276 1058 2313 ultimum
1097 2280 1214 2326 atque
1244 2289 1436 2312 summum

91 2331 327 2380 propositum
373 2346 456 2370 esse
495 2338 669 2382 oportere
706 2334 868 2384 ideoque
916 2333 1124 2369 iucundum
1163 2332 1252 2369 boni
1302 2345 1435 2370 caussa

92 2399 161 2424 nec
199 2401 289 2425 vero
327 2390 468 2426 bonum
506 2389 661 2427 iucundi
710 2403 844 2427 caussa
883 2402 964 2427 esse
1015 2389 1281 2438 appetendum.
1349 2390 1433 2426 lam

92 2456 182 2481 vero
213 2457 278 2482 eae
317 2450 468 2483 tantum
507 2451 629 2492 artes,
670 2460 768 2496 quae
798 2445 876 2483 veri
916 2446 1059 2483 habent
1096 2445 1313 2492 scientiam,
1354 2446 1434 2482 ido-

91 2513 204 2537 neam
223 2513 364 2547 eorum,
394 2515 490 2552 quae
511 2502 696 2549 efficiunt,
725 2503 913 2540 rationem
938 2503 1094 2539 reddere
1114 2507 1293 2551 possunt;
1325 2501 1432 2548 aliae,

91 2569 189 2607 quae
218 2570 321 2594 mero
350 2571 423 2595 usu
452 2559 690 2607 experientia
720 2559 875 2597 collecto
902 2558 1088 2605 nituntur,
1119 2559 1275 2596 iucundi
1305 2563 1434 2596 carent

91 2613 251 2650 scientia
289 2619 328 2651 et
356 2614 581 2662 cognitione.
649 2616 906 2653 Distinximus
945 2619 1074 2653 autem
1114 2620 1227 2653 antea
1266 2614 1311 2663 (c.
1356 2614 1433 2662 19.)

93 2674 193 2707 artes
232 2683 316 2716 eas,
357 2683 454 2721 quae
492 2672 538 2708 ad
567 2672 806 2721 voluptatem
846 2676 998 2709 tantum
1036 2672 1293 2721 pertinerent,
1334 2671 1433 2708 hanc

91 2738 207 2763 unam
236 2732 424 2773 curantes,
455 2728 519 2765 sed
549 2727 586 2765 id
616 2729 716 2779 quod
736 2728 872 2766 melius
902 2732 969 2767 aut
988 2728 1096 2778 peius
1119 2729 1169 2767 sit
1198 2728 1432 2776 ignorantes,
