1687 2969
397 196 641 236 GORGIAS.
670 197 714 234 P.
746 199 840 234 454.
869 199 962 234 455.
992 196 1051 234 ed.
1084 196 1140 234 st.
1366 194 1441 232 107

94 304 142 346 τὸ
170 303 346 354 εἰδέναι;
378 306 502 346 ΓΟΡ.
535 307 683 358 Δῆλον
710 304 865 358 δήπου,
899 298 932 345 ὦ
959 304 1198 356 Σώκρατες,
1232 303 1296 344 ὅτι
1326 301 1366 353 ἐξ
1394 294 1445 355 ἧς

96 370 144 410 τὸ
172 370 397 411 πιστεύειν.
453 371 555 410 ΣΩ.
595 371 637 410 H
662 366 862 422 ῥητορικὴ
892 371 998 421 ἄρα,
1029 368 1085 417 ὡς
1112 366 1234 414 ἔοικε,
1265 371 1444 416 πειθοῦς

96 435 356 488 δημιουργός
385 433 470 476 ἐστι
497 440 786 488 πιστευτικῆς,
828 430 914 474 ἀλλ’
943 435 995 474 οὐ
1024 434 1320 486 διδασκαλικῆς
1348 430 1442 485 περὶ
1471 428 1554 470 455

96 500 143 540 τὸ
172 500 338 541 δίκαιόν
366 515 408 541 τε
437 499 508 542 καὶ
537 500 699 541 ἄδικον.
756 501 797 540 Γ
798 500 882 540 ΟΡ.
924 500 1024 540 Ναί.
1085 501 1186 539 ΣΩ..
1231 495 1334 540 Οὐδ’
1360 501 1443 551 ἄρα

95 565 391 614 διδασκαλικὸς
420 565 443 607 ὁ
472 565 612 619 ῥήτωρ
634 563 718 606 ἐστὶ
737 564 1018 617 δικαστηρίων
1041 578 1083 605 τε
1104 564 1176 606 καὶ
1197 567 1283 605 τῶν
1304 566 1443 604 ἄλλων

96 632 232 683 ὄχλων
263 630 437 672 δικαίων
465 644 508 671 τε
537 629 633 683 πέρι
652 630 723 671 καὶ
742 630 916 678 ἀδίκων,
945 629 1051 670 ἀλλὰ
1079 631 1268 678 πιστικὸς
1291 630 1439 682 μόνον.

94 696 147 736 οὐ
173 695 256 748 γὰρ
287 695 427 750 δήπου
456 697 583 748 ὄχλον
621 696 658 749 γ’
689 695 742 736 ἂν
781 695 955 736 δύναιτο
992 702 1201 737 τοσοῦτον
1238 695 1285 736 ἐν
1313 695 1442 749 ὀλίγῳ

91 761 233 815 χρόνῳ
261 760 424 811 διδάξαι
453 760 564 802 οὕτω
593 761 755 814 μεγάλα
783 761 1018 814 πράγματα.
1070 762 1195 802 ΓΟΡ.
1232 761 1296 800 Οὐ
1325 760 1440 813 δῆτα.

179 826 284 884 Cap.
315 827 373 869 X.
433 829 534 869 ΣΩ.
569 828 676 879 Φέρε
717 827 792 880 δή,
833 827 1012 880 ἴδωμεν,
1054 828 1094 867 τί
1133 841 1234 868 ποτε
1272 826 1341 868 καὶ
1380 825 1441 867 λε’-

91 907 222 948 γομεν
249 892 341 946 περὶ
372 896 447 948 τῆς
476 893 722 947 ῥητορικῆς·
764 892 845 945 ἐγὼ
884 892 962 946 μὲν
988 893 1070 946 γάρ
1099 908 1164 933 τοι
1192 887 1284 934 οὐδ’
1310 892 1438 940 αὐτός
1468 895 1506 936 Β

93 972 158 1000 πω
188 958 375 1012 δύναμαι
413 965 685 1013 κατανοῆσαι,
725 959 748 999 ὅ
785 974 824 999 τι
860 956 978 1011 λέγω.
1018 958 1122 999 ὅταν
1160 958 1255 1011 περὶ
1284 959 1441 1011 ἰατρῶν

1017 1070 1094 1102 Vat.
1128 1069 1271 1102 δικαίων
1310 1082 1344 1102 τε
1385 1071 1439 1102 καὶ

157 1071 197 1102 Ρ.
228 1069 305 1104 455.

91 1115 170 1157 περὶ
195 1113 249 1147 α’δ.

361 1069 549 1102 δικαίων
583 1082 622 1102 τε
653 1069 751 1111 πέρι
784 1071 853 1102 καὶ
886 1067 961 1113 α’δ.]

157 1202 260 1237 ἀλλὰ
285 1204 479 1239 mortuos
503 1204 652 1248 μόνον]
679 1205 849 1239 πειστικὸς
874 1205 979 1237 Coisl.
1007 1207 1080 1237 Par.
1108 1206 1313 1238 BCFVW.
1348 1206 1439 1238 Flor.

91 1261 122 1282 a.
147 1260 176 1283 c.
201 1250 232 1282 d.
256 1261 299 1282 m.
325 1261 354 1282 ο.
380 1250 485 1282 Vides
510 1251 614 1293 igitur
638 1252 951 1293 praestantissimos
977 1251 1086 1290 codd„
1112 1252 1213 1282 etiam
1228 1251 1356 1291 Clau-„k
1381 1262 1440 1293 pro

89 1295 182 1338 vulg
209 1295 361 1329 πιστικὸς
383 1306 548 1338 pugnare,
573 1300 611 1328 ut
634 1296 797 1328 miremur
820 1297 936 1328 Herm.
962 1300 995 1327 et
1018 1296 1104 1328 alios
1129 1296 1239 1328 invita
1263 1307 1441 1348 argumen-

89 1342 229 1373 tationis
261 1342 391 1373 ratione
422 1341 600 1384 scripsisse
633 1340 905 1375 nscoztno's.1n
932 1342 1008 1374 Par.
1033 1343 1058 1374 I.
1092 1340 1243 1375 :nonnos
1276 1342 1440 1374 omissum

94 1391 153 1418 est.
180 1386 267 1418 conf.
291 1397 323 1428 p.
347 1384 424 1419 493.
448 1388 489 1418 A.

159 1478 198 1508 τί
220 1487 322 1508 ποτε
346 1476 415 1508 καὶ
441 1475 637 1519 λέγομεν]
663 1475 814 1519 λέγωμεν
839 1477 924 1508 Ven.
952 1476 1031 1508 ΞΣ.
1057 1476 1159 1509 Vind.
1186 1476 1234 1517 7.,
1267 1481 1304 1509 ut
1336 1477 1440 1510 Find—

89 1522 194 1554 eisen.
218 1521 382 1554 suadente
406 1521 582 1564 Stephano
606 1522 760 1564 scripsit;
786 1522 845 1554 sed
869 1532 900 1553 v.
926 1533 1004 1554 ann.

89 1604 190 1641 atque
214 1600 426 1632 audientium
451 1600 584 1632 animos
602 1610 642 1632 eo
659 1604 729 1632 stu-
798 1601 998 1633 vocularum
1030 1599 1072 1633 οὐ
1103 1599 1168 1643 γὰρ
1197 1600 1307 1644 δήπου
1334 1620 1376 1624 -
1401 1613 1439 1644 γε

91 1645 148 1676 det
171 1645 370 1687 perducere,
404 1649 442 1676 ut
472 1646 538 1687 ipsi
568 1645 624 1677 vel
655 1646 728 1678 sine
799 1646 841 1677 ad
877 1646 1023 1689 Apolog.
1066 1647 1196 1679 Socrat.
1233 1658 1265 1689 p.
1306 1645 1359 1680 20.
1400 1648 1438 1679 C.

91 1691 237 1722 scientia
253 1691 404 1722 habeant
427 1690 577 1730 fidem;
604 1701 727 1722 :zemu-
797 1692 982 1734 tetigimus.

91 1733 149 1769 κὸς
164 1739 301 1777 propter
316 1735 558 1778 disputationis
576 1740 727 1768 tenorem

89 1781 166 1812 ideo
191 1780 258 1812 dici
281 1791 375 1812 nunc
399 1792 468 1813 11011
493 1782 621 1822 potuit,
648 1783 728 1823 quia

86 1826 122 1857 id
146 1826 249 1857 etiam
283 1836 358 1858 eam
391 1827 647 1868 persuasionem
674 1827 728 1859 de-

87 1872 257 1913 signaret,
295 1882 382 1912 quae
406 1871 450 1903 ad
474 1873 588 1903 πίστιι·
612 1869 728 1914 ἀληθῆ

88 1916 303 1948 efficiendam
340 1916 469 1948 valeat:
503 1916 593 1958 quod
629 1928 726 1949 secus

88 1961 192 1993 habet
216 1961 348 1995 Politic
379 1972 411 2003 p
435 1960 512 1994 304.
543 1963 586 1994 D.
620 1963 726 2005 Legg.

160 2004 281 2048 p.7.23
295 2006 337 2038 al.
364 2007 416 2037 De
440 2007 550 2038 forma
563 2007 726 2039 vocabuli

86 2061 155 2083 non
160 2017 230 2082 pest
254 2051 345 2092 quod
368 2050 512 2083 dubites.
550 2053 636 2084 Nam
661 2054 726 2084 sic-

84 2097 135 2127 uti
177 2106 255 2128 cum
296 2095 392 2138 τέχιη
432 2095 598 2137 τεχνικός,
647 2108 725 2129 cum

89 2139 236 2180 πόλεμος
267 2139 464 2180 πολεμικός,
498 2152 572 2173 eum
606 2141 724 2181 μάντις

85 2184 244 2224 μαντικός
276 2190 457 2228 cognatum
491 2191 559 2224 est,
599 2189 647 2219 ita
673 2200 724 2219 πι-

88 2229 198 2264 στικός
223 2241 297 2262 cum
324 2233 444 2269 πίστις,
470 2230 588 2265 πιστός
613 2237 646 2264 et
673 2244 724 2264 πι-

87 2274 220 2307 στεύειν
255 2276 411 2308 cohaeret
434 2281 609 2318 tamquam
638 2277 725 2309 radi-

86 2320 183 2352 cibus
208 2322 289 2353 suis.
331 2321 428 2353 Salse
452 2332 532 2354 vero
558 2326 724 2354 oratorem

85 2375 178 2396 nunc
202 2376 270 2397 non
288 2365 513 2404 πιστευτικόν,
540 2367 599 2398 sed
618 2378 723 2399 πιστι-

85 2407 123 2441 κὸ
131 2422 148 2440 υ
159 2410 318 2451 appellat,
328 2422 394 2452 quo
406 2412 573 2444 vocabulo
583 2413 723 2454 gravius

84 2454 166 2495 quid
182 2456 230 2486 rei
246 2456 290 2487 sit
304 2456 534 2498 significatur:
560 2458 725 2500 intelligit

85 2500 210 2541 quippe
245 2511 357 2532 merae
389 2504 535 2535 πίστεως
580 2504 724 2534 scientia

84 2544 265 2576 destitutae
303 2545 477 2578 artificem.
509 2558 541 2579 v.
574 2548 722 2589 Poppo

83 2589 126 2621 ad
151 2589 307 2631 Xenoph.
333 2590 456 2633 Cyrop.
481 2592 518 2631 I,
544 2590 586 2632 6,
613 2591 665 2624 10.
690 2596 724 2623 et

84 2634 271 2666 Lobeck.
298 2634 340 2666 ad
365 2635 467 2677 Soph.
494 2636 587 2668 Aiac.
600 2648 632 2678 p.
646 2636 721 2670 140.

85 2680 176 2711 Usus
223 2679 386 2711 vocabuli
442 2681 497 2712 hic
544 2692 722 2724 argumen-

84 2724 205 2757 tationi
228 2725 502 2758 accommodatus
527 2730 586 2759 est.
613 2727 721 2759 Usum

843 1737 925 1779 Cap.
949 1737 992 1768 X.
1026 1739 1066 1767 τί
1093 1748 1195 1768 ποτε
1226 1738 1295 1768 καὶ
1322 1735 1437 1779 λέγο-

797 1781 885 1825 μεν]
924 1782 1072 1824 Sophist.
1104 1793 1137 1824 p.
1161 1780 1238 1814 232.
1263 1783 1310 1814 B:
1358 1782 1437 1823 περὶ

799 1829 890 1860 τίνος
916 1826 983 1868 ἄρα
1008 1827 1062 1859 καὶ
1100 1829 1230 1867 (faust,-
1278 1828 1331 1858 De
1355 1828 1437 1868 Rep.

797 1873 855 1904 IV.
886 1884 919 1914 p.
942 1871 1019 1905 434.
1052 1873 1092 1903 D.
1127 1872 1268 1903 Lachet.
1298 1883 1330 1914 p.
1361 1871 1438 1905 182.

796 1918 842 1948 E:
875 1920 907 1948 τί
940 1918 994 1948 καὶ
1021 1916 1099 1949 διὀ-
1123 1915 1168 1949 ἑίι·
1192 1915 1274 1949 αὐτὸ
1300 1915 1437 1956 μανθά-

799 1974 871 1994 πειι
886 1962 1082 1997 :Alcibiad
1096 1963 1121 1994 I.
1137 1973 1167 2005 p.
1182 1962 1254 1995 166.
1267 1962 1308 1994 C:
1338 1963 1436 2000 ὲστω,

796 2019 824 2039 ει
853 1998 980 2049 βοι’λει,
1007 2007 1115 2041 οίῗιςτω
1153 2009 1210 2039 ἵνα
1236 2006 1277 2050 δὴ
1302 2009 1357 2039 καὶ
1384 2008 1433 2040 εί-

797 2051 844 2085 διῦ
871 2052 889 2084 ὅ
910 2066 936 2085 τι
951 2065 1005 2084 και
1022 2053 1122 2094 ἐρεῖς.
1148 2053 1340 2094 Euthyphr.
1354 2064 1387 2095 p.
1405 2052 1436 2086 6.

795 2099 841 2129 Β;
888 2111 914 2129 τι
940 2096 1005 2140 γὰρ
1033 2099 1086 2129 κιὶ
1115 2097 1293 2140 (prjooflfflq
1330 2098 1436 2141 Legg.

795 2144 854 2175 111.
880 2142 955 2175 698.
994 2146 1038 2175 k:
1073 2141 1136 2185 λέγ’
1163 2142 1183 2174 ὅ
1216 2155 1241 2174 τι
1275 2143 1329 2174 καὶ
1357 2142 1436 2185 φής.

794 2188 972 2220 Lucian.
1022 2189 1156 2230 Nigrin.
1187 2198 1218 2229 p.
1248 2187 1302 2220 40.
1335 2189 1363 2227 ἓ.
1397 2188 1435 2220 2;

795 2231 891 2265 οἷ’πω
916 2231 1088 2271 ιιαιθάιω
1121 2232 1139 2263 ὅ
1174 2245 1200 2264 τι
1232 2233 1286 2264 καὶ
1319 2232 1434 2276 λέγεις.

793 2277 880 2309 Ibid.
905 2280 934 2317 ξ.
959 2277 1002 2310 3:
1035 2275 1150 2319 Τρώϊα
1174 2278 1193 2309 ὅ
1214 2290 1240 2309 τι
1259 2280 1313 2310 καὶ
1331 2277 1435 2320 πράτ-

794 2323 1147 2364 rocpzz.Expla11avit
1195 2324 1288 2355 hunc
1334 2334 1435 2356 usum

794 2368 939 2400 voculae
978 2370 1038 2399 καί
1073 2369 1350 2401 Hermannus
1392 2369 1435 2401 ad

793 2414 909 2454 Viger.
948 2424 979 2455 p.
1017 2412 1094 2446 837.
1168 2414 1435 2456 Stephanum

793 2457 945 2500 λέγωμεν
992 2459 1216 2500 corrigentem
1270 2460 1435 2491 refutavit

793 2502 1017 2535 Heindorf.
1065 2504 1107 2535 ad
1146 2505 1251 2546 Hipp.
1298 2505 1327 2543 ἓ.
1377 2503 1433 2537 36.

793 2547 963 2580 Videlicet
993 2559 1113 2580 sensus
1144 2549 1200 2581 hic
1230 2553 1297 2581 est:
1333 2550 1433 2590 quid

792 2593 964 2625 tandem
988 2594 1063 2634 sit,
1094 2594 1207 2635 quod
1232 2594 1431 2626 dicimus.

793 2638 1041 2671 Coniunctivus
1074 2639 1297 2681 significaret:
1333 2640 1433 2680 quid

792 2683 960 2715 tandem
985 2684 1188 2716 dicamus.

836 2729 875 2759 B.
911 2726 1015 2760 ὅταν
1040 2730 1139 2771 περὶ
1174 2729 1339 2770 ἰατρῶν
1370 2729 1430 2762 αι’-
