1687 2969
459 155 700 194 GORGIAS.
730 156 774 193 P.
807 158 898 192 504.
932 157 1023 192 505.
1054 154 1113 192 ed.
1145 154 1201 192 st.
1418 154 1495 190 271

153 279 200 317 γε
228 265 304 305 τὸν
331 264 500 305 δίκαιον
539 265 680 317 λόγον,
717 263 787 303 καὶ
817 260 1014 311 ἐ’λαττον;
1053 260 1137 302 ἐστι
1164 267 1320 309 ταῦτα,·
1363 263 1498 301 ΚΑΛ.
1531 262 1613 304 505

141 326 301 370 ”Εστω.
360 331 453 370 ΣΩ.
488 329 552 369 Οὐ
580 331 674 382 γάρ,
705 324 844 378 οἶμαι.
884 331 1091 368 λυσιτελεῖ
1127 326 1229 379 μετὰ
1265 327 1502 379 μοχθηρίας

153 395 345 449 σώματος
374 397 450 447 ζῆν
479 394 720 448 οένθρώπῳ·
751 394 915 446 ἀνάγκη
946 392 1026 445 γὰρ
1060 391 1170 434 οὕτω
1203 391 1272 433 καὶ
1313 393 1388 444 ζῆν
1429 406 1501 444 μο-

153 462 337 513 χθηρῶς.
375 458 412 513 ἦ
441 459 518 512 οὐχ
547 458 680 507 οὕτως
732 460 869 500 ΚΑΛ.
912 458 1015 498 Ναί.
1073 458 1174 499 ΣΩ.
1222 456 1396 497 Οὐκοῦν
1433 458 1503 496 καὶ

152 524 227 573 τὰς
256 524 485 578 ἐπιθυμίας
506 524 841 577 ἀποπιμπλάναι,
874 519 968 564 οἷον
989 525 1199 563 πεινῶντα
1222 525 1377 573 φαγεῖν
1399 517 1502 561 ὅσον

155 591 352 643 βούλεται
398 586 426 643 ἢ
464 590 655 638 διψῶντα
694 592 829 637 πιεῖν,
883 588 1130 640 ὑγιαίνοντα
1171 587 1248 640 μὲν
1296 585 1421 627 ἐῶσιν
1464 585 1506 626 οἵ

155 655 292 707 ἰατροὶ
321 656 377 703 ὠς
405 670 457 695 τα
485 655 646 701 πολλα..
677 655 895 706 κάμνοντα
924 651 992 704 δέ,
1023 654 1079 701 ὡς
1107 652 1207 701 ἔπος
1237 652 1393 696 εἰπεῖν
1435 652 1504 692 οὐ-

154 718 288 762 δέποτ’
322 720 447 762 ἐῶσιν
476 718 766 772 ἐμπίπλασθαι
788 720 849 760 ὡν
877 719 1098 772 ἐπιθυμεῖς
1129 721 1359 771 συγχωρεῖς
1378 717 1503 780 τουτο

154 801 200 839 γε
240 786 310 827 καὶ
349 788 426 834 σύ,·
476 782 825 837 ΚΑ1.”.Εγωγε
885 786 988 826 Σῼ.
1028 783 1132 835 Περὶ
1173 782 1217 824 ὁὲ
1258 784 1425 835 ψυχην
1475 776 1507 822 ὦ
1538 781 1574 821 Β

155 854 320 904 ἄριστε,
363 848 442 904 οὐχ
482 850 505 891 6
548 847 677 898 αὐτὸς
714 851 891 901 τρόπος,·
933 865 1010 897 εως
1049 864 1126 901 ιιεν
1165 848 1218 888 (ἓν
1256 863 1423 900 πονηρα
1463 844 1504 899 ᾗ.

157 917 337 970 ἀνόητός
365 930 407 957 τε
438 912 546 957 οὖσα
575 914 645 957 καὶ
674 915 908 962 ἀκόλαστος
948 914 1013 955 καὶ
1045 914 1191 961 &druos
1220 913 1289 954 καὶ
1319 914 1504 960 ἀνόσιος,

156 983 311 1036 εἴργειν
362 977 499 1035 αὐτὴν
539 981 603 1022 δεῖ
639 983 725 1021 τῶν
773 979 1014 1033 ἐπιθυμιῶν
1054 979 1124 1019 καὶ
1163 978 1219 1032 μὴ
1271 977 1506 1030 ἐπιτρέπειν

98 1058 102 1061 ’
156 1049 242 1088 ἄλλ’
282 1049 386 1088 ἄττα
413 1050 551 1088 ποιεῖν
590 1042 617 1099 ἢ
651 1040 720 1098 (ἐφ’
753 1037 814 1086 ὧν
853 1046 1030 1097 βελτίων
1059 1042 1193 1092 ἔσταις
1236 1045 1342 1097 φῄς,
1376 1039 1400 1096 ἧ
1429 1045 1504 1091 οὕς

160 1114 296 1153 KAA.
340 1113 467 1166 Φημί.
535 1114 633 1152 ΣΩ.
678 1110 801 1151 Ου’τω
842 1112 922 1163 γάρ
964 1125 1049 1151 που
1095 1105 1201 1162 αὐτῇ
1241 1111 1419 1161 ἄμεινον
1456 1114 1506 1161 τῇ

156 1184 298 1232 ψυχῆς
330 1179 466 1217 ΚΑΛ.
511 1178 637 1217 Πάνυ
665 1190 722 1229 γε.
781 1177 882 1216 ΣΩ.
929 1171 1104 1216 Οὐκοῦν
1133 1174 1180 1214 τὸ
1211 1174 1365 1226 εἴργειν
1395 1172 1507 1214 ἐστὶν

157 1239 227 1295 αφ’
260 1243 321 1283 ὡν
351 1241 551 1295 ἐπιθυμεῖ
577 1243 790 1291 κολάζεινς
825 1243 960 1282 ΚΑΛ.
990 1241 1090 1280 Ναί.
1148 1241 1251 1280 ΣΩ.
1298 1239 1355 1279 Τὸ
1386 1240 1506 1279 κολά-

159 1311 304 1359 ζεσθαι
332 1311 415 1360 ἄρα
443 1314 493 1361 τῇ
524 1313 641 1361 ψυχῇ
670 1307 847 1360 α’μεινόν
877 1305 989 1347 ἐστιν
1017 1302 1044 1358 ἢ
1072 1305 1099 1359 ἡ
1120 1306 1339 1354 ἀκολασία,
1371 1301 1508 1355 ὥςπερ

157 1499 250 1531 einer
274 1497 440 1530 Hinsz'clzt.
488 1498 670 1530 Praeterea
702 1496 922 1529 Heindorfius
955 1497 1044 1528 coni.
1080 1493 1346 1538 ἣτοιῖναντιόν,
1382 1491 1400 1537 ἢ
1426 1493 1508 1527 κατά

157 1555 197 1587 γε
222 1556 245 1575 τ.
273 1543 300 1574 ὃ.
327 1545 352 1575 λ.
379 1543 434 1575 καὶ
460 1543 605 1574 ἔλαττον.
660 1543 747 1574 Mire
771 1542 930 1573 Fieinus:
966 1542 1079 1582 quod
1112 1552 1194 1572 non
1230 1542 1285 1572 sit
1316 1542 1508 1582 profutu-

158 1600 264 1627 rum,
300 1589 379 1620 hoe
409 1592 493 1628 est,
531 1587 629 1629 plus
662 1587 731 1618 vel
763 1588 906 1618 minus
942 1587 1011 1618 vel
1050 1587 1343 1625 eontrarium,
1386 1597 1508 1628 quam

159 1636 279 1666 iusta
303 1634 442 1666 dictat
464 1634 589 1665 ratio.

226 1680 264 1711 P.
288 1678 364 1712 505.
412 1677 521 1711 οὕτω
548 1677 619 1710 καὶ
647 1679 726 1719 ζῆν
751 1676 998 1718 μοχθηρῶς]
1025 1677 1065 1708 V.
1092 1675 1180 1708 οὕτω
1207 1677 1271 1718 ζῆν
1296 1676 1350 1707 καὶ
1377 1678 1507 1717 μοχθη-

162 1728 241 1766 ρῶς.
288 1724 410 1756 Clark.
440 1724 518 1755 Par.
550 1724 603 1755 W.
638 1721 728 1754 οὕτω
761 1723 815 1754 καὶ
850 1723 915 1764 ζῆν
947 1723 1001 1753 καὶ
1034 1723 1154 1763 Ιιιοχίἳῖ,
1186 1722 1243 1753 Sed
1276 1722 1421 1753 alterum
1452 1723 1507 1753 καὶ

159 1771 296 1812 punctis
320 1773 484 1802 notatum.
510 1769 695 1810 Receptam
719 1768 900 1799 lectionem
925 1767 1061 1799 firmant
1086 1768 1160 1799 Vat.
1187 1767 1290 1798 Coisl.
1314 1767 1399 1799 Ven.
1429 1767 1507 1798 ΞΣ.

159 1815 260 1847 Vind.
286 1815 316 1847 1.
341 1814 371 1847 2.
396 1814 427 1847 6.
451 1815 541 1846 Flor.
568 1825 601 1845 x.
626 1813 722 1845 ssodl.
748 1815 886 1844 Meerm.
913 1812 1093 1844 Iamblioh.

233 1858 403 1893 Οὐκοῦν
436 1861 504 1891 καὶ
541 1857 611 1892 τὰς
645 1857 724 1901 tim]
759 1859 812 1890 καὶ
848 1857 978 1889 addunt
1002 1858 1087 1889 Ven.
1114 1857 1194 1888 ΣΞ.
1219 1857 1322 1889 Vind.
1355 1856 1384 1890 2.
1417 1857 1508 1891 Flor.

160 1905 192 1938 d.
215 1917 258 1938 m.
283 1917 318 1938 x.
341 1904 540 1947 Aug.Bod1.
554 1906 693 1937 Meerm.
707 1909 739 1936 et
754 1903 884 1944 1amb1.,
909 1903 999 1935 unde
1024 1913 1102 1935 cum
1124 1903 1283 1934 Bekkero
1308 1903 1508 1946 recepimus.

160 2061 222 2095 ubi
245 2062 286 2094 de
308 2063 456 2094 formula
469 2060 588 2104 ὀλίγον
612 2062 668 2094 καὶ
694 2060 801 2094 οὐδέν

915 2062 954 2093 Ρ.
1001 2060 1078 2094 505.
1124 2059 1235 2092 ὅσοι
1282 2058 1507 2102 βοίλεται]

162 2109 290 2140 dietum
315 2112 376 2140 est.
402 2108 582 2140 Sententia
604 2110 710 2139 totius
734 2108 800 2139 loci

870 2106 1023 2148 Intelligi
1038 2107 1119 2138 licet
1139 2118 1186 2140 τις
1191 2117 1291 2147 ,quo
1310 2111 1423 2137 tamen
1441 2117 1509 2137 non

163 2153 247 2185 haec
287 2158 355 2185 est:
394 2153 494 2195 quid
531 2153 641 2184 enim
680 2152 802 2194 prod-

164 2204 231 2230 est
283 2199 465 2240 corpori
517 2203 700 2240 aegroto
762 2202 802 2229 et

164 2244 276 2275 male
296 2245 459 2275 affecto
481 2244 686 2285 praebere
704 2242 802 2274 mul-

164 2293 230 2320 tos
263 2289 384 2321 cibos
417 2289 615 2330 quamvis
652 2288 802 2319 iucun-

165 2334 376 2366 dissimos
430 2338 503 2365 aut
549 2337 678 2375 potus
732 2336 803 2364 aut

166 2379 294 2411 aliud
347 2379 542 2420 quidvis,
604 2377 711 2419 quod
765 2378 803 2409 ei

166 2423 426 2465 quandoque
450 2434 536 2455 non
561 2423 660 2465 plus
684 2423 803 2454 utili-

166 2470 271 2501 tatis
320 2469 485 2501 afferet
531 2479 653 2510 quam
710 2478 804 2499 eon-

166 2515 351 2546 trarium
407 2514 454 2554 (h.
501 2524 528 2544 e.
585 2524 710 2555 quam
766 2513 804 2544 ei

168 2560 336 2590 omnino
361 2558 475 2589 nihil
500 2558 742 2600 praebere),
769 2559 804 2589 si

167 2604 338 2645 quidem
383 2614 469 2635 rem
514 2608 638 2635 recte
678 2604 805 2634 aesti-

167 2660 270 2689 maS,
317 2649 395 2680 imo
450 2648 578 2680 etiam
634 2649 804 2679 minus?

167 2693 238 2725 Alii
262 2693 372 2726 aliter.

871 2163 966 2193 opus,
991 2162 1093 2192 quum
1118 2151 1316 2183 indefinitae
1346 2161 1511 2192 personae

871 2197 1075 2239 significatio
1108 2197 1176 2228 iam
1200 2197 1415 2228 contineatur
1439 2206 1511 2227 ver-

871 2243 923 2273 bis
949 2245 1120 2273 πεινῶνια
1147 2245 1281 2283 (ταγεῖν.

916 2310 953 2340 Β.
981 2309 1047 2340 καὶ
1074 2306 1124 2351 μὴ
1149 2307 1406 2349 ἐπιτρέπειν
1431 2305 1510 2339 ἄλλ’

872 2352 970 2386 ἄττα
1003 2353 1054 2396 m]
1095 2365 1233 2395 neque
1271 2354 1309 2385 ei
1341 2354 1514 2395 permit-

872 2405 982 2438 tere,
1014 2405 1058 2430 ut
1083 2399 1206 2431 aliud
1232 2398 1334 2440 quid
1359 2399 1513 2437 faciat,

872 2445 959 2476 nisi
985 2445 1144 2485 quibus
1169 2445 1255 2475 fiat
1278 2444 1446 2475 melior.

925 2508 1098 2543 Οὐκοῦν
1133 2509 1173 2542 τὸ
1209 2512 1514 2553 εἴργειν-κο-

875 2555 920 2587 λιί
933 2555 1056 2599 ξειν,·]
1082 2556 1306 2598 Hyporbaton
1322 2555 1512 2587 notandum

874 2602 931 2632 hio
963 2606 1030 2640 θεῖς
1079 2602 1160 2633 ordo
1198 2601 1380 2633 verborum
1421 2601 1512 2631 enim

875 2647 932 2677 hic
957 2651 1025 2677 est:
1057 2644 1198 2678 Ουκοῦι
1224 2644 1258 2677 τὸ
1285 2646 1420 2687 εἴργει]
1443 2643 1509 2684 οἶα

875 2692 926 2723 ὠν
952 2689 1118 2730 ἐπιθιιιεῐ
1139 2691 1207 2723 ἐστι
1233 2689 1409 2731 nonagena
