1687 2969
346 199 590 240 GORGIAS.
620 199 664 237 P.
695 201 788 236 499.
821 201 912 235 500.
943 197 1002 235 ed.
1034 196 1089 235 St.
1317 197 1395 231 255

59 313 161 360 Πῶς
181 309 262 364 γὰρ
289 313 363 359 οὕς
393 311 494 351 ΣΩ.
530 308 703 350 Οὐκοῦν
730 305 804 355 τὰς
833 306 910 360 μὲν
938 305 1117 360 χρηστὰς
1145 303 1214 345 καὶ
1242 302 1401 357 ἡδονὰς

56 376 128 418 καὶ
153 377 289 425 λύπας
316 374 387 417 καὶ
414 373 603 427 αἱρετέον
632 371 716 414 ἐστὶ
744 372 814 414 καὶ
836 369 1069 424 πρακτέον;
1103 371 1240 410 ΚΑΛ.
1272 369 1401 409 Πάνυ

57 456 118 495 γε.
173 443 276 483 EQ..
315 440 400 489 Τὰς
427 439 471 481 δὲ
499 438 689 493 πονηρὰς
717 440 790 486 οὓς
824 438 964 477 ΚΑΛ.
1007 441 1154 490 Δῆλον
1181 435 1245 488 δὴ.
1298 434 1401 474 ΣΩ.

47 503 203 548 ’Ένεκα
239 507 319 560 γάρ
356 521 442 547 που
479 508 566 546 τῶν
603 505 784 557 ἀγαθῶν
821 502 989 543 ἅπαντα
1026 502 1129 555 ἡμῖν
1156 498 1270 550 ἔδοξε
1298 514 1402 551 πρα-

58 571 182 615 κτέον
210 568 330 623 εἶναι,
360 572 395 613 εἰ
422 571 714 625 μνημονεύεις,
745 567 838 620 ἐμοί
865 582 907 608 τε
937 566 1008 607 καὶ
1039 562 1192 620 Πῶλῳ.
1223 561 1304 617 ἆρα
1333 563 1403 606 καὶ

60 637 128 679 σοὶ
167 637 370 678 συνδοκεῖ
407 636 540 685 οὕτω,
580 633 699 683 τέλος
736 630 843 674 εἶναι
881 632 1060 672 ἁπασῶν
1099 635 1184 672 τῶν
1212 632 1404 683 πράξεων

59 704 108 745 τὸ
128 703 311 756 ἀγαθόν,
340 701 412 743 καὶ
434 700 600 742 ἐκείνου
623 701 764 742 ἕνεκεν
792 700 881 740 δεῖν
908 699 1047 739 πάντα
1075 690 1205 738 τᾶλλα
1233 697 1403 748 πράττε-

61 773 186 818 σθαι,
224 765 316 809 ἀλλ’
354 767 434 808 οὐκ
475 767 610 808 ἐκεῖνο
647 768 733 806 τῶν
770 767 932 813 ἄλλους
970 765 1201 817 σύμψηφος
1237 762 1340 815 ἡμῖν
1369 757 1408 801 εἷ
1436 759 1518 801 500

61 834 132 876 καὶ
168 833 222 874 σὺ
258 833 304 875 ἐκ
338 833 513 886 τρίτωνς
556 833 691 872 ΚΑΛ.
716 826 893 883 ’Έγωγε
951 831 1052 870 ΣΩ.
1100 831 1196 869 Τῶν
1225 828 1429 881 ἀγαθῶν
1467 854 1470 855 ⁷

61 903 144 953 ἄρα
174 897 296 941 ἕνεκα
325 898 389 939 δεῖ
414 897 485 939 καὶ
512 890 643 938 τᾶλλα
671 895 741 937 καὶ
767 894 818 936 τὰ
846 893 950 948 ἡδέα
977 896 1197 947 πράττειν,
1239 888 1324 934 ἀλλ’
1355 894 1407 934 οὐ

61 961 231 1018 τάγαθὰ
265 967 352 1005 τῶν
386 962 535 1018 ἡδέων.
594 963 731 1003 ΚΑΛ.
774 962 902 1001 Πάνυ
939 975 998 1014 γε.
1067 962 1168 1001 ΣΩ.
1202 952 1297 1011 ³A9'
1328 955 1408 1000 οὖν

62 1031 221 1080 παντὸς
243 1030 400 1083 ἀνδρός
423 1028 535 1070 ἐστιν
556 1026 817 1078 ἐκλέξασθαι,
846 1030 950 1067 ποῖα
981 1027 1126 1079 ἀγαθὰ
1155 1028 1242 1066 τῶν
1270 1023 1408 1079 ἡδέων

64 1095 149 1137 ἐστὶ
175 1094 243 1137 καὶ
275 1095 402 1137 ὁποῖα
430 1094 553 1145 κακοί,
581 1093 607 1146 ἢ
636 1099 830 1147 τεχνικοῦ
860 1093 925 1134 δεῖ
951 1092 1009 1140 εἰς
1038 1091 1237 1140 ἔκαστονς
1271 1093 1407 1132 ΚΑΛ.

72 1164 289 1215 Τεχνικοῦ.

149 1227 256 1285 Cap.
286 1227 379 1269 LV.
438 1226 535 1265 ΣΩ.
559 1218 931 1277 Ἀναμνησθῶμεν
950 1223 1001 1277 δὴ
1024 1238 1085 1264 ων
1111 1219 1166 1264 αὖ
1193 1222 1274 1276 ἐγὼ
1303 1223 1410 1275 πρὸς

66 1297 225 1336 Πῶλον
262 1293 333 1336 καὶ
362 1294 550 1347 Γοργίαν
590 1291 823 1346 ἐτύγχανον
863 1290 1010 1344 λέγων.
1049 1289 1194 1344 ἔλεγον
1228 1292 1334 1345 γάρ,
1376 1292 1410 1332 εἰ

65 1440 155 1473 Flor.
180 1441 212 1475 b.
237 1439 334 1473 Bodl.
358 1440 499 1472 Meerm.
542 1438 763 1471 Heindorfius
793 1438 880 1470 duce
910 1438 1030 1470 Fieino
1062 1438 1149 1470 coni.
1179 1432 1249 1479 ἆρα
1281 1438 1410 1471 τούτων

65 1486 102 1518 αἱ
125 1486 189 1525 μὲν
214 1483 267 1528 ὑγ.
291 1488 452 1517 ποιοῦσαι
476 1497 504 1516 κ.
530 1497 555 1516 τ.
578 1487 616 1521 λ.,
642 1484 732 1526 quod
755 1484 883 1526 recepit.
904 1495 1014 1526 nuper
1037 1485 1224 1516 Hermann.

135 1533 174 1563 E.
222 1531 289 1562 καὶ
316 1530 465 1562 ἐκεῖνο
477 1542 496 1561 υ
525 1530 678 1561 ἕνεκεν
704 1529 819 1572 δεῖν]
846 1530 886 1560 V.
912 1529 1022 1561 ἕνεκα.
1058 1531 1242 1571 Receptam
1268 1531 1411 1572 scriptu—

66 1587 138 1608 ram
167 1576 330 1608 debemus
362 1576 479 1608 Clark.
510 1576 586 1607 Vat.
620 1575 723 1607 Coisl.
748 1576 835 1606 Ven.
862 1574 938 1606 ΞΣ.
976 1575 1077 1606 vind.
1102 1574 1132 1607 1.
1157 1574 1187 1607 2.
1213 1575 1243 1608 6.
1270 1574 1299 1608 7.
1333 1578 1409 1610 Par.

65 1623 120 1654 IV
132 1622 187 1655 W.
215 1622 308 1655 Flor.
332 1622 364 1653 b.
389 1621 420 1653 d.
444 1620 542 1653 Bodl,
575 1621 663 1653 conf.
686 1631 717 1663 p.
741 1619 816 1653 468.
842 1621 883 1652 A.

69 1761 230 1790 ποιοῦσαι
260 1761 293 1789 et
323 1757 360 1789 εἶ’
385 1755 469 1796 ἄρα,
506 1757 604 1789 euius
634 1767 706 1788 mu·
820 1757 859 1788 E.

68 1803 195 1835 tandae
240 1803 477 1835 necessitatem
523 1813 567 1834 ne
615 1813 706 1833 nunc

71 1848 207 1891 quidem
230 1848 455 1891 intelligimus
470 1848 589 1880 ullam.
624 1848 705 1880 Sen-

916 1756 1040 1798 ἔδοξε
1089 1757 1311 1799 πρακτέον
1354 1753 1410 1791 εἶ-

778 1814 843 1833 ναι
868 1801 931 1845 -]
957 1803 1102 1844 Respice
1126 1815 1158 1845 p.
1182 1803 1258 1837 468.
1284 1805 1321 1836 O.

818 1848 856 1879 P.
887 1846 963 1880 500.
1027 1848 1261 1891 σύμψηφος
1310 1847 1411 1892 ἡμῖν

70 1895 178 1926 tentia
211 1895 302 1925 enim
330 1893 466 1926 videtur
495 1893 580 1925 haee
612 1904 704 1925 esse:

69 1941 174 1973 Num
205 1940 348 1982 igitur
370 1938 624 1971 huiusmodi
649 1938 705 1970 di—

72 1985 137 2017 eis
152 1985 421 2026 voluptates,
444 1985 584 2016 veluti
603 1995 707 2026 quas

72 2030 190 2062 modo
222 2029 467 2062 dicebamus
492 2031 639 2062 inesse
664 2031 706 2061 in

73 2074 260 2107 bibendo
275 2079 315 2107 et
334 2074 511 2115 edendo,
536 2076 571 2107 si
594 2075 706 2107 forte

72 2122 257 2152 istarum
312 2130 420 2161 quae
467 2122 707 2152 sanitatem

72 2167 116 2198 in
155 2175 339 2207 corpore
369 2168 442 2197 aut
470 2165 602 2197 robur
632 2171 709 2197 aut

74 2211 204 2243 aliam
229 2211 472 2253 quampiam
494 2211 708 2242 virtutem

76 2258 275 2298 eorporis
337 2255 564 2296 efficiunt,
634 2266 708 2287 eae

73 2302 218 2334 bonae
264 2306 379 2341 sunt,
422 2311 528 2342 quae
567 2306 708 2333 autem

77 2347 287 2379 efficiunt
306 2348 410 2378 istis
433 2347 709 2386 eontrarium,

74 2392 232 2424 malae?
257 2392 325 2432 Qui
347 2395 483 2424 ποιοῦσι
502 2392 711 2434 scripserunt

74 2449 144 2469 non
195 2436 354 2469 videntur
408 2437 621 2469 intellexisse
667 2437 710 2469 ad

75 2481 211 2526 ἀγαθαί
246 2487 279 2514 et
317 2485 420 2514 κακαί
449 2482 710 2525 intelligendum

77 2528 225 2569 relinqui
255 2527 365 2564 εἰσιν,
398 2528 489 2569 quod
521 2539 563 2560 ex
588 2528 623 2560 εί
644 2525 710 2567 ἄρα

78 2573 233 2616 pendeat,
256 2584 366 2614 neque
383 2573 475 2605 istud
491 2573 526 2605 εἰ
541 2571 607 2614 ἄρα
622 2579 710 2605 recte

76 2619 277 2661 percepisse.
315 2618 381 2650 Sed
397 2618 561 2660 quidquid
577 2619 626 2650 rei
649 2624 710 2658 est,

78 2669 166 2696 certe
198 2674 283 2705 quae
315 2668 462 2695 tentatae
489 2669 569 2695 sunt
592 2664 711 2695 verbo-

77 2720 151 2742 rum
174 2709 399 2748 mutationes,
430 2710 568 2741 omnino
591 2720 711 2751 parum

77 2755 222 2796 placent.

774 1890 914 1925 εἶκαὶ
943 1890 1060 1925 obdu
1088 1893 1280 1937 τρι’των;]
1314 1896 1358 1928 H.
1383 1906 1412 1927 e.

773 1939 868 1980 ipse
894 1940 1054 1971 tertius
1078 1945 1249 1981 praeter
1272 1951 1332 1973 me
1357 1946 1412 1973 at-

776 1995 855 2025 que
880 1984 1037 2016 Polum.
1084 1986 1173 2027 Apte
1196 1987 1412 2018 Routhius

775 2031 985 2071 comparavit
1016 2031 1171 2072 Sympos.
1202 2042 1233 2073 p.
1261 2030 1337 2064 213.
1363 2033 1413 2070 B„

775 2076 835 2106 ubi
866 2075 934 2106 vid.
967 2082 1082 2107 annot.
1140 2077 1298 2109 Ceterum
1323 2077 1413 2118 quod

776 2120 932 2152 Socrates
979 2121 1066 2152 hanc
1111 2122 1413 2165 interrogationem

776 2166 891 2204 iterat,
951 2176 1088 2206 prorsus
1143 2167 1260 2199 eodem
1313 2168 1414 2199 modo

776 2211 915 2256 Menon.
946 2221 978 2256 p.
1004 2209 1055 2243 71.
1088 2212 1133 2242 B:
1177 2210 1197 2255 ἢ
1230 2211 1331 2245 δοκεῖ
1362 2224 1414 2245 σοι

777 2254 855 2287 οἰόν
879 2267 912 2286 τε
935 2258 1043 2294 εἰναι,
1079 2256 1165 2290 ὅςτις
1191 2258 1346 2290 ΑΜένωνα
1370 2256 1414 2301 μὴ

776 2301 959 2342 γιγνώσκει
972 2319 1025 2336 -,
1051 2305 1172 2333 τοῦτον
1186 2302 1326 2340 εἰδέναι,
1345 2305 1415 2336 εἴτε

778 2345 877 2379 καλὸς
909 2347 978 2378 εἴτε
1010 2346 1171 2381 πλούσιος
1196 2368 1240 2372 -
1264 2350 1334 2381 εἴτε
1358 2350 1412 2381 καὶ

779 2389 940 2437 τάναντία
966 2390 1109 2426 totilam:
1142 2392 1236 2425 δοκεῖ
1259 2405 1311 2427 σοι
1336 2393 1415 2427 οἷόν

781 2434 802 2467 τ’
842 2438 952 2474 εἰιάι,·
1006 2443 1039 2469 et
1085 2441 1275 2471 sexcenties
1321 2440 1416 2473 alibi.

778 2483 945 2524 Exempla
983 2482 1077 2515 dabit
1108 2485 1337 2518 Heindorf.
1373 2486 1416 2518 ad

778 2528 950 2559 Charmid.
975 2529 1005 2567 ἓ.
1026 2527 1079 2561 33.

825 2600 929 2627 ποῖα
953 2593 1095 2639 ἀγαθὰ
1120 2617 1163 2621 —
1188 2599 1256 2630 καὶ
1284 2596 1415 2630 ὁποῖα

780 2640 903 2684 κακά]
930 2642 1008 2674 Vid.
1033 2643 1075 2674 ad
1100 2643 1228 2675 Criton.
1249 2655 1281 2685 p.
1300 2642 1353 2678 48.
1373 2646 1415 2675 A.

824 2709 905 2751 Cap.
939 2710 1010 2743 LV.
1067 2709 1314 2753 ἐτύγχανον
1358 2711 1414 2743 λέ-

778 2754 881 2797 γων]
909 2755 984 2788 vid.
1010 2766 1040 2797 p.
1066 2755 1140 2788 464.
1169 2757 1206 2790 B.
1233 2767 1326 2798 seqq.
