1687 2969
485 194 728 234 GORGIAS.
759 195 802 232 P.
835 197 926 232 518.
957 195 1016 232 ed.
1048 195 1103 233 St.
1391 198 1468 233 315

115 302 344 355 γεγόνασιν
368 298 401 356 ἢ
429 302 507 344 εἰσὶ
534 305 742 357 σωμάτων
769 304 1052 356 θεραπευταί,
1091 302 1228 357 ἔλεγές
1256 319 1328 357 μοι
1355 304 1471 345 πάνυ

116 367 388 419 σπουδάζων,
454 369 645 421 Θεαρίων
697 369 721 410 6
770 364 1006 421 αρτοκόπος
1056 367 1127 409 καὶ
1176 369 1401 417 Μιθαικος
1448 369 1471 409 6

116 431 195 486 τὴν
245 433 478 481 ὀψοποιίαν
527 432 836 487 συγγεγραφώς
884 450 962 488 την
1002 431 1231 487 Σικελικὴν
1278 433 1348 474 καὶ
1384 434 1470 475 Σά-

117 499 280 552 ραμβος
308 499 332 540 6
360 499 563 552 κάπηλος,
603 496 662 540 ὅτι
695 501 815 540 οὑτοι
842 500 1077 553 θαυμάσιοι
1106 501 1305 553 γεγόνασι
1334 500 1469 553 σωμά-

117 578 204 604 των
231 565 513 616 θεραπευταί,
557 564 580 605 6
608 564 686 617 μὲν
714 567 870 617 ἄρτους
899 565 1179 616 θαυμαστους
1206 565 1469 616 παρασκευά-

118 631 212 679 ζων,
254 628 277 670 6
306 628 350 670 δὲ
379 632 508 678 ὄψον,
548 629 571 670 6
603 629 647 670 δὲ
676 626 811 671 οἶνον.
869 630 975 688 Cap.
1007 631 1217 673 LXXIV.
1265 626 1387 677 Ἴσως
1416 628 1469 669 ἂν

118 692 199 738 οὖν
217 696 476 750 ἠγανάκτεις,
507 697 545 738 εἴ
567 707 631 739 σοι
662 695 808 751 ἔλεγον
838 696 932 750 ἐγώ,
964 694 1027 738 ὅτι
1047 693 1284 749 ’Ἀνθρωπε,
1314 696 1470 746 ἐπαϊεις

118 756 246 803 οὐδὲν
283 761 380 814 περὶ
413 769 727 816 γυμναστικῆς·
770 763 998 811 διακόνους
1027 777 1099 815 μοι
1127 761 1258 815 λέγεις
1287 762 1356 803 καὶ
1386 761 1469 803 ἐπι-

118 828 291 880 θυμιῶν
315 829 664 880 παρασκευαστὰς
686 823 961 880 ἀνθρώπους,
993 823 1072 868 οὐκ
1093 826 1317 875 ἐπαΐοντας
1337 828 1470 869 καλὸν

119 889 322 944 κάγαθὸν
361 892 488 933 οὐδὲν
515 893 610 945 περὶ
641 893 809 939 αὐτῶν,
850 893 903 941 οῖ’,
936 892 989 933 ἂν
1018 892 1129 933 οὕτω
1158 893 1363 945 τύχωσιν,
1403 891 1469 946 ε’μ-

118 958 354 1010 πλήσαντες
391 957 463 998 καὶ
502 959 766 1011 παχύνειντες
805 957 855 999 τὰ
891 953 1064 1011 στόματα
1094 961 1179 999 τῶν
1211 956 1469 1011 ἀνθρώπων,

120 1020 421 1075 ἐπαινούμενοι
450 1019 523 1064 ὑπ’
556 1024 709 1073 αὐτων,
753 1026 1099 1104 προςαπολοῠσιν
1128 1024 1271 1064 αὐτῶν
1299 1023 1369 1065 καὶ
1397 1024 1471 1072 τὰς

120 1087 298 1141 άρχαίας
324 1088 567 1140 σάρκας.οἱ
589 1086 630 1130 6⁷
652 1085 706 1130 αὖ
729 1089 782 1130 δι
813 1089 1007 1140 α’πειριαν
1037 1090 1089 1131 οὐ
1117 1089 1216 1137 τοὺς
1246 1088 1471 1137 ἕστιωντας

119 1154 381 1195 αἰτιάσονται
416 1156 501 1194 τῶν
537 1155 679 1195 νόσων
715 1155 876 1203 αἰτίους
916 1151 1023 1195 εἶναι
1052 1171 1121 1196 και
1150 1161 1223 1208 τῆς
1252 1155 1470 1209 αποβολῆς

119 1274 269 1312 starum,
304 1272 362 1313 qui
392 1281 468 1305 voe.
494 1269 688 1313 ἀρτοκόπος
711 1273 824 1304 minus
848 1271 1062 1314 probandum
1088 1283 1161 1304 esse
1186 1271 1322 1312 dicunt;
1354 1272 1414 1305 sed
1437 1283 1468 1307 v,

118 1316 270 1348 Lobeck.
297 1316 341 1348 ad
364 1317 490 1359 Phryn.
508 1328 540 1359 p.
557 1316 632 1350 222.
671 1318 799 1350 Osann.
824 1318 866 1350 ad
890 1318 1081 1350 Philemon.
1106 1328 1137 1360 p.
1166 1317 1240 1350 164.
1273 1317 1467 1350 Schneider.

118 1361 161 1394 ad
185 1362 341 1403 Xenoph.
366 1362 502 1394 Hellen.
530 1363 588 1402 IV,
613 1362 645 1402 4,
670 1361 724 1395 21.

188 1407 225 1439 C.
275 1404 410 1439 οὐδὲν
435 1408 535 1449 περὶ
561 1405 723 1451 αὐτῶν]
749 1406 834 1440 οὐδὲ
859 1409 937 1440 Vat.
960 1409 1037 1440 Par.
1064 1408 1227 1441 BCFW.

188 1454 547 1493 προςαπολοῦσιν
583 1451 740 1496 αἰτῶν]
789 1453 846 1486 Sic
880 1453 995 1486 Clark.
1030 1454 1108 1486 Vat.
1142 1453 1234 1486 Flor.
1265 1464 1298 1487 x.

118 1496 464 1542 προςαπολλύουσιτ

187 1543 230 1574 D.
277 1542 319 1574 οἱ
349 1540 377 1574 δ’
412 1543 463 1574 αὖ
500 1541 546 1574 δι’
579 1541 807 1587 ἀπειρίαν]
843 1543 877 1575 σί
909 1541 936 1575 δ’
972 1538 1035 1575 οὖν
1067 1543 1184 1586 steph.
1217 1554 1296 1576 cum
1327 1544 1404 1577 Par.
1429 1544 1469 1576 E.

1354 1453 1469 1497 Vulgo

118 1653 260 1695 finitam,
284 1653 424 1697 perinde
442 1665 481 1686 ac
506 1655 534 1686 si
555 1655 758 1687 Germanice

120 1699 234 1731 dicas.
227 1711 234 1717 ·
261 1709 293 1731 es
307 1699 392 1731 habe
409 1700 550 1742 tzichtiqe
565 1700 638 1732 und
657 1700 758 1732 braz-e

119 1744 225 1776 Leuce
238 1744 288 1776 als
303 1743 591 1777 Staatsmitnner'
578 1756 625 1776 zm
640 1743 759 1777 Staate

115 1789 397 1832 9eqeben.1nfra
420 1801 451 1832 p.
475 1789 553 1824 518.
576 1791 622 1822 E:
652 1790 757 1834 ἐγκω-

119 1833 248 1876 μιάζεις
271 1833 500 1877 ἀνθρώποις,
528 1836 567 1867 οἵ
587 1848 616 1867 κ.
642 1848 667 1867 τ.
692 1837 717 1867 λ.

164 1926 203 1957 B.
251 1922 546 1965 ὁμοιοτάτους
583 1928 756 1965 προτεί-

123 1971 286 2002 νεσθαι
311 1989 352 1994 -
378 1969 518 2011 ὥςπερ
551 1969 602 2002 ἂν
633 1971 673 2003 εἰ
696 1971 756 2014 -]

121 2015 232 2057 Supra
254 2027 286 2057 p.
311 2014 387 2048 479.
412 2017 462 2048 A:
499 2013 534 2047 τὸ
568 2014 652 2048 αὐτὸ
686 2015 757 2048 δια-

123 2060 357 2103 πεπραγμένοι
389 2061 475 2097 εἰσί,
511 2060 623 2102 ὥςπερ
657 2059 702 2093 ἂν
726 2062 763 2093 εἴ

123 2117 169 2139 τις
186 2110 255 2139 τοῖς
272 2108 440 2148 μεγίστοις
459 2106 626 2148 νοσήμασι
643 2119 669 2138 κ.
688 2119 711 2137 τ.
731 2108 757 2138 λ.

120 2150 205 2182 Ibid.
220 2162 252 2193 p.
266 2149 342 2183 485.
356 2152 400 2182 B:
423 2149 625 2190 ὁμοιότατον
641 2151 757 2192 πάσχω

123 2195 212 2236 πρὸς
236 2193 313 2229 τοὺς
340 2198 619 2235 φιλοσοφοῦντας
644 2195 756 2236 ὥσπερ

123 2240 210 2282 πρὸς
250 2239 328 2274 τοὺς
368 2241 568 2282 υελλιςοαει
571 2253 642 2275 013
688 2243 759 2273 Xe-

120 2286 243 2328 noph.
280 2287 435 2329 Sympos.
471 2287 522 2326 ΙΙ,
552 2285 612 2318 37:
662 2285 759 2325 ὅμοια

121 2343 186 2386 γᾳρ
213 2342 267 2369 μοι
292 2331 432 2363 δοκοῦσί
457 2342 612 2372 Τίαῦχόίῐ),
645 2330 757 2371 ὥέπέθ

122 2376 159 2407 εἰ
185 2387 231 2409 τις
262 2388 290 2407 κ.
322 2388 346 2408 τ.
380 2378 405 2408 λ.
444 2396 488 2400 ——
533 2377 585 2409 De
625 2377 759 2408 Thea-

121 2421 243 2452 rione
276 2421 402 2462 pistoie
437 2422 658 2454 celeberrimo
691 2422 758 2453 vid.

123 2467 254 2507 Toup.
286 2466 360 2497 Em.
392 2468 427 2498 in
463 2467 556 2499 Suid.
588 2467 614 2500 Ι.
646 2477 677 2508 p.
706 2466 758 2499 12.

122 2511 174 2542 De
205 2511 450 2544 Mithaeco
475 2512 694 2554 Syracusano
727 2517 760 2543 et

123 2555 357 2587 Sarambo
394 2556 481 2588 dixit
516 2558 680 2589 Davis.
717 2557 760 2589 ad

122 2601 215 2632 Max.
241 2602 323 2642 Tyr.
347 2601 407 2641 IV,
431 2601 462 2634 5.

168 2689 250 2732 Cap.
282 2690 439 2722 LXXIV.
488 2691 526 2723 O.
580 2703 759 2732 παρασκ.

123 2732 415 2779 ἀνθρώπους]
457 2737 522 2769 Per
551 2742 760 2770 contemtum

827 1653 847 1687 εἶ
856 1654 1001 1695 νθρώπο
1009 1667 1046 1689 vs
1055 1655 1202 1695 additur,
1212 1666 1278 1687 usu
1287 1656 1469 1697 frequenti,

828 1711 926 1742 quem
958 1705 1036 1742 post
1059 1701 1317 1733 Valekenar.
1342 1702 1469 1732 Annot.

829 1747 916 1778 eritt.
947 1746 984 1777 in
1015 1746 1081 1778 loe.
1113 1746 1153 1778 N.
1183 1747 1224 1778 T.
1255 1757 1287 1788 p.
1312 1744 1388 1780 336.
1421 1751 1469 1778 at-

826 1792 906 1833 tigit
936 1802 1045 1832 nuper
1076 1792 1178 1823 etiam
1203 1792 1401 1823 Bremius
1426 1791 1469 1823 ad

827 1837 909 1878 Lys.
931 1847 963 1878 p.
986 1835 1063 1869 270.
1107 1837 1268 1868 Proxima
1292 1837 1343 1868 sio
1366 1837 1469 1868 inter-

827 1886 1012 1924 pretamur:
1063 1882 1158 1923 qui,
1199 1883 1234 1913 si
1272 1882 1364 1913 fors
1402 1883 1468 1914 ita

828 1928 965 1967 ferat,
1007 1930 1241 1968 postquam
1280 1937 1468 1969 corpora

827 1972 1050 2004 hominum
1099 1972 1215 2004 cibis
1266 1973 1467 2014 potulen-

828 2018 975 2059 tisque
1015 2017 1292 2049 satiaverint
1330 2023 1369 2049 et
1409 2028 1469 2049 sa-

827 2063 1103 2105 ginaverint‚
1127 2063 1311 2104 insuper
1335 2063 1466 2094 etiam

828 2109 883 2139 iis
943 2108 1165 2149 pristinas
1217 2108 1469 2149 pessumda-

828 2153 934 2184 bunt
956 2163 1124 2191 carnes,
1149 2153 1241 2184 dum
1261 2152 1468 2185 laudibus

828 2197 878 2230 ab
918 2198 1028 2238 ipsis
1065 2198 1321 2229 efferantur.
1378 2198 1468 2238 Quid

827 2243 909 2274 mali
924 2242 1146 2285 significetur,
1163 2248 1305 2284 apparet
1320 2253 1361 2274 ex
1377 2244 1407 2282 ξ.
1419 2244 1465 2275 Ε.

827 2288 877 2319 ὅτι
913 2287 952 2319 δὲ
987 2287 1081 2320 οἰδεῖ
1113 2288 1168 2319 καὶ
1201 2286 1351 2321 ύπουλός
1386 2287 1467 2320 ἐστι.

828 2332 881 2365 Ad
920 2330 966 2364 ἂν
1004 2330 1093 2365 οὕτω
1130 2331 1276 2374 τύχωσιν
1307 2334 1469 2365 letieetur

829 2375 1050 2420 ποιήσαντεςς
1100 2389 1133 2409 v.
1173 2378 1217 2410 ad
1252 2389 1283 2420 p.
1317 2377 1393 2410 514.
1426 2379 1466 2413 E.

828 2424 910 2454 Mox
936 2424 1295 2463 προςαπολοῦσιν
1315 2428 1383 2455 est:
1409 2424 1468 2455 in-

829 2478 904 2509 sup
915 2479 957 2499 er
979 2469 1227 2510 (praeterquam
1241 2469 1331 2510 quod
1345 2479 1466 2511 corpus

827 2513 916 2544 male
940 2514 1188 2555 saginaverint)
1216 2524 1237 2555 p
1248 2524 1265 2545 e
1275 2525 1290 2545 s
1302 2525 1317 2545 s
1328 2524 1391 2545 um
1403 2514 1423 2545 d
1434 2525 1466 2545 a-

828 2557 948 2589 bunt.
980 2577 1022 2581 —
1059 2559 1254 2591 Dictionem
1287 2558 1471 2590 αἰτιᾶσθαί

829 2614 902 2634 τινα
927 2603 1037 2635 αι”τιον
1069 2599 1159 2635 εἶναι
1191 2603 1357 2645 exemplis
1389 2604 1467 2635 illu-

827 2652 978 2680 strarunt
1014 2649 1246 2681 Heindorf.
1287 2648 1331 2680 ad
1368 2649 1401 2680 h.
1443 2649 1466 2680 l.

829 2692 995 2725 Iacobs.
1018 2694 1131 2726 Addit.
1149 2695 1182 2725 in
1200 2694 1324 2725 Athen.
1339 2704 1371 2735 p.
1390 2693 1466 2726 188.

828 2738 880 2771 Cf.
904 2743 1022 2772 nostra
1045 2739 1088 2772 ad
1112 2738 1246 2771 Phileb.
1269 2749 1302 2782 p.
1321 2738 1376 2772 22.
1400 2740 1443 2773 D.
